3280 5070
539 403 576 420 ..
597 372 659 433 575
680 405 717 418 -

52 503 86 546 en
104 494 202 568 parca
225 477 361 566 effrem
376 475 650 568 praedestinatio
666 475 793 546 habeat
814 476 970 568 aliquam
994 496 1146 544 oaumm.
1164 475 1213 546 Et

52 588 106 656 hoc
120 594 172 656 est
187 607 363 679 quaerere,
379 591 498 654 utrum
513 585 607 654 Deus
619 583 935 674 praedestinaverit
947 586 1005 669 (en
1017 587 1211 672 respectum

50 693 180 762 divinae
203 693 431 781 voluntatis),
451 716 486 762 se
507 693 672 762 daturum
695 693 857 760 effectum
882 689 1214 781 praedestinationis

50 802 206 889 (gratiam
232 811 268 870 et
297 801 463 890 gloriam)
493 800 603 870 alicui
633 804 774 889 propter
804 798 925 890 aliqua
957 797 1093 867 merita.
1112 825 1127 860 n
1146 797 1212 865 His

49 908 229 998 suppositis
252 909 528 978 demonstramus
551 907 689 976 thesim.

106 1014 186 1085 Sine
210 1014 287 1084 ulla
318 1015 539 1084 dubitatione
570 1015 666 1084 Dens
696 1035 737 1082 ea
768 1013 877 1098 dona,
903 1035 991 1104 quae
1018 1013 1153 1082 confert
1175 1013 1212 1081 in

48 1129 187 1212 tempore
204 1121 314 1190 nullis
327 1121 613 1212 praecedentibus
626 1121 773 1204 meritis,
787 1120 895 1188 etiam
908 1121 952 1188 ab
963 1126 1103 1189 aeterno
1118 1141 1213 1210 prae·
1354 1169 1359 1181 .

48 1229 176 1317 paravit
187 1228 396 1298 conferenda
412 1227 477 1297 hoc
493 1227 603 1312 modo,
618 1228 677 1296 i.e.
693 1250 734 1296 ex
747 1227 860 1295 nullis
876 1225 1011 1296 meritis
1024 1225 1209 1316 praevisis.

48 1333 108 1416 Qui
129 1358 214 1425 ergo
237 1335 428 1404 universim
452 1342 615 1425 negaret,
641 1335 795 1425 gratiam
818 1334 1073 1425 praedestinari
1096 1355 1117 1401 a
1139 1333 1212 1403 Deo

46 1441 193 1528 gratuito
216 1449 255 1510 et
269 1439 380 1508 nullis
402 1439 534 1510 nostris
558 1440 693 1510 meritis
716 1440 901 1531 praevisis,
919 1461 958 1508 eo
974 1440 1050 1528 ipso
1073 1438 1212 1508 doceret

46 1548 187 1636 gratiam
203 1547 304 1616 reddi
319 1547 455 1616 meritis
471 1547 645 1633 humanis,
664 1569 705 1618 ec
721 1546 864 1638 proinde
879 1569 948 1615 uon
963 1569 1038 1616 esse
1058 1548 1210 1636 gratiam

46 1654 95 1722 sed
125 1655 327 1723 mercedem.
353 1653 447 1723 Hinc
469 1660 587 1744 patet,
613 1677 676 1723 cnr
699 1659 736 1722 et
758 1677 826 1746 qno
850 1675 953 1722 sensu
983 1653 1211 1742 Augustinus

44 1760 305 1851 disputationem
333 1769 455 1831 eontra
478 1761 687 1851 Pelagianos
701 1767 740 1830 et
755 1759 1054 1851 semipelagianos
1070 1761 1209 1851 potissi·

44 1891 124 1936 num
145 1869 184 1937 in
208 1868 311 1938 libris
333 1869 376 1938 de
399 1868 577 1938 Praedest.
597 1867 660 1938 SS.
678 1867 772 1938 etde
795 1868 893 1936 Dono
917 1890 1053 1958 persev.
1071 1867 1211 1937 tandem

44 1976 255 2046 revocaverit
277 1978 321 2045 ad
345 1977 618 2047 controversiam
633 1975 675 2046 de
692 1977 852 2068 gratuita
878 1975 1206 2067 praedestinatione.

99 2087 149 2154 At
161 2107 247 2155 vero
258 2085 350 2178 qnod
362 2087 400 2156 in
412 2086 506 2156 thesi
518 2085 742 2172 affirmamus,
757 2110 826 2155 non
837 2085 902 2156 hoo
914 2109 983 2154 nno
995 2084 1207 2154 absolvitur.

45 2191 150 2284 Neque
165 2193 258 2262 enim
275 2193 387 2262 solum
403 2193 564 2279 dicimus,
579 2215 620 2262 ex
634 2193 795 2283 gratuita
810 2191 995 2262 collatione
1007 2191 1045 2260 in
1056 2197 1211 2281 tempore

46 2299 158 2370 inferri
180 2301 377 2370 necessario
393 2302 589 2391 gratuitam
617 2299 916 2391 praeparationem
932 2300 968 2368 in
985 2298 1207 2368 aeternitate:

45 2407 96 2476 sed
110 2409 231 2478 ordina
248 2409 353 2478 etiam
378 2410 518 2479 inverso
541 2409 751 2477 affirmamus
773 2430 816 2477 ex
840 2409 1001 2498 gratuita
1024 2429 1208 2498 praepara-

44 2513 126 2583 tione
149 2515 252 2584 iuxta
285 2516 428 2584 Petrum
452 2514 647 2585 doctrinam
671 2515 739 2584 rite
762 2515 922 2584 concludi
947 2513 991 2582 ad
1014 2513 1208 2604 gratuitam

44 2619 250 2692 donationem
274 2623 312 2692 in
334 2629 498 2713 tempore;
516 2631 553 2692 et
579 2622 656 2692 ideo
671 2623 776 2691 etiam
793 2621 959 2692 musicis
976 2621 1102 2706 omnia,
1121 2643 1208 2713 quae

44 2729 233 2820 intempore
246 2731 474 2800 conferuntur
488 2729 623 2800 meritis
638 2729 935 2813 antecedentibus,
946 2729 1208 2819 praedestinata

44 2859 106 2906 esse
127 2840 171 2906 ab
195 2844 336 2906 aeterno
358 2861 400 2906 ex
424 2837 597 2928 praevisis
620 2837 743 2906 iisdem
772 2837 920 2922 meritis,
938 2837 1022 2906 adeo
1050 2843 1092 2905 ut
1113 2837 1209 2906 Deus

45 2965 101 3011 non
122 2945 194 3014 alio
223 2945 344 3014 ordine
360 2945 451 3014 dona
466 2966 531 3013 sna
546 2947 704 3014 conferat
719 2944 756 3012 iu
773 2949 924 3034 tempore
940 2942 997 3013 vel
1013 2967 1056 3014 ex
1074 2944 1209 3013 meritis

45 3052 92 3120 vel
113 3049 252 3122 omnino
274 3053 444 3143 gratuito,
470 3075 572 3146 qnam
596 3075 637 3122 ee
659 3051 978 3143 praedestinaverit
994 3053 1038 3120 ab
1053 3057 1205 3122 aeterno.

45 3158 262 3232 conficiemus
284 3160 321 3230 id
344 3160 560 3252 potissimum
589 3182 631 3229 ex
663 3159 776 3250 ipsius
806 3159 1004 3249 Augustini
1035 3159 1205 3244 doctrina,

47 3268 195 3356 quoniam
218 3275 260 3336 ea
283 3269 356 3337 fere
379 3267 453 3336 solt
483 3266 679 3336 adversarii
704 3267 836 3336 moveri
863 3266 995 3354 solent;
1022 3289 1209 3337 consensus

46 3373 181 3443 eborum
205 3373 351 3442 Petrum
368 3375 404 3442 in
422 3373 486 3443 hoc
502 3373 714 3464 principium
730 3373 1027 3442 demonstrabitur
1044 3373 1206 3459 inferius,

46 3481 96 3548 ubi
117 3503 259 3573 agemus
282 3481 324 3551 de
347 3481 664 3571 praedestinatione
691 3481 735 3548 ad
762 3480 924 3570 gloriam,
941 3488 1063 3574 estque
1092 3481 1123 3551 is
1146 3503 1208 3572 per

47 3609 76 3656 se
95 3589 145 3658 ita
166 3589 299 3674 clarus,
324 3591 425 3658 utin
448 3589 592 3658 dubium
617 3589 736 3658 vocari
760 3612 827 3657 non
852 3588 975 3678 possit.

103 3696 145 3764 1⁰.
163 3697 273 3767 quta
295 3695 537 3786 Augustinum
555 3695 1139 3788 praedestinatioquorumcumque
1154 3694 1208 3763 dc

48 3825 166 3890 uorum,
185 3813 222 3874 et
238 3827 355 3874 eornm
372 3803 514 3874 collatio
531 3827 592 3874 sen
608 3803 686 3894 ipsa
708 3803 777 3872 iam
804 3802 983 3872 exsecutio
1011 3823 1079 3870 non
1102 3801 1208 3871 aliter

48 3909 214 3998 differunt,
234 3935 337 4006 quam
354 3922 395 3982 nt
411 3936 503 3982 unns
527 3918 628 3983 actus
653 3913 847 3982 voluntatis
871 3912 1012 3981 divinae
1029 3915 1209 4001 spectatus

48 4019 303 4092 inacternitate
327 4045 404 4092 cum
436 4020 677 4090 connotatione
708 4021 822 4111 operis
845 4021 983 4111 gratiae
1013 4019 1147 4104 futuri,
1173 4026 1210 4088 et

50 4131 135 4197 actus
156 4129 247 4199 idem
270 4152 348 4197 oum
372 4127 615 4198 connotatione
631 4127 783 4198 eiusdem
808 4128 922 4219 operis
950 4126 1099 4217 gratiae,
1117 4125 1208 4218 quod

51 4229 107 4298 iam
120 4235 269 4304 efficitur
284 4235 322 4303 in
338 4233 526 4326 praesenti.
541 4234 655 4326 Atqui
671 4234 816 4304 evidens
831 4239 897 4318 est,
916 4255 984 4302 non
999 4232 1071 4301 alio
1087 4233 1208 4302 ordine

50 4334 126 4408 iden
146 4364 232 4432 opus
255 4343 396 4412 subesse
420 4341 596 4412 voluntati
613 4341 755 4411 divinae
778 4342 821 4409 ab
836 4350 988 4425 aeterno,
1013 4363 1054 4411 ao
1070 4339 1208 4432 quando

51 4465 122 4532 opus
132 4447 241 4538 iprum
254 4450 324 4518 iam
339 4448 491 4520 efficitur
502 4456 539 4518 et
550 4449 678 4539 incipit
690 4449 855 4518 existere.
870 4448 966 4540 Ergo
981 4446 1207 4539 Augustinus
