3262 5076
898 373 937 392 ..
958 341 1020 404 452
1039 373 1078 390 -

399 447 493 520 inter
515 471 601 543 quus
623 447 849 539 Augustinus
872 447 1036 538 pluribus
1059 448 1097 514 in
1118 444 1207 516 loeis
1228 453 1267 518 et
1280 445 1462 518 omenti
1483 467 1564 515 aee·
1622 469 1623 488 ³

400 558 579 628 venatione
601 556 735 626 Christi
766 555 973 624 infallibilis
1003 555 1171 626 veritatis
1194 555 1301 624 verba
1323 555 1363 622 iu
1386 553 1479 623 haue
1500 575 1565 622 eeu·
1622 579 1623 614 3

397 667 545 734 tentiam
568 665 837 754 interpretetur.
865 663 1073 756 «Numquid
1103 685 1286 752 possumne
1308 661 1447 746 dinero,
1470 661 1566 731 etiam
1622 687 1623 721 ;

399 771 529 861 Tyrios
551 777 587 839 et
609 769 770 838 Sidonios
791 769 925 838 telihus
939 768 1032 859 apud
1049 791 1085 838 se
1102 769 1297 838 virtutihus
1313 769 1423 838 lautia
1438 769 1568 838 eredere
1618 795 1623 830 2

398 878 554 946 uoluisse
575 883 641 946 aut
656 877 851 946 credituros
863 899 932 945 nou
948 877 1071 962 fuisse,
1097 877 1129 944 si
1151 876 1294 966 fierent3
1325 899 1404 946 eum
1428 875 1483 944 eis
1503 876 1569 966 ipse
1622 911 1623 936 1

397 986 565 1056 Dominus
588 992 801 1070 attestetur,
828 985 920 1076 quod
943 985 1060 1054 arturi
1083 991 1200 1055 esseut
1222 1007 1369 1076 magnae
1392 985 1568 1054 humilite
1603 1028 1612 1105 1

397 1095 447 1164 tis
469 1093 729 1184 poeniteutiam,
749 1091 780 1161 si
795 1093 832 1162 iu
848 1093 899 1162 eis
922 1093 1017 1163 faeta
1039 1099 1157 1162 esseut
1171 1093 1373 1162 divinarum
1391 1094 1461 1162 illa
1475 1095 1570 1183 sigua
1603 1108 1623 1203 Ιτ

282 1237 291 1254 ·
397 1200 593 1272 virtutum?
607 1227 623 1262 n
639 1201 735 1291 Aug.
753 1202 795 1270 de
811 1201 907 1270 Bono
922 1223 1095 1291 persever.
1113 1200 1186 1288 o.9;
1204 1203 1250 1270 ei.
1265 1200 1454 1271 Enohirid.
1473 1225 1506 1271 e.
1521 1201 1567 1268 95.
1622 1225 1623 1262 l

397 1307 488 1376 Vide
504 1305 572 1374 PP.
583 1304 673 1372 alios
687 1305 778 1394 apud
794 1305 917 1376 Didae.
936 1306 1028 1374 Ruia
1040 1305 1132 1396 disp.
1143 1305 1199 1374 62.
1217 1312 1302 1375 sent.
1323 1305 1357 1374 1.

465 1415 548 1483 Aet.
562 1413 683 1481 XXII.
702 1413 826 1482 17-21.
850 1412 1045 1482 Asseverat
1067 1413 1174 1498 Deus,
1191 1435 1250 1482 eos
1264 1413 1568 1505 Hierosolymitus,
1622 1443 1623 1480 2

399 1545 485 1617 quos
501 1521 633 1590 Paulus
648 1543 748 1588 sunm
765 1520 1002 1590 testimonium
1025 1527 1226 1612 recepturos
1241 1543 1315 1590 esse
1327 1523 1509 1610 sperabat,
1525 1545 1568 1592 re
1622 1551 1623 1588 π

399 1632 547 1700 stitutus
570 1651 645 1698 esse
662 1629 814 1720 Spiritui
835 1628 975 1712 Sancto,
993 1629 1025 1697 si
1042 1627 1177 1698 Paulus
1192 1629 1244 1698 eis
1259 1629 1494 1720 praedicaret.
1512 1631 1568 1698 At·
1622 1657 1623 1696 1

399 1739 460 1833 qui
483 1739 712 1809 certissimum
728 1744 793 1822 est,
811 1737 966 1828 potuisse
993 1737 1074 1806 illos
1097 1738 1163 1806 sub
1185 1735 1375 1827 hypothesi
1397 1739 1569 1828 praedius·
1604 1767 1623 1847 'l

399 1847 509 1916 tionis
531 1845 633 1913 Pauli
649 1845 787 1914 eredere
803 1843 862 1914 vel
878 1866 947 1912 uon
962 1844 1113 1913 eredere.
1128 1843 1303 1934 Cognovit
1316 1868 1403 1936 ergo
1414 1847 1512 1915 Deus
1525 1847 1569 1915 iu·
1619 1875 1623 1915 ⁴.

399 1961 455 2026 ter
470 1955 539 2025 duo
554 1954 619 2022 illa
635 1954 816 2044 possibilia
834 1960 871 2023 et
888 1977 931 2022 ex
942 1959 1073 2023 natura
1086 1960 1187 2023 antus
1198 1955 1304 2045 primi
1318 1955 1567 2036 indifferentia,
1622 1985 1623 1992 ¹

399 2087 506 2135 unum
523 2061 613 2156 quod
629 2063 694 2129 sub
708 2083 749 2129 ea
764 2061 953 2152 hypothesi
971 2072 1063 2130 uerte
1080 2063 1240 2130 futurum
1256 2061 1398 2132 fuisset.
1622 2123 1623 2130 ,

465 2167 521 2238 Ex
544 2167 613 2236 Ier.
633 2165 840 2236 XXXVIII.
867 2167 992 2236 14-20.
1018 2165 1127 2236 simili
1156 2167 1294 2236 omuino
1324 2168 1464 2239 ratione
1485 2169 1567 2240 idem
1622 2205 1623 2232 1

401 2275 596 2365 colligitur.
1622 2309 1623 2346 l

467 2385 517 2453 11.
542 2384 687 2452 Petrum
710 2380 920 2452 senteutiam
943 2381 1083 2451 minime
1097 2381 1296 2472 ambiguam
1315 2381 1518 2475 intelligere
1531 2385 1567 2454 li·
1622 2449 1623 2454 ,

401 2499 457 2564 eet
478 2515 520 2562 ex
544 2491 651 2560 certis
666 2489 873 2583 quibusdem
889 2487 1068 2558 doetrinae
1085 2488 1271 2578 eapitibus,
1290 2489 1328 2557 in
1343 2491 1472 2582 quibus
1485 2491 1568 2562 haue
1606 2500 1614 2639 p

399 2602 466 2672 Dei
489 2600 683 2684 seientiam,
709 2599 750 2668 de
774 2621 844 2690 qna
865 2597 1053 2690 loquimur,
1079 2596 1136 2666 vel
1159 2599 1345 2668 manifesto
1360 2607 1564 2692 supponunt,
1620 2637 1623 2676 n

400 2709 458 2782 vel
481 2709 630 2778 trudunt
653 2707 769 2777 verbis
793 2705 948 2776 disertis.
975 2705 1106 2774 Eorum
1128 2707 1330 2776 testimonia
1352 2709 1443 2777 satis
1464 2709 1567 2777 multe
1608 2712 1623 2785 '3

399 2817 471 2914 regn
495 2821 641 2907 possunt
662 2813 755 2905 apuu
778 2813 901 2884 uiuae.
927 2813 1018 2882 eun
1035 2813 1077 2882 ne
1093 2813 1250 2882 seientia
1272 2813 1350 2900 uei,
1368 2816 1564 2906 presterum
1604 2786 1614 2851 ¹·

400 2928 491 3017 disp.
510 2927 566 3011 653
584 2925 706 2992 Petav.
716 2923 743 2992 l.
754 2922 818 2992 IV.
832 2945 863 2992 o.
874 2922 908 3010 ὃς
923 2922 1103 2992 Caninium
1117 2921 1376 3013 Euryelopaed.
1392 2923 1430 2993 S.
1442 2924 1561 3016 Soript
1622 2962 1623 2970 κ

400 3035 520 3104 I'raot.
543 3031 607 3100 IV.
633 3031 670 3098 in
692 3029 895 3121 Appendioe
917 3053 953 3100 u.
978 3030 1012 3099 8.
1037 3055 1112 3124 sqq.
1138 3029 1201 3118 (1).
1227 3029 1564 3101 Commemorabimus
1622 3103 1623 3106 ,

400 3142 537 3236 aliquot
559 3137 739 3230 generales
762 3138 830 3207 PP.
851 3137 1057 3207 sententias.

467 3252 503 3332 o)
526 3245 632 3336 Apud
659 3245 783 3314 Patres
799 3243 1072 3337 quamplurimos
1087 3243 1281 3330 Irenaeum,
1300 3243 1560 3328 Tertullianum,
1622 3284 1623 3322 3

398 3357 612 3446 Nysseunm,
637 3353 872 3438 Ambrosium,
897 3353 1164 3442 Hieronymum,
1181 3351 1483 3444 Chrysostomum,
1502 3359 1561 3424 Aa·
1622 3397 1623 3410 ÷

401 3463 606 3556 gustinum,
639 3459 815 3550 Cyrillum
841 3461 962 3544 Alex„
994 3460 1271 3544 Theodorutum,
1302 3462 1558 3544 Damasueuum,
1622 3497 1623 3532 v

401 3569 578 3653 Gnostici,
604 3567 832 3638 Marcionitae
853 3575 892 3638 et
913 3569 1107 3638 universim
1130 3567 1319 3654 haeretiei,
1345 3571 1409 3662 qui
1431 3571 1560 3640 omne
1622 3599 1623 3634 ÷

399 3701 478 3748 uem
509 3677 707 3746 referebant
737 3676 781 3745 ad
809 3675 1027 3766 demiurgum
1058 3675 1265 3747 distinctum
1289 3683 1326 3746 et
1354 3677 1559 3748 diversunt

399 3785 473 3857 Deo
495 3785 634 3854 inlinite
658 3785 745 3852 bono
767 3789 804 3851 et
826 3783 940 3852 omnia
958 3784 1100 3869 sciente,
1119 3783 1209 3856 hano
1225 3785 1314 3854 solet
1330 3809 1458 3876 urgere
1472 3807 1557 3880 quae·

399 3895 568 3966 ationem:
586 3917 649 3963 our
665 3893 761 3962 Dens
784 3891 928 3982 angelos
943 3897 980 3961 et
995 3893 1166 3962 hominem
1183 3894 1372 3978 ornaverit,
1398 3917 1483 3987 quoa
1497 3914 1557 3983 pee-

401 4012 542 4074 oaturos
565 4001 676 4070 fuisse
702 4009 849 4069 eventus
879 3999 1164 4070 demonstrabat?
1185 4001 1262 4070 Aut
1288 4002 1402 4087 euim,
1435 4001 1558 4070 aiebant

400 4105 582 4190 haeretiei,
608 4106 689 4175 dum
711 4105 807 4174 Deus
829 4125 887 4173 eos
910 4125 1028 4174 oreore
1050 4104 1178 4190 voluit,
1203 4105 1356 4176 nescivit
1378 4108 1463 4191 lore,
1481 4101 1555 4172 utsi

463 4283 506 4357 (1)
523 4283 689 4354 seponenda
717 4287 812 4338 tamon
842 4285 911 4336 runt
932 4285 1018 4352 plura
1040 4281 1222 4348 testimonla,
1246 4297 1320 4351 quae
1340 4283 1377 4338 ad
1399 4297 1455 4338 nen
1475 4279 1554 4334 ulam

400 4377 580 4448 pertinentis
598 4379 747 4430 euenerunt
767 4373 918 4428 (insulatus
937 4377 1003 4442 port
1014 4373 1112 4428 Didae.
1129 4373 1218 4439 Rutu,
1238 4374 1345 4428 eumin
1365 4374 1404 4428 tir
1420 4369 1552 4427 nullut·

401 4465 436 4519 de
454 4463 577 4518 aduella
594 4463 724 4516 absolute
745 4462 906 4516 futurorum
926 4465 1040 4528 antur.
