3262 5076
912 435 948 448 -
971 403 1031 463 518
1054 433 1090 447 -

414 509 569 596 physicis
591 505 806 577 naturaliter
821 515 1092 598 consequuntur.
1111 505 1276 576 Conditio
1292 505 1408 596 igitur
1422 503 1475 572 ita
1488 503 1573 572 debet

417 615 558 683 efferri:
583 617 677 685 Deua
700 615 782 684 vult
805 616 963 683 omnibus
986 615 1185 682 infantibus
1206 613 1476 704 applicationem
1490 611 1573 680 meri·

416 725 533 790 torum
555 723 689 792 Christi
707 745 768 812 per
785 723 1004 812 baptismum,
1022 729 1191 812 qnantum
1208 745 1332 787 eoosoe
1346 717 1508 787 amedee
1521 742 1573 782 no

416 829 507 896 roleo
524 845 555 895 et
565 831 738 919 physicos,
752 851 872 919 nempe
886 829 1016 898 liberae
1031 828 1209 896 bominum
1222 827 1426 895 voluntates
1440 833 1477 894 et
1490 833 1574 892 natu·

416 935 502 1004 ralis
526 936 609 1004 ordo
632 937 803 1026 physicus
819 957 886 1004 non
902 935 1090 1004 dbsistunt.
1109 937 1165 1003 Ab
1179 935 1277 1004 hisce
1292 935 1412 1003 censis
1429 931 1575 1002 wcnndis

414 1041 577 1110 derivata
598 1043 843 1134 impedimenta
865 1041 959 1110 Dens
980 1063 1048 1109 non
1072 1041 1204 1110 directe
1226 1040 1321 1125 vult,
1339 1047 1512 1132 quatenns
1525 1037 1574 1104 in·

413 1149 559 1238 pedinnt
583 1149 850 1240 applicationem
876 1149 1061 1239 baptismi;
1089 1150 1148 1218 sed
1172 1148 1283 1217 solnm
1308 1147 1497 1238 permittit.
1520 1144 1574 1212 vo

413 1255 533 1326 luntas
545 1259 675 1350 itaque,
687 1283 709 1350 q
711 1279 756 1326 ua
768 1259 863 1326 Deus
876 1257 956 1327 vult
970 1256 1239 1347 applicationem
1253 1255 1420 1345 baptismi
1433 1253 1574 1322 omnibns

414 1365 623 1450 infantibus,
649 1365 710 1458 qui
733 1367 849 1456 reipsa
866 1367 1065 1434 moriuntur
1081 1367 1211 1456 absque
1230 1363 1454 1453 susceptione
1476 1381 1574 1428 sacra·

413 1475 531 1558 menti,
545 1481 601 1544 est
612 1475 779 1544 voluntas
796 1473 992 1542 antecedens
1005 1473 1052 1540 od
1059 1477 1238 1566 praecisos
1252 1471 1476 1562 impedientes
1484 1472 1573 1536 oeae

411 1606 469 1648 nes
493 1605 535 1648 ee
563 1587 675 1649 coasts
698 1583 874 1650 servandis:
899 1591 1150 1674 consequenter
1174 1605 1257 1650 vero
1272 1581 1317 1649 ad
1333 1579 1574 1670 praevisionem

411 1686 534 1756 harum
559 1689 735 1757 actionum
758 1689 854 1758 Deus
877 1712 944 1757 non
968 1689 1050 1758 vult
1073 1688 1227 1758 ordinem
1250 1687 1452 1756 naturalem
1467 1689 1575 1754 immn-

409 1801 505 1880 tare,
530 1803 568 1864 et
590 1803 732 1864 mortem
763 1797 838 1864 sine
864 1797 1034 1887 baptismo
1062 1820 1104 1866 er
1128 1805 1279 1865 naturae
1301 1793 1443 1884 legibus
1474 1813 1575 1862 conse

409 1909 568 1994 quentem
582 1903 768 1993 permittit;
784 1905 902 1996 sicque
915 1911 1025 1973 morte
1040 1905 1077 1971 in
1091 1909 1232 1995 peccato
1243 1899 1413 1992 originali
1425 1899 1575 1990 praevisa

407 2031 476 2078 non
499 2010 579 2078 vult
602 2010 786 2079 voluntate
810 2026 1029 2104 consequente
1051 2010 1174 2079 borum
1198 2010 1391 2078 infantium
1421 2007 1572 2076 salntem.
1621 2039 1622 2047 ¹

475 2115 519 2184 3⁰.
539 2118 590 2185 Ut
612 2118 851 2210 intelligatur,
878 2119 967 2188 hanc
991 2117 1056 2188 Dei
1079 2119 1293 2187 voluntatem
1311 2118 1572 2192 antecedentem,

410 2223 494 2294 licet
518 2223 607 2293 velit
629 2225 777 2294 salutem
802 2227 993 2294 infantium
1017 2227 1083 2294 snb
1105 2225 1315 2310 conditione,
1342 2224 1446 2291 cuins
1470 2219 1572 2289 verili-

409 2331 501 2401 catio
524 2332 623 2400 nullo
647 2333 746 2402 modo
768 2333 896 2424 pendet
918 2333 1067 2402 elibara
1083 2333 1267 2403 voluntate
1291 2332 1446 2423 ipsorum
1471 2329 1573 2398 inian-

406 2437 508 2523 tium,
526 2460 600 2508 asse
613 2459 730 2507 veram
748 2440 813 2508 Dei
826 2441 1042 2510 voluntatem
1055 2441 1313 2531 prosecutivam
1324 2439 1458 2507 salutis
1468 2457 1571 2507 eornm

407 2546 571 2630 omnium,
583 2567 651 2613 non
669 2554 785 2614 autem
802 2569 930 2616 meram
946 2545 1231 2638 complacentiam
1248 2551 1286 2615 et
1302 2546 1571 2636 approbationem

406 2651 448 2720 ds
472 2652 627 2721 bonitate
651 2652 779 2721 salutis
803 2654 840 2720 in
857 2675 893 2722 sa
910 2661 1105 2744 spectatao;
1123 2654 1345 2722 considerare
1361 2659 1497 2742 oportet
1512 2651 1570 2718 dis

405 2757 554 2828 tinctins
578 2765 616 2828 et
638 2759 739 2828 illius
755 2761 952 2829 voluntatis
971 2760 1204 2850 operationem
1220 2767 1258 2828 et
1272 2759 1499 2842 conditiones,
1517 2757 1571 2824 snb

405 2866 531 2958 quibus
555 2867 636 2937 vult
659 2867 770 2958 ipsam
795 2867 957 2936 salntem.

472 2979 507 3062 α)
532 2975 788 3068 Consequenter
812 2975 856 3044 ad
880 2977 1079 3066 praevisum
1097 2981 1276 3066 peccatum
1294 2975 1471 3065 originale
1484 2983 1520 3043 et
1533 2973 1567 3040 ad

405 3085 627 3154 iniectionem
650 3083 763 3154 totins
787 3083 930 3153 humani
948 3084 1088 3174 generis
1112 3107 1174 3175 par
1196 3084 1342 3154 liberam
1359 3083 1567 3175 praevarica-

404 3193 531 3262 tionem
556 3193 611 3260 sui
635 3193 871 3282 progenitoris
895 3215 935 3261 ac
959 3191 1085 3283 capitis
1108 3193 1241 3278 Adam,
1267 3193 1363 3261 Dens
1386 3191 1567 3262 misericor

404 3297 496 3366 diter
520 3299 601 3367 vult
631 3299 886 3390 reparationem
913 3299 1025 3368 totins
1055 3299 1195 3389 generis
1218 3299 1385 3382 hnmani,
1412 3301 1458 3368 ad
1486 3299 1566 3366 huno

403 3403 504 3472 linem
528 3405 682 3473 destinat
713 3407 758 3473 ab
780 3413 940 3490 aeterno,
966 3406 1144 3495 promittit
1166 3413 1203 3474 et
1226 3407 1339 3474 mittit
1361 3407 1399 3474 in
1427 3413 1566 3496 tempore
1628 3465 1629 3472 ,

402 3509 534 3580 Filium
557 3512 622 3580 Dei
646 3511 866 3582 incarnatum
891 3519 1070 3602 assumpta
1092 3519 1221 3580 natura
1235 3532 1278 3579 ax
1294 3513 1411 3582 eodem
1429 3513 1565 3581 hnmano

402 3641 540 3708 genere,
567 3620 647 3688 vult
662 3626 706 3689 nt
727 3619 846 3688 Filius
861 3621 1066 3688 incarnatus
1082 3617 1245 3688 Christus
1260 3619 1398 3710 plenam
1414 3621 1563 3690 exhibeat
1627 3697 1628 3700 Ἴ

401 3728 676 3797 satisfactionem
701 3751 764 3818 pro
794 3727 954 3795 omnibns
977 3727 1148 3816 peccatis,
1179 3726 1269 3796 hanc
1299 3727 1561 3798 satisfactionem

401 3836 597 3925 praevisam
612 3841 783 3925 acceptat,
800 3842 837 3903 et
848 3835 885 3902 in
901 3834 1120 3926 plenitudiue
1135 3835 1301 3924 temporis
1312 3834 1480 3904 Christus
1494 3843 1561 3902 acta

399 3965 475 4010 eam
490 3945 596 4013 offert
611 3965 674 4034 pro
690 3944 849 4011 omnibus
864 3943 1030 4033 peccatis.
1049 3971 1065 4007 a
1083 3941 1183 4010 Misit
1198 3942 1293 4010 Dans
1308 3941 1445 4010 Filium
1459 3965 1559 4020 suun,

400 4057 441 4118 nt
464 4052 622 4120 salvetur
645 4051 795 4120 mundns
820 4073 880 4139 per
904 4051 1017 4140 ipsum
1034 4073 1065 4137 »3
1086 4051 1191 4140 eipse
1208 4057 1263 4118 est
1284 4049 1491 4139 propitiatio
1512 4069 1561 4138 pro

399 4159 551 4247 peccatis
582 4159 696 4228 totins
728 4157 1203 4246 mundi.r1nhocgenere
1231 4156 1384 4224 humano
1414 4163 1560 4248 reparato

399 4266 738 4356 comprehenduntur
761 4288 842 4334 sane
866 4287 982 4334 ornnes
1005 4265 1110 4334 etiam
1127 4263 1196 4349 illi,
1215 4263 1276 4356 qni
1299 4266 1498 4333 moriuntur
1518 4265 1558 4330 in·

399 4373 513 4442 fantes
537 4379 617 4442 ante
640 4397 741 4442 naum
766 4373 935 4442 rationis:
961 4395 1046 4462 argo
1068 4373 1105 4440 in
1122 4371 1305 4441 voluntate
1322 4371 1558 4462 redemptionis

399 4481 736 4570 comprehenduntur
752 4503 867 4550 omnes
883 4480 937 4548 illi
956 4481 1130 4566 infantes;
1149 4486 1187 4547 at
1197 4480 1232 4546 in
1248 4478 1434 4548 voluntate
1449 4479 1556 4548 divina
