3230 5072
529 383 567 400 -
589 349 649 414 tlt
669 380 708 402 -

41 457 135 550 bique
150 463 208 529 est
223 457 261 528 in
273 459 388 530 eodem
403 465 514 528 statu.
535 457 663 528 Eodem
687 479 772 549 ergo
795 456 894 526 modo
910 479 947 526 se
961 457 1068 527 hebet
1089 456 1212 527 divina
1274 501 1277 508 -

42 567 184 636 scientia
207 566 490 658 impoenitentiae
512 565 750 636 Galilaeorum
775 565 930 655 insigne
953 565 1065 655 priori
1088 565 1132 632 ed
1156 565 1213 634 de-

41 681 170 744 cretum
192 684 229 744 et
249 675 503 765 praevisionem
520 673 730 744 conditionis
747 673 959 757 verificatae,
973 696 1039 766 quo
1056 671 1213 742 sehabet

42 782 159 852 divina
183 781 331 851 scientia
359 781 593 872 poenitentiae
617 780 857 864 Sidoniorum,
883 781 914 849 si
937 781 1030 871 apud
1053 801 1110 848 eos
1134 801 1211 848 con·

40 891 122 962 ditio
138 891 325 962 verificets
348 892 487 977 fnisset,
506 913 593 984 quae
609 897 726 960 tamen
748 913 935 984 numquam
958 899 1013 960 est
1036 915 1208 962 concessa.

99 999 314 1068 Adversarii
336 1021 404 1068 non
428 1021 543 1068 omnes
566 998 683 1067 eodem
706 998 804 1066 modo
820 999 1014 1089 disputant.
1027 999 1103 1068 Alii
1119 1001 1211 1070 enirn

39 1107 216 1196 negabant
239 1106 489 1190 conditionata,
504 1105 547 1176 de
570 1105 697 1198 quibus
720 1105 907 1198 loquimur,
924 1127 1021 1196 posse
1045 1127 1118 1176 esse
1141 1114 1210 1177 ter·

39 1214 166 1282 minum
191 1212 396 1282 infallibilis
419 1213 598 1301 scientiae;
618 1212 769 1306 adeoque
793 1213 850 1282 vel
875 1213 1082 1304 simpliciter
1106 1237 1210 1306 nega·

40 1320 120 1388 bant
142 1319 268 1389 horum
292 1320 473 1390 scientiam
497 1321 535 1388 in
557 1322 629 1390 Deo
656 1321 727 1405 vel,
745 1321 835 1412 quod
853 1321 993 1390 videtur
1009 1321 1211 1405 absurdius,

40 1427 242 1496 tribuebant
264 1427 336 1496 Deo
359 1427 539 1496 scientiam
564 1428 823 1520 coniecturalem
847 1429 907 1510 (cf.
926 1428 1007 1496 Liv.
1026 1427 1067 1497 de
1090 1427 1212 1518 Meyer

41 1533 129 1602 Hist.
144 1536 190 1606 de
212 1535 336 1605 Auxil.
350 1536 376 1606 l.
392 1536 436 1607 V.
451 1559 501 1606 cc.
516 1537 572 1606 44.
582 1537 640 1624 46;
653 1537 780 1627 Georg.
795 1536 974 1606 Albertini
997 1537 1138 1606 dissert.
1166 1535 1211 1605 ad

41 1643 209 1715 Dominio.
228 1645 407 1737 Pelegrini
430 1669 466 1715 ιι.
485 1647 540 1733 6ος
557 1645 687 1715 videet
703 1647 921 1716 Thomassin.
943 1647 984 1716 de
1001 1644 1071 1714 Deo
1087 1645 1112 1714 l.
1124 1644 1207 1715 VII.

41 1752 147 1841 c.23):
163 1753 228 1822 alii
251 1754 468 1822 affirmabant
490 1755 650 1844 cognosci
673 1754 872 1824 huiusmodi
888 1753 1125 1824 conditionate
1142 1775 1211 1822 nou

42 1883 134 1951 posse
157 1862 231 1930 nisi
254 1862 290 1929 in
313 1863 600 1932 antecedentibus
624 1862 775 1932 decretis
797 1861 944 1948 divinis,
971 1860 1211 1953 quaeratione

43 1969 162 2038 obiecti
187 1969 411 2060 appellabant
426 1969 566 2038 decreta
582 1971 743 2038 obiectioa
758 1968 1008 2038 conditionata.
1026 1968 1111 2038 Cum
1128 1989 1211 2038 vero

43 2080 160 2148 merito
185 2079 369 2148 videretur.
391 2079 590 2148 uflctitiurn
618 2084 654 2148 at
676 2079 918 2163 ridiculum»
944 2086 987 2148 ut
1017 2078 1211 2168 loquuntur

43 2185 157 2256 Zumel
181 2185 367 2276 theologus
390 2186 491 2255 illius
514 2186 652 2256 scholae
675 2195 711 2256 et
734 2194 812 2277 post
835 2187 937 2255 illurn
954 2186 1111 2255 Genetos
1134 2186 1212 2257 alii·

45 2317 114 2386 que,
140 2295 343 2364 huiusmodi
374 2295 513 2364 decreta
544 2316 698 2364 asserere
729 2301 811 2363 actu
842 2294 879 2362 in
906 2295 978 2364 Deo
1001 2317 1075 2364 esee
1098 2295 1210 2388 quoad

46 2401 156 2470 omnia
178 2402 419 2472 conditionata
442 2402 479 2470 in
497 2401 674 2471 infinitum
691 2402 885 2494 possibilie;
901 2425 1035 2492 semper
1050 2405 1211 2474 manebat

45 2531 263 2602 consequens,
278 2517 319 2577 ut
345 2509 387 2578 de
411 2510 661 2579 conditionalis
687 2510 913 2580 multitudine
935 2510 1088 2579 infinitis
1104 2512 1210 2582 scieu-

45 2615 92 2684 tia
112 2619 179 2686 Dei
201 2617 407 2686 infallibilis
429 2625 632 2710 negaretur.
647 2619 698 2688 De
713 2617 912 2686 huiusmodi
929 2617 1078 2687 decretis
1093 2618 1209 2687 eondi-

46 2723 222 2794 tionalinm
245 2725 403 2794 absolute
426 2725 735 2809 antecedentibus,
754 2735 922 2818 quantum
946 2747 1032 2815 opus
1055 2731 1131 2809 est,
1157 2724 1208 2794 di·

47 2853 154 2903 cemus
178 2835 215 2903 iu
239 2833 332 2902 thesi
356 2833 527 2926 sequenti.

105 2941 229 3011 Status
250 2941 364 3031 igitur
387 2940 581 3032 praesentis
604 2940 817 3034 quaestionis
832 2945 887 3010 est
903 2947 978 3009 tum
1001 2940 1205 3026 universim,

47 3053 155 3118 utrum
179 3049 274 3118 Dens
296 3048 425 3118 liberos
448 3056 548 3118 actus
571 3057 812 3118 ereaturarum
836 3049 901 3118 snb
924 3047 1121 3116 conditione
1154 3049 1208 3118 fu·

45 3161 135 3226 turos
164 3155 408 3226 infallibiliter
435 3163 644 3246 cognoscet,
669 3163 744 3224 tum
771 3155 960 3242 (strictius
990 3154 1209 3242 definiendo)

47 3271 154 3333 utrum
179 3261 275 3332 Deus
297 3263 536 3331 infallibiliter
560 3271 763 3352 cognoscat,
791 3263 874 3355 quid
899 3273 1016 3332 creata
1045 3263 1210 3332 voluntas

47 3371 309 3455 subolescere,
327 3371 357 3439 si
375 3370 648 3440 constitueretur
664 3373 729 3440 sub
745 3370 802 3439 his
818 3371 936 3439 illisve
952 3370 1209 3440 conditionibus

49 3487 137 3548 actus
159 3479 266 3571 primi
290 3479 343 3547 ita
366 3479 588 3569 comparatis,
607 3486 648 3549 ut
670 3501 737 3548 non
753 3500 795 3548 ex
812 3487 942 3548 natura
957 3486 993 3548 et
1008 3477 1210 3548 intrinsecis

50 3586 295 3656 conditionibus
318 3590 419 3655 aetus
444 3585 566 3676 primi,
586 3585 645 3654 sed
669 3585 780 3654 solnm
803 3585 981 3655 exlibera
1003 3585 1208 3654 determina·

50 3689 132 3761 tione
164 3693 360 3761 voluntatis
390 3692 630 3762 infallibiliter
662 3694 807 3762 futurus
835 3700 929 3762 esset
958 3693 1210 3761 determinatus

51 3807 137 3868 actus
160 3800 345 3870 secundus.
361 3799 403 3868 Id
426 3799 635 3868 affirmamus
659 3799 696 3868 in
718 3799 958 3868 enuntiatione
982 3798 1128 3882 theseos,
1148 3797 1209 3867 ubi

51 3905 141 3976 etiarn
163 3907 338 3998 triplicem
361 3915 646 3998 argumentorum
674 3909 804 3978 fontem
827 3908 1033 3976 indicemus.

109 4015 137 4084 I.
161 4015 217 4084 Ex
243 4014 432 4105 Scriptura
454 4013 641 4106 seligemus
673 4017 767 4084 inter
799 4013 1000 4084 testimonia
1030 4012 1207 4104 plurime,

54 4143 125 4211 quoe
146 4123 280 4193 adferri
304 4123 428 4208 solent,
447 4147 554 4192 unum
577 4133 614 4195 et
637 4125 787 4194 alterum
817 4121 1123 4216 vulgatissimum,
1149 4121 1209 4192 sed

54 4225 116 4299 ideo
145 4252 212 4301 non
249 4232 364 4300 minus
395 4232 566 4304 validum.
606 4233 783 4322 Imprimis
816 4231 853 4300 in
885 4231 1035 4300 historia
1065 4241 1210 4301 narrate

55 4335 625 4430 1·Reg.X.XIII.1-13.oonstant
647 4337 840 4430 sequentia.
871 4342 906 4424 a)
930 4337 1002 4408 Neo
1026 4339 1210 4408 descensus

57 4439 158 4516 Saulis
178 4453 302 4517 centra
324 4447 443 4517 urbem
465 4445 595 4515 Ceiln'm
625 4467 688 4514 nee
717 4443 870 4535 proditio
892 4443 1111 4520 Ceilanorum
1134 4451 1212 4514 erat

179 4575 337 4628 francolini
1034 4573 1069 4626 29
