3280 5070
896 385 899 392 .
940 385 979 400 .,
1001 353 1061 414 588
1081 387 1119 404 ,,

443 455 592 522 rationis
606 453 755 522 aliorum
772 454 915 540 dantur,
928 458 1042 526 eodem
1059 461 1167 528 etiam
1180 461 1279 530 modo
1289 458 1590 550 praedestinantur.

446 593 461 626 a
489 562 528 632 Si
551 563 611 654 qui
634 561 784 631 nondum
810 565 925 632 vocati
950 574 1035 648 sunt
1057 566 1124 654 (ita
1149 577 1189 636 ut
1211 571 1469 660 sequerentur),
1488 565 1594 654 prosis

444 679 485 738 nt
508 677 688 754 vocentur,
714 694 860 740 oremus.
881 671 1059 742 Fortassis
1076 674 1165 743 enim
1184 675 1235 744 sio
1252 673 1504 764 praedestinati
1518 680 1593 750 sunt,

445 783 485 846 ut
510 779 642 846 nostris
674 779 892 846 orationihus
921 781 1168 868 concedantur,
1201 791 1238 851 et
1267 781 1449 871 eeoipiant
1477 778 1595 846 aanden

442 886 606 976 gratiam,
633 909 702 978 qua
727 885 838 954 velint
854 897 958 978 atque
976 889 1174 958 efficiantur
1189 890 1293 960 aleoti
1312 918 1328 950 n
1347 889 1446 978 Aug.
1466 887 1507 955 de
1521 885 1597 952 Dono

444 1017 579 1082 persev.
598 1017 633 1062 n.
654 994 709 1062 60.

532 1101 600 1170 Hio
622 1109 738 1169 autern
762 1101 890 1192 duplex
916 1111 1118 1193 potestesse
1135 1102 1377 1172 considerandi
1396 1101 1528 1182 modus,
1544 1099 1597 1188 pri·

443 1232 519 1277 mus
533 1210 597 1294 ita,
609 1217 649 1278 ut
661 1209 770 1278 series
784 1211 970 1278 effectuum
988 1211 1320 1302 praedestinationis
1333 1215 1550 1299 computetur
1560 1227 1598 1272 so

443 1316 512 1386 lum
528 1317 564 1384 in
583 1315 714 1406 gratiis
726 1325 763 1386 et
775 1317 876 1386 donis
892 1317 1024 1386 homiui
1040 1319 1300 1408 praedestinato
1311 1317 1530 1386 intrinsecis.
1543 1313 1598 1380 Huc

444 1423 540 1492 modo
555 1423 647 1492 nihil
663 1424 821 1514 impedit,
841 1425 1025 1516 quominus
1041 1425 1182 1496 dioatur
1198 1449 1291 1494 unus
1305 1424 1413 1494 alteri
1431 1424 1598 1512 impetrare

443 1531 590 1620 primurn
623 1532 786 1600 effeotum
816 1533 928 1602 totins
958 1533 1074 1604 seriei.
1110 1533 1167 1602 Ita
1198 1534 1342 1602 videtur
1370 1531 1515 1602 loeutus
1541 1548 1599 1594 esse

443 1637 479 1704 S.
507 1637 657 1706 Thomas
681 1639 714 1706 1.
740 1639 825 1708 dist.
848 1639 905 1708 41.
932 1663 965 1708 a.
990 1641 1024 1710 4.
1054 1673 1069 1706 a
1095 1641 1254 1710 Effectus
1285 1635 1599 1730 praedestinationis

443 1745 507 1812 hoo
530 1745 627 1814 modo
651 1744 756 1816 habat
778 1745 1005 1832 adiutorium,
1030 1771 1098 1839 quo
1121 1755 1158 1816 et
1181 1769 1319 1816 oausmn
1344 1745 1496 1812 habat...
1527 1741 1601 1806 sicu

443 1852 572 1944 uliquis
594 1853 723 1922 orendo
747 1877 809 1944 pro
839 1855 957 1946 aliquo
987 1854 1058 1924 alio
1090 1863 1245 1924 meretur
1274 1855 1307 1923 ei
1339 1849 1599 1942 (impetratione)
1625 1835 1626 1912 i

444 1955 588 2046 primam
612 1957 777 2046 gratiam,
805 1959 860 2028 vel
883 1957 989 2028 etism
1013 1959 1253 2050 persuadendo
1276 1959 1320 2026 ad
1349 1959 1499 2040 bonurn3
1528 1951 1599 2018 unde

442 2063 575 2134 dieitur
590 2065 623 2132 1.
637 2063 715 2132 Cor.
729 2064 799 2132 III.
813 2065 847 2134 9:
867 2066 931 2134 Dei
955 2069 1048 2136 enim
1071 2066 1251 2134 adiutores
1275 2087 1440 2134 sumus...
1466 2062 1505 2129 Si
1525 2059 1596 2128 enin
1625 2091 1626 2150 p

443 2170 642 2262 Stephanus
658 2196 719 2262 pro
738 2175 1018 2262 persecutoribus
1030 2197 1101 2244 non
1117 2179 1264 2257 orasset,
1290 2170 1381 2243 forte
1406 2165 1598 2240 Psulnssel·

444 2301 510 2346 vus
523 2301 589 2346 nou
605 2281 745 2365 fuis-ee
763 2279 859 2348 siout
874 2281 905 2348 si
920 2281 1051 2372 aliquis
1067 2304 1135 2350 non
1152 2281 1287 2350 faeeret
1301 2301 1407 2370 opere
1423 2274 1596 2349 meritoris.

443 2408 510 2454 non
520 2385 695 2475 aooiperst
706 2409 976 2480 eoronam,quae
986 2387 1247 2478 praedestinata
1258 2385 1493 2456 eatsibi.Neo
1503 2391 1596 2452 umen

445 2492 717 2582 praedestinatio
733 2493 904 2562 frustrari
928 2501 1060 2584 potest,
1087 2493 1170 2586 quia
1194 2495 1405 2585 praesoitum
1423 2499 1481 2562 est
1496 2515 1516 2557 a
1530 2489 1595 2564 Deo,

443 2597 534 2692 qnod
552 2599 618 2668 iste
634 2598 699 2666 tuli
716 2621 822 2668 oense
845 2607 881 2668 et
903 2599 970 2668 tali
993 2601 1114 2670 ordine
1137 2599 1383 2670 salvabitur.»
1410 2599 1496 2668 Peri
1519 2592 1596 2662 modo

441 2705 486 2774 ad
510 2705 732 2774 obieotiouem
752 2705 892 2774 duotmn
909 2728 951 2774 er
969 2707 1179 2776 aeternitate
1195 2705 1528 2796 praedestinationis
1541 2701 1595 2766 An·

440 2811 576 2904 gelious
585 2812 781 2902 respondet:
795 2812 1090 2902 apraedestinatio
1093 2816 1344 2905 praesupponit
1349 2813 1595 2902 praescientia·

437 2920 656 3007 sutram-am
672 2931 704 2984 et
728 2915 803 2984 ideo
826 2921 915 2986 sieut
931 2921 1022 2988 Deae
1045 2920 1445 3009 praedestinandum
1468 2917 1594 2984 aliatus

443 3027 590 3092 hominia
602 3049 665 3114 per
680 3027 852 3092 orationes
876 3027 1024 3094 oliorum
1043 3026 1261 3116 implendum,
1279 3029 1331 3096 ita
1345 3027 1455 3094 etiarn
1477 3019 1594 3114 praede

441 3133 595 3202 etinavit
612 3155 700 3223 opus
715 3133 976 3202 Inearnationis
992 3135 1028 3202 in
1044 3135 1279 3204 remissionem
1296 3133 1432 3224 peooati
1451 3125 1591 3220 »a.q.1.
1624 3125 1625 3136 ’

441 3264 474 3310 a.
490 3239 523 3309 3.
538 3241 582 3310 ad
598 3241 633 3310 4.

507 3347 591 3417 Alio
615 3349 712 3418 modo
735 3355 851 3438 potest
873 3349 1146 3438 praedestinatio
1166 3349 1319 3439 spectari
1334 3347 1460 3432 latius,
1479 3355 1517 3416 ut
1530 3365 1590 3430 sup

442 3455 556 3543 posita
586 3475 691 3523 eausa
722 3455 917 3524 universali
950 3456 1152 3526 meritorum
1176 3455 1313 3524 Christi
1335 3476 1454 3522 ornnes
1476 3449 1591 3543 gratiae

441 3559 546 3628 etiam
571 3561 828 3650 praedestinato
851 3563 1068 3632 extrinsecae
1090 3562 1135 3630 sd
1159 3562 1236 3632 eius
1259 3561 1407 3630 salutern
1432 3559 1590 3628 ordinatae

442 3673 685 3756 oomputentur
708 3668 752 3737 ad
777 3689 879 3736 unum
904 3668 1027 3736 seriam
1051 3667 1396 3759 praedestinationis.
1421 3665 1480 3734 Ite
1501 3667 1587 3754 patet

440 3773 545 3840 etiarn
573 3773 750 3842 orationes
772 3797 802 3843 a.
821 3799 857 3864 g.
877 3773 1047 3864 Stephani
1078 3782 1255 3868 tamquam
1286 3775 1449 3845 effectum
1472 3771 1589 3840 subesse

441 3880 749 3970 praedestinationi
774 3881 889 3950 Pauli.
919 3883 1021 3952 Hune
1049 3883 1184 3952 modurn
1212 3881 1374 3974 sequitur
1397 3881 1433 3950 S.
1462 3879 1589 3948 'rhomo

441 3985 474 4054 1.
486 4011 520 4079 q.
530 3987 587 4058 23.
598 4009 630 4056 u.
642 3989 675 4054 8·
690 3997 726 4056 et
737 3989 779 4057 de
793 3989 897 4058 verit.
913 4015 947 4080 q.
962 3991 996 4058 6.
1012 4011 1046 4059 a.
1061 3991 1095 4059 6.
1111 3990 1178 4060 Sed
1191 3997 1232 4060 ut
1243 3989 1402 4059 advertit
1418 3981 1587 4075 Gregorius
1623 4051 1624 4084 3

441 4091 484 4161 de
499 4093 665 4164 Valentia
681 4095 733 4182 (in
749 4095 785 4162 h.
800 4095 825 4163 l.
842 4109 960 4184 punot.
974 4097 1009 4166 4.
1024 4105 1057 4180 S.
1073 4095 1106 4164 1.
1123 4125 1140 4160 a
1154 4103 1252 4166 sexto
1268 4103 1401 4166 eertum
1416 4101 1494 4163 est·
1507 4087 1584 4164 etth

440 4195 627 4268 disorimen
650 4223 717 4269 nou
740 4207 805 4284 est,
831 4201 901 4270 nisi
924 4203 961 4270 in
985 4201 1084 4271 ruodo
1108 4201 1350 4272 considerandi
1373 4207 1411 4270 et
1432 4191 1582 4290 loquendi.

505 4307 552 4378 4·.
568 4308 900 4394 Animadvertatur,
918 4312 956 4380 iu
971 4310 1065 4380 thasi
1084 4311 1188 4380 iuxta
1199 4311 1394 4382 doctrinam
1410 4307 1582 4396 Soripturt·

443 4435 518 4480 rum
542 4419 577 4482 et
600 4414 744 4482 Petrum
767 4438 953 4486 sermonem
979 4439 1053 4486 asse
1076 4417 1119 4486 de
1142 4439 1247 4488 oausa
1271 4417 1466 4492 meritorio,
1495 4425 1579 4500 quun
