3262 5076
521 423 559 436 -
582 391 639 451 491
662 421 699 435 -

40 499 143 566 nomia
158 496 405 586 redemptionis
429 495 673 584 complectitur
689 517 804 562 omncs
819 495 957 562 omnino
980 492 1147 578 homines,
1165 497 1202 562 et

40 607 113 673 haec
135 603 384 694 redemptionis
404 602 656 670 universalitas
679 601 849 690 originem
867 600 973 669 habet
995 623 1037 668 ex
1060 600 1199 668 univer·

39 712 95 778 sali
118 710 359 779 misericordia
382 717 417 777 at
441 709 622 778 voluntate
637 709 715 793 Dei,
733 716 775 775 ut
790 730 906 776 omnes
929 707 1084 775 homines
1108 707 1201 774 salvi

38 819 133 904 fiant;
161 818 239 886 fieri
263 839 331 884 non
354 821 486 906 potest,
514 817 598 907 quin
622 815 707 883 haec
729 815 981 883 universalitas
1004 814 1200 884 voluntatis

38 907 208 990 salvifi'cae
231 921 269 988 iu
292 919 488 1009 Scripturis
512 919 669 988 omuibus
692 920 748 987 vel
763 925 980 1009 supponatur
997 921 1054 988 vel
1071 921 1201 989 diserte

37 1032 262 1120 praedicetur.
281 1029 350 1097 Est
365 1030 455 1097 enim
474 1057 490 1092 c
506 1029 651 1098 verbum
666 1029 962 1098 reconciliationis
977 1055 992 1090 n
1010 1037 1046 1097 et
1065 1050 1200 1097 usvan-

37 1139 157 1228 gelium
180 1137 344 1207 salutis»
370 1142 615 1226 argumentum
631 1136 793 1226 princeps
809 1136 1086 1227 Scripturarum,
1109 1136 1202 1205 sicut

37 1245 223 1334 generatim
237 1246 349 1313 totius
365 1243 636 1334 praedicationis
652 1244 875 1332 apostolicae.

94 1353 184 1421 Sanc
201 1359 239 1440 a)
254 1341 378 1422 docent
399 1353 529 1440 passim
545 1351 763 1440 Scripturas,
782 1351 916 1420 Christi
934 1351 1200 1440 redemptionem

37 1467 66 1527 et
87 1461 238 1550 pretium
269 1459 453 1548 sanguinis
476 1457 520 1525 ad
544 1481 602 1526 eos
625 1481 741 1528 omnes
767 1461 962 1550 pertinere,
988 1459 1049 1550 qui
1072 1457 1201 1525 mortui

37 1569 198 1658 inprime
222 1569 334 1635 Adam
363 1567 526 1655 indigent
555 1568 813 1636 restauratione
844 1590 906 1657 per
936 1567 1049 1635 Adam
1081 1587 1201 1634 secun·

37 1676 118 1744 dum.
140 1706 156 1740 c
175 1676 415 1744 Aestimantes
431 1675 506 1757 hoc,
526 1676 688 1765 quoniam
704 1675 734 1744 si
751 1697 841 1742 nnus
857 1697 920 1766 pro
940 1675 1097 1742 omnibus
1113 1695 1201 1740 mor-

38 1790 109 1849 tuus
130 1789 199 1867 est,
227 1806 310 1872 ergo
334 1805 450 1850 omnes
473 1780 602 1850 mortui
626 1788 741 1849 suntn
764 1783 797 1850 2.
814 1783 892 1852 Gor.
905 1781 950 1851 V.
973 1780 1098 1849 14.15.
1128 1809 1145 1844 a
1163 1779 1202 1848 Si

38 1891 115 1956 enirn
139 1891 248 1958 unius
272 1891 399 1959 delicto
423 1891 528 1959 multi
554 1888 591 1975 (ir
609 1887 714 1954 πολλοι
736 1890 980 1957 universorum
996 1886 1202 1972 multitudo)

39 2002 154 2065 nortui
179 2003 284 2081 sunt,
310 1997 421 2066 multo
446 1999 559 2086 magis
584 1998 702 2087 gratia
724 1997 789 2065 Dei
812 2003 848 2067 et
872 1997 998 2064 donum
1021 1995 1060 2062 in
1083 1993 1203 2082 gratia

39 2106 131 2172 nnius
154 2104 308 2172 hominis
331 2103 413 2172 Iesu
437 2104 571 2172 Christi
601 2107 786 2195 (quantum
809 2103 847 2170 in
872 2125 908 2171 se
930 2107 999 2190 est)
1022 2101 1059 2169 in
1083 2101 1202 2191 plures

41 2211 49 2293 l
56 2208 84 2281 ἰς
97 2233 163 2278 τους
178 2209 312 2284 nollens
327 2212 364 2278 in
381 2211 523 2280 eandem
539 2211 801 2279 multitudinem
818 2211 1078 2296 universorum)
1095 2211 1201 2277 abun·

39 2318 127 2386 davit
139 2320 243 2387 Rom.
257 2319 302 2388 V.
319 2319 373 2386 15.
392 2319 424 2404 b)
441 2319 527 2387 Inde
540 2319 745 2408 Scripturas
760 2319 929 2386 instituta
946 2317 1202 2408 comparatione

39 2427 116 2495 inter
132 2450 252 2495 ornnes
268 2427 424 2495 homines
439 2435 475 2496 et
489 2428 582 2495 inter
598 2427 729 2511 fideles,
749 2427 809 2519 qui
833 2425 1104 2494 abundantiores
1128 2427 1201 2492 fru-

40 2543 105 2602 ctus
115 2534 365 2624 redemptionis
380 2543 463 2603 actu
478 2535 554 2625 ipso
566 2535 778 2624 percipiunt,
797 2540 999 2602 constanter
1013 2534 1199 2620 affirmant,

41 2642 245 2711 voluntatem
269 2641 479 2712 salvationis
493 2649 529 2711 et
543 2665 585 2710 ex
602 2665 643 2711 ea
657 2648 916 2732 permanentem
933 2640 1201 2730 redemptionem

40 2748 74 2814 ad
94 2771 210 2817 omnes
234 2748 371 2840 quidem
388 2749 520 2834 fideles,
534 2755 574 2817 at
588 2773 657 2817 nou
673 2751 718 2818 ad
734 2749 837 2832 solos,
855 2749 914 2817 sed
930 2748 1036 2816 stiam
1052 2748 1096 2815 ad
1113 2745 1202 2815 alios

40 2878 139 2925 omnes
162 2857 322 2924 homines
344 2857 532 2945 pertinere,
554 2857 716 2948 quamvis
739 2859 776 2924 in
800 2855 964 2925 fidelibus
991 2857 1130 2924 fructus
1153 2854 1203 2922 sit

40 2964 133 3031 maior
153 2970 191 3032 et
217 2963 366 3031 felicior.
388 2963 495 3053 «Ipse
518 2970 573 3032 est
596 2965 801 3054 propitiatio
821 2961 967 3052 (ἱλασμος
989 2963 1201 3032 sacrificium

41 3071 302 3159 propitiationis)
325 3091 388 3159 pro
412 3069 566 3158 peccatis
588 3071 731 3158 nostris;
753 3095 821 3140 nou
845 3095 908 3161 pro
930 3073 1062 3140 uostris
1084 3078 1201 3140 autem

41 3183 173 3263 tantum,
193 3177 255 3246 sed
278 3177 383 3244 etiam
407 3199 469 3267 pro
492 3179 603 3246 totius
627 3179 777 3247 mundio
798 3179 960 3248 1.10.11.
976 3180 1009 3267 25
1040 3177 1132 3271 aqui
1148 3182 1203 3246 est

43 3283 190 3354 Salvator
204 3285 358 3353 omnium
370 3283 560 3369 hominum,
573 3285 720 3354 maxime
731 3287 911 3356 fidelium»
924 3285 1199 3356 1.rim.1v.10.

44 3397 67 3474 c)
85 3393 257 3462 Mirabilis
280 3393 345 3461 Dei
373 3392 627 3481 longanimitas
653 3393 691 3461 in
718 3395 959 3484 peccatoribus
987 3393 1202 3464 sustinendis

44 3505 72 3566 et
90 3501 265 3570 monendis
288 3499 332 3568 ad
356 3499 603 3588 poenitentiam
631 3501 737 3568 etiam
759 3503 825 3586 iis,
851 3503 912 3594 qui
936 3502 1111 3572 vocationi
1134 3525 1203 3570 non

46 3615 114 3674 sont
135 3607 354 3690 obsecuturi,
381 3611 580 3700 constanter
604 3607 864 3676 commendatur
886 3615 922 3678 et
944 3609 1142 3698 explicatur
1165 3610 1203 3676 in

46 3710 224 3803 scripturis
246 3736 287 3781 ex
312 3713 453 3780 infinite
478 3713 544 3782 Dei
573 3715 812 3783 misericordia
839 3723 875 3785 et
902 3716 1106 3798 voluntate,
1133 3733 1203 3806 qua

46 3821 197 3888 neminem
220 3820 302 3888 vult
323 3819 448 3910 perire.
476 3820 535 3888 Sic
552 3821 588 3890 S.
607 3822 734 3889 Petrus
759 3822 807 3910 (2.
823 3823 899 3892 Pet.
914 3822 982 3889 III.
998 3821 1048 3906 9.)
1071 3823 1117 3888 iis
1140 3819 1202 3911 qui

46 3928 282 4016 exprobrabant
311 3927 496 3996 fidelibus:
530 3929 628 3996 cubi
651 3935 705 3997 est
727 3931 910 4019 promissio
933 3937 997 3996 aut
1027 3929 1201 3998 adventus

49 4033 151 4100 einais
170 4035 366 4125 respondet:
389 4063 406 4099 u
420 4057 488 4102 non
501 4037 622 4104 tardat
630 4038 800 4105 Dominus
812 4037 1072 4128 promissionem
1089 4057 1199 4119 suam,

50 4138 124 4209 sicut
152 4145 290 4235 qnidam
320 4143 547 4230 existimant,
573 4146 632 4214 sed
656 4146 832 4235 patienter
858 4145 936 4234 agit
967 4150 1108 4234 propter
1140 4167 1203 4212 vos

51 4251 133 4330 (text.
147 4275 201 4340 gr.
215 4252 316 4341 vulg.
336 4247 376 4322 ἐις
393 4247 498 4336 isac),
527 4249 648 4318 nolens
675 4251 811 4343 aliquos
842 4250 976 4341 perire,
1003 4250 1063 4318 sed
1087 4272 1202 4319 omnes

53 4351 86 4419 ssd
105 4359 345 4444 poenitentiam
369 4357 513 4426 reverti.
530 4385 546 4420 n
565 4357 620 4426 Cf.
635 4358 734 4426 Rom.
750 4358 799 4426 ΙΙ.
812 4358 847 4426 4.
864 4359 898 4426 ὅ.
925 4357 982 4425 Ita
1006 4355 1141 4447 pariter
1163 4356 1201 4424 in

53 4455 88 4524 V.
101 4461 137 4530 Τ.
154 4465 407 4534 cohortationes
422 4463 488 4532 Dei
511 4465 556 4534 ad
579 4465 829 4556 poenitentiam
849 4471 1055 4557 promanant
1077 4487 1118 4532 ex
1143 4487 1201 4534 vo-
