3360 5060
602 337 779 398 ..051-

548 551 692 614 THESIS
714 553 826 612 LXIV.

161 695 212 754 De
233 696 397 755 sententia
418 693 451 752 S.
473 693 612 753 Thomas
633 696 721 752 circo
742 693 1075 769 praedestinationem
1096 695 1220 768 pieriae

422 809 482 868 per
503 809 534 852 se
554 800 584 852 et
606 809 745 851 seorsum
766 800 953 866 spectatam.

170 1007 185 1034 ι
198 987 335 1050 Quamvis
349 971 584 1052 praedestinatio,
602 989 743 1054 quatenus
756 988 894 1052 complete
905 989 1033 1050 spectata
1046 989 1090 1038 ast
1099 986 1175 1036 ratio
1187 993 1278 1036 trane-

98 1099 111 1121 n
126 1077 276 1130 missionis
293 1077 326 1128 in
346 1078 433 1142 finem
455 1077 530 1128 citae
550 1085 694 1138 aeternae,
718 1077 802 1129 iuxta
820 1075 850 1133 S.
863 1075 996 1128 'l'hemam
1016 1075 1099 1129 imino
1124 1076 1208 1128 iuxta
1232 1075 1278 1128 do·

98 1187 111 1212 r
129 1168 259 1220 ctriuam
283 1167 450 1220 catholicam
475 1169 558 1220 nulla
581 1168 675 1232 possit
696 1180 853 1234 supponere
875 1165 979 1218 menta
1001 1165 1218 1218 antecedentia:
1244 1179 1279 1216 ex

98 1275 112 1302 s
129 1255 201 1321 ipsa
223 1261 317 1308 tamen
339 1255 367 1308 S.
381 1255 503 1308 'thomae
525 1255 657 1307 doctriua
677 1253 835 1320 deducitur,
855 1253 1145 1320 praedestinationem
1165 1253 1201 1306 ad
1221 1255 1280 1318 glo-

101 1363 115 1388 s
131 1345 211 1397 riam
232 1361 284 1413 per
297 1361 326 1396 sa
341 1349 370 1397 et
386 1360 511 1398 seorsum
532 1348 688 1413 spectatam
711 1361 772 1398 esse
793 1361 826 1395 en
849 1347 995 1396 notantcte
1008 1345 1062 1396 Dei
1082 1352 1277 1411 consequente,
1358 1375 1361 1381 ι

99 1453 113 1478 s
130 1449 210 1502 quae
221 1437 364 1501 supponat
376 1435 479 1488 merita
489 1434 724 1500 supernaturalia
741 1435 874 1500 praevisa
887 1437 1029 1500 tamqnam
1043 1435 1183 1486 rationem
1203 1449 1281 1500 pree-

100 1544 114 1570 n
130 1523 345 1578 destinationis
358 1523 393 1576 ed
413 1525 535 1590 gloriam
557 1525 636 1576 vitae
657 1529 801 1579 aeternae.
815 1546 828 1572 n

170 1719 268 1788 Haec
292 1724 413 1787 nostm
433 1719 544 1788 thesis
567 1719 661 1788 sicut
676 1727 712 1788 et
727 1721 936 1809 praecedens
951 1743 1012 1810 per
1028 1743 1065 1790 se
1080 1721 1280 1790 hermeneu-

96 1828 178 1896 tica
201 1833 275 1910 est3
303 1826 492 1916 plurimum
515 1835 631 1896 tamen
648 1829 805 1896 conferet
820 1851 889 1896 non
905 1830 1016 1898 solum
1032 1831 1078 1897 ad
1095 1830 1278 1898 historiam

98 1935 317 2025 theologiae,
343 1937 403 2005 sed
426 1936 532 2004 etiam
555 1936 599 2004 ad
624 1937 735 2025 ipsam
752 1937 947 2006 doctrinam
964 1936 1195 2026 dogmaticam
1212 1939 1280 2008 col·

99 2042 339 2114 lustrandam.
355 2043 526 2126 Quamvis
538 2043 575 2112 in
587 2043 762 2135 hecquem
775 2044 1022 2127 indicavimus,
1037 2046 1281 2114 sensuS.Tho-

99 2173 181 2222 mae
205 2151 419 2220 defendendo
441 2158 600 2222 auctores
623 2152 809 2218 habeamus
831 2151 1072 2239 gravissimos,
1091 2153 1283 2244 interquos

101 2261 247 2328 nomino
271 2259 478 2348 Gregorium
503 2259 545 2328 de
567 2258 735 2328 Valentia
758 2259 794 2325 in
819 2257 852 2325 1.
871 2282 904 2349 q.
919 2257 975 2326 28.
995 2266 1126 2348 puncto
1142 2261 1177 2327 4.
1195 2267 1227 2342 5.
1247 2260 1280 2348 5;

102 2366 363 2436 Gamaehaenm
388 2366 519 2436 veteris
542 2366 716 2436 Sorbonae
741 2365 913 2454 insignem
929 2366 1129 2456 theologum
1146 2366 1184 2434 in
1200 2369 1236 2436 h.
1254 2367 1280 2435 l.

104 2474 143 2544 S.
162 2475 232 2542 Th.
245 2497 276 2546 c.
290 2476 324 2560 73
349 2475 491 2544 Petrum
508 2475 550 2544 de
565 2474 757 2542 Comitibus
772 2474 1086 2563 Augustiniensem
1101 2473 1144 2542 de
1156 2474 1280 2542 Praed.

104 2589 143 2652 et
167 2583 317 2672 Reprob.
337 2582 429 2672 disp.
444 2582 477 2650 8.
497 2604 529 2650 a.
548 2581 581 2648 8:
599 2583 735 2650 modum
752 2589 867 2651 tamen
883 2602 924 2650 ac
943 2603 1097 2653 normam
1113 2582 1283 2671 interpre-

103 2690 255 2758 tationis
278 2694 419 2758 nostrae
442 2712 510 2758 non
533 2689 676 2758 aliunde
700 2711 803 2781 quam
819 2712 860 2758 ex
878 2688 1021 2778 scriptis
1038 2690 1152 2777 ipsius
1166 2689 1284 2778 Ange·

104 2796 171 2866 lici
193 2797 355 2864 Doctoris
378 2796 624 2866 adsciscamus.
650 2797 805 2866 Eandem
821 2799 895 2865 fere
909 2818 950 2864 ac
966 2796 1004 2863 in
1025 2795 1177 2866 eruendo
1201 2818 1284 2864 vero

104 2925 213 2974 sensu
235 2904 432 2993 Augustini
455 2909 638 2995 sequentes
669 2903 887 2988 methodum,
922 2927 1150 2994 proponemus
1179 2904 1283 2972 etiam

105 3009 168 3080 hic
183 3011 332 3100 primum
349 3010 478 3079 claram
499 3009 654 3078 auctoris
671 3009 878 3094 doctrinam,
897 3010 955 3078 cui
971 3016 1091 3079 nostra
1114 3010 1284 3098 interpre-

106 3118 467 3186 tatio·obscuriorum
502 3117 657 3186 locorum
692 3117 881 3203 innititur;
917 3117 1042 3186 deinde
1072 3117 1283 3208 singillatim

107 3225 385 3294 examinabimus
408 3223 492 3292 illas
514 3225 681 3314 Angelioi
697 3225 860 3293 Doctoris
876 3223 1081 3304 mutantias,
1098 3246 1140 3292 ex
1157 3224 1285 3314 quibus

106 3331 271 3401 doctrina
293 3332 471 3400 contraria
487 3329 652 3421 consequi
677 3330 791 3398 videri
814 3335 944 3418 posset.

176 3437 207 3505 I.
233 3437 402 3506 Doctrina
425 3437 621 3506 clarissima
643 3443 680 3505 et
702 3436 794 3505 nulli
817 3435 1043 3526 ambiguitati
1071 3438 1219 3506 obnoxia
1248 3438 1287 3505 in

109 3545 258 3636 scriptia
282 3546 318 3614 S.
343 3547 506 3616 Doctoris
529 3545 614 3614 haec
637 3551 704 3614 est.

178 3652 222 3720 1⁰.
238 3652 274 3721 S.
291 3643 442 3720 Thomas
453 3651 805 3742 praedestinationem
818 3653 1027 3741 simpliciter
1038 3652 1169 3721 dictam
1189 3673 1285 3719 nnm-

108 3781 212 3852 quam
236 3759 416 3828 intellexit
429 3759 783 3848 praedestinationem
800 3760 934 3850 gloriae
950 3782 1012 3850 per
1028 3781 1064 3827 se
1081 3765 1284 3848 spectatam,

108 3867 169 3936 sed
186 3873 387 3936 constanter
404 3867 753 3956 praedestinationem
772 3867 924 3935 omnium
940 3867 1128 3934 effectuum
1147 3865 1184 3933 in
1199 3887 1287 3934 oom-

109 3976 213 4065 plexu
230 3995 251 4040 a
266 3973 379 4064 prima
395 3974 514 4064 gratia
529 3997 640 4065 usqne
655 3975 699 4042 ad
716 3973 865 4042 salntem
882 3973 1085 4063 completam
1099 3997 1107 4060 ;
1132 3981 1175 4042 ut
1198 3974 1285 4062 ipse·

110 4087 180 4150 met
203 4081 333 4150 diserte
365 4080 533 4150 declarat.
560 4081 617 4148 Ita
648 4079 814 4170 complete
845 4086 1020 4169 sumptam
1051 4081 1287 4170 praedestina-

112 4189 243 4258 tionem
273 4188 471 4258 considarat
501 4188 537 4256 in
570 4193 646 4256 tota
675 4187 877 4279 quaestione
907 4187 963 4256 23.
990 4189 1030 4257 Ρ.
1056 4187 1094 4272 Ι,
1120 4195 1162 4258 ut
1191 4194 1289 4279 patet

113 4295 282 4386 imprimis
294 4318 336 4365 ex
347 4295 426 4386 ipsa
438 4294 652 4364 definitiones
670 4295 794 4364 aratio
805 4295 865 4382 (in
881 4301 995 4364 mente
1011 4296 1155 4379 divina)
1174 4309 1288 4362 trane·

113 4404 288 4468 missionis
312 4409 494 4472 creaturae
517 4401 705 4470 rationalis
729 4405 766 4466 in
776 4403 881 4490 fineen
897 4405 991 4468 vitae
1007 4417 1165 4469 catanae
1180 4402 1287 4468 uomi-
