3360 5060
605 397 643 428 ·'-
664 380 724 442 673
747 411 783 427 -

101 485 250 557 Christi.
276 483 344 554 Hic
374 485 630 576 comparatione
661 485 828 555 instituta
859 485 953 552 inter
983 484 1132 574 primum
1162 480 1276 553 Adam

100 601 277 662 auctorem
302 593 435 682 peccati
466 615 533 684 quo
555 599 632 662 tota
654 592 806 661 humana
828 598 958 659 natura
987 592 1119 660 inlecta
1142 597 1215 675 est,
1241 596 1279 661 et

100 703 197 770 iuter
219 701 406 770 secundum
432 700 545 769 Adam
568 707 744 769 auctorem
773 700 910 790 gratiae
933 707 969 767 et
991 699 1274 782 iustificationis,

101 808 219 878 meriti
235 807 369 877 Christi
385 808 538 876 efficacia
562 829 602 875 ac
628 807 878 876 universalitas
894 807 1095 875 declaratur
1111 807 1156 874 V.
1172 806 1274 875 1-21.

168 915 215 984 6⁰.
234 915 357 985 Status
375 923 490 984 antem
515 916 664 1006 gratiae,
683 915 777 1000 fidei,
803 923 839 984 et
862 914 1023 983 iustitiae
1046 915 1083 982 iu
1107 935 1199 982 nova
1222 936 1275 984 oe·

98 1024 257 1094 conomia
280 1023 414 1092 Christi
438 1045 654 1115 nequaquam
677 1031 732 1091 est
755 1023 867 1108 exlex;
893 1023 953 1091 sed
976 1022 1079 1090 immo
1097 1021 1216 1091 fideles
1234 1043 1276 1091 ex

99 1130 216 1199 servis
238 1129 373 1219 peceati
397 1129 491 1198 servi
515 1129 584 1196 iam
609 1129 696 1197 facti
712 1129 871 1197 iustitiae
888 1129 1110 1218 gravissimis
1125 1127 1275 1198 obstrin-

99 1247 237 1328 guntur
260 1238 382 1306 officiis
406 1258 509 1306 verae
532 1236 733 1306 sanctitatis
757 1236 939 1305 sectandae
962 1237 1025 1304 VI.
1039 1235 1139 1304 1-23.
1357 1237 1359 1240 ’

169 1347 214 1415 7⁰.
235 1345 460 1415 Conuectitur
475 1367 551 1414 cum
569 1343 788 1435 praecedeuti
804 1367 834 1413 c.
853 1343 917 1412 VI.
936 1343 1122 1434 multiplex
1140 1364 1273 1434 compa·

98 1455 193 1522 ratio
216 1455 308 1523 inter
331 1453 560 1522 oeconomiam
583 1452 673 1544 legis
695 1451 879 1536 lllosaicae‚
897 1473 984 1544 quae
1002 1474 1064 1541 per
1087 1473 1122 1519 se
1139 1458 1273 1541 specta·

97 1565 137 1626 ta
161 1558 303 1626 infirma
318 1565 395 1626 erat
417 1558 461 1626 ad
486 1580 605 1626 veram
621 1557 918 1640 iustificatiouem,
936 1556 1076 1625 etinter
1088 1555 1274 1626 efficaciam

97 1687 139 1736 ac
164 1665 372 1735 felicitatem
395 1665 533 1755 gratiae
556 1665 593 1732 in
617 1663 684 1733 fide
708 1663 905 1734 christiana
928 1687 978 1732 cc.
996 1663 1079 1732 VII.
1095 1663 1208 1732 VIII.

166 1773 217 1841 II.
243 1773 395 1842 Ventum
418 1779 473 1840 est
495 1773 539 1840 ad
562 1795 593 1842 c.
612 1772 677 1856 IX,
702 1772 744 1840 de
768 1771 870 1840 cuins
894 1771 1183 1861 interpretatione
1216 1793 1275 1838 su·

97 1905 177 1949 mus
201 1879 357 1948 solliciti.
384 1880 581 1970 Descriptio
605 1881 794 1968 praemissa
826 1879 1012 1948 felicitatis
1041 1888 1079 1948 et
1110 1881 1275 1948 bonorum

97 1987 352 2078 spiritualium,
377 1987 504 2079 quibus
521 2009 542 2055 a
557 1987 630 2055 Deo
652 1987 858 2078 locupletati
882 1991 966 2055 sunt
988 1985 1057 2054 tilii
1080 1992 1116 2055 et
1131 1985 1275 2055 heredes

96 2095 182 2163 novi
207 2095 445 2176 Testamenti,
472 2095 647 2164 convertit
670 2102 818 2162 mentem
849 2095 1162 2186 cogitationemque
1185 2093 1275 2184 Ape

97 2204 182 2272 stoli
205 2203 249 2272 ad
273 2203 556 2272 considerandam
581 2202 811 2272 conditionem
834 2201 954 2292 populi
979 2201 1102 2286 Israel,
1121 2203 1274 2271 fratrum

96 2333 239 2380 suorum
262 2311 450 2379 secundum
464 2332 612 2394 carnem,
627 2310 688 2402 qui
703 2311 746 2377 ab
762 2309 828 2378 hac
844 2309 1017 2378 felicitate
1033 2315 1070 2377 et
1082 2311 1273 2380 sanctitate

97 2423 183 2486 sunt
204 2424 372 2486 extorres.
399 2415 498 2497 Quod
530 2417 681 2506 populus
704 2416 748 2484 ad
772 2439 871 2507 quem
895 2416 1046 2506 primum
1069 2421 1124 2500 et,
1152 2422 1193 2484 ut
1216 2417 1273 2487 Iu-

97 2525 197 2595 daeis
221 2525 359 2616 quidem
383 2523 582 2607 videbatur,
608 2525 709 2593 unice
733 2526 936 2614 spectabant
959 2523 1202 2614 promissiones
1219 2525 1272 2594 di·

98 2636 215 2718 vinae,
233 2633 370 2702 taudem
390 2635 434 2702 ab
449 2634 506 2702 his
518 2633 760 2724 ¹reperiebatur
775 2655 933 2724 magnam
947 2642 1081 2722 partem
1093 2632 1269 2722 exclusns3

97 2741 163 2812 hoc
187 2742 329 2834 inquam
360 2743 494 2811 factum
525 2741 656 2810 Paulus
687 2741 844 2811 declarat
872 2742 988 2810 tribus
1023 2740 1118 2812 hisce
1149 2741 1273 2832 capiti·

98 2851 164 2918 bus
178 2848 244 2917 IX.
262 2848 308 2916 X.
326 2848 392 2917 XI.
417 2847 565 2918 Refellit
596 2848 804 2917 Iudaeorum
834 2871 1007 2934 errorem,
1035 2854 1101 2941 quo
1136 2850 1272 2920 ratione

97 2956 335 3047 generationis
350 2978 391 3025 ex
405 2955 622 3024 Patriarchis
638 2963 674 3025 et
688 2957 824 3026 ratione
842 2979 982 3046 opernm
998 2957 1165 3047 legalium
1184 2958 1273 3026 hona

97 3087 118 3132 a
140 3067 215 3134 Deo
238 3065 408 3154 promissa
435 3072 471 3133 et
493 3064 667 3133 iustitiam
692 3064 759 3132 sibi
785 3064 1033 3150 vindicabant,
1059 3075 1164 3157 atque
1187 3065 1272 3135 adeo

97 3173 235 3242 modum
258 3181 294 3243 et
317 3194 440 3242 causas
463 3171 667 3242 insertionis
690 3173 727 3240 iu
751 3171 915 3262 populum
938 3171 1085 3241 electum
1108 3173 1191 3241 novi
1207 3173 1270 3241 Te-

88 3278 275 3366 ¹ammenti,
301 3286 337 3347 et
359 3277 495 3346 modum
529 3276 792 3344 iustificationis
823 3297 935 3345 coram
965 3277 1038 3345 Deo
1068 3277 1168 3346 docet
1197 3299 1271 3346 asse

97 3408 138 3455 ex
164 3385 325 3476 gratuita
346 3385 465 3475 gratia
488 3383 551 3453 Dei
574 3406 635 3474 per
658 3383 759 3452 tidem
782 3383 863 3452 Iesu
886 3383 1021 3454 Christi
1045 3385 1119 3454 eina
1149 3387 1270 3456 discri-

98 3497 191 3564 mine
214 3493 420 3562 Iudaeorum
446 3515 486 3562 ac
508 3493 666 3582 gentium
689 3499 725 3560 et
747 3491 822 3561 sine
845 3492 983 3562 intuitu
1007 3517 1147 3584 operum
1165 3495 1267 3586 legis.

97 3603 197 3672 Hanc
220 3608 338 3671 autem
360 3601 470 3691 ipsam
495 3599 760 3668 iustificationis
789 3607 826 3669 et
851 3600 1058 3670 hereditatis
1080 3603 1125 3671 N.
1141 3601 1188 3670 Τ.
1218 3603 1271 3671 de·

98 3711 324 3780 claratiouem
347 3709 416 3776 iam
439 3707 476 3775 in
500 3709 612 3796 primo
634 3709 795 3797 ingressu
819 3707 1144 3796 (1.16.17.)v01uc
1166 3731 1270 3798 argu·

99 3825 249 3888 mentum
274 3839 358 3885 suae
387 3815 612 3885 tractationis
635 3817 827 3906 Apostolus
856 3824 1103 3908 proposuerat,
1128 3839 1270 3908 eamque

98 3925 221 3994 deinde
244 3923 375 4014 incepit
396 3921 551 4012 expolire
574 3946 604 3991 c.
622 3923 691 3991 III.
709 3923 839 3992 cclv.
859 3923 915 3992 25.
935 3924 1034 3992 Unde
1063 3930 1172 4014 patet,
1206 3923 1271 3994 hoc

99 4039 204 4123 eaput
225 4031 291 4099 IX.
321 4038 357 4100 et
380 4031 448 4102 duo
471 4031 652 4122 sequeutia
674 4031 796 4100 intime
830 4032 1012 4101 cohaerere
1036 4056 1112 4102 curn
1144 4031 1269 4123 capiti·

99 4137 162 4205 bus
178 4135 247 4204 III.
266 4147 301 4204 et
317 4135 380 4223 IV;
406 4135 543 4227 reliqua
559 4157 641 4203 vero
657 4139 721 4221 (cc.
740 4135 915 4217 v-Vffl.)
932 4136 988 4204 his
1003 4137 1047 4205 ad
1070 4137 1268 4228 ampliorem

98 4243 361 4334 explicationem
384 4243 597 4313 oeconomiae
620 4243 757 4334 gratiae
779 4265 841 4334 per
863 4243 1125 4334 Redemptorem
1154 4245 1269 4314 lesum

99 4349 275 4420 Christum
298 4349 507 4440 interposita
529 4353 662 4420 censeri
686 4373 797 4440 posse.
822 4350 891 4420 Hic
914 4373 1023 4420 nexus
1046 4351 1183 4419 omnino
1199 4351 1267 4420 ela·

100 4455 259 4525 risaimus
282 4456 313 4525 ai
336 4478 418 4545 pree
442 4456 553 4526 oculis
576 4456 758 4540 habeatnr,
784 4478 851 4524 non
876 4465 990 4547 potest
1013 4457 1169 4526 dubitari
1185 4481 1267 4528 euu-

243 4583 397 4638 recudi·
824 4623 829 4634 .
1090 4585 1125 4638 ιθ
