3240 5064
543 351 581 365 ..
601 318 662 380 257
683 352 721 368 ..

107 423 261 492 Constat
275 423 401 514 igitur,
420 423 511 493 hanc
525 447 737 494 communem
753 424 1037 494 distributionem
1050 425 1087 492 in
1104 427 1214 516 perfe-

46 530 196 616 ctiones,
224 551 313 622 quas
336 553 398 620 per
420 509 636 620 esparlonem
658 536 694 600 et
721 553 807 624 quas
835 554 895 620 per
919 531 1087 600 directam
1115 533 1217 622 affir-

43 640 227 726 mtioaem
249 635 472 727 concipimus,
491 639 646 728 proiecto
669 660 737 706 non
772 638 884 728 repeti
913 661 955 706 ex
987 641 1216 727 grammatica

44 745 152 811 forms
175 743 367 829 nominum
388 743 447 812 sed
471 767 513 812 ex
536 745 728 814 intrinseca
763 746 899 814 ratione
935 745 1213 835 perfectionum,

44 857 79 918 ut
100 873 122 917 a
145 852 250 918 nobis
273 852 540 941 intelliguntur,
560 875 661 922 suum
678 852 804 921 habere
820 852 1032 942 principium
1048 854 1111 940 (1),
1126 854 1216 923 eins-

44 981 104 1048 que
119 965 361 1049 contemptum
383 981 451 1027 non
467 981 509 1028 ex
526 959 747 1050 profundiori
774 959 933 1045 scientia,
955 961 1015 1030 sed
1030 983 1073 1029 ex
1088 961 1216 1030 leviori

43 1065 323 1136 consideratione
338 1067 557 1158 profluxisse.
576 1067 651 1136 Hoc
675 1073 790 1138 tamen
812 1091 881 1136 non
908 1068 1065 1157 impedit,
1084 1070 1214 1161 quomi-

43 1195 105 1242 nus
127 1173 197 1242 illa
221 1174 260 1241 in
276 1197 339 1242 suo
355 1175 432 1243 iure
448 1181 670 1264 permanente
693 1175 841 1266 adiungi
870 1174 1004 1266 possint
1029 1175 1120 1244 aliae
1145 1176 1214 1244 dis-

42 1281 233 1350 tinctiones
248 1301 291 1350 ex
307 1280 380 1350 alia
395 1281 537 1351 diversa
553 1282 829 1352 consideratione
852 1283 1059 1374 diversoque
1082 1283 1215 1352 ordinis

44 1389 231 1478 principio.

97 1493 143 1564 2⁶.
160 1495 257 1566 Sane
267 1495 400 1565 nemini
411 1495 535 1565 merito
552 1497 766 1586 improbetur
782 1496 986 1566 distributio
1002 1521 1105 1588 pones
1119 1499 1215 1570 theo-

44 1601 138 1692 logos
160 1625 235 1670 non
258 1603 462 1694 infrequens
485 1601 522 1670 in
546 1603 720 1670 attributa
743 1605 900 1672 absolata
917 1611 953 1674 et
966 1606 1130 1676 relativa.
1148 1606 1217 1678 Hic

45 1731 122 1778 vero
146 1711 334 1777 relativum
357 1733 425 1778 non
448 1709 490 1780 de
514 1709 683 1780 relatione
699 1711 787 1780 reali
804 1711 958 1779 adiuero
981 1713 1213 1804 intelligitur,

47 1817 100 1885 sed
122 1817 166 1886 de
190 1817 363 1886 relatione
396 1817 546 1888 rationis
576 1818 621 1886 ad
654 1819 843 1888 terminum
864 1841 886 1886 a
907 1820 979 1888 Deo
1002 1821 1215 1892 distinctum

47 1947 100 1993 seu
124 1923 173 1992 cd
196 1941 310 1995 aaa.
336 1927 379 1994 In
395 1925 461 1996 hac
490 1949 574 2017 ergo
598 1927 826 1996 distinctione
849 1927 1018 1997 dicuntur
1042 1929 1217 1998 attributa

48 2033 216 2116 obuoluta,
234 2056 322 2127 quae
344 2035 382 2103 in
405 2057 441 2104 se
457 2035 724 2104 considerantur
739 2035 814 2104 sine
830 2036 1136 2126 adsignificatioue
1147 2043 1216 2106 ter·

48 2141 126 2208 mini
142 2141 191 2208 ad
214 2156 329 2224 cetra·
345 2148 518 2211 vocantur
541 2141 717 2210 attributa
747 2143 918 2225 relatiua,
943 2164 1031 2234 quae
1061 2143 1216 2234 adsigni-

48 2247 150 2317 ficant
173 2249 363 2320 terminum
385 2271 407 2318 a
428 2251 501 2318 Deo
516 2250 736 2319 distinctum.

106 2358 160 2426 De
182 2357 240 2426 bis
262 2358 447 2427 attributis
469 2357 633 2428 relativis
655 2357 796 2428 adverti
819 2364 955 2448 potest,
983 2357 1073 2450 quod
1104 2381 1145 2428 ex
1170 2359 1216 2427 iis

51 2465 167 2556 aliqua
195 2466 448 2556 adsignifioant
477 2465 663 2534 terminum
692 2465 730 2533 iu
757 2472 854 2534 statu
884 2466 1135 2556 possibilitatis
1161 2490 1218 2536 ne·

51 2575 253 2658 cessarium,
279 2581 321 2643 ut
343 2575 491 2644 scientia
513 2573 683 2665 simplicis
705 2573 962 2663 intelligentiae
992 2574 1218 2664 adsignificat

52 2683 160 2751 omnia
182 2683 376 2775 possibilia,
394 2705 456 2753 seu
473 2707 589 2754 rerum
611 2683 781 2753 essentias
797 2684 834 2751 iu
850 2689 947 2751 statu
970 2683 1217 2772 possibilitatis

53 2791 272 2861 necessarias.
292 2791 377 2861 Alia
392 2791 644 2882 adsignificant
665 2791 852 2860 terminum
876 2789 922 2856 cd
945 2805 1045 2856 entra
1067 2813 1130 2879 pro
1153 2790 1217 2858 ali-

53 2919 112 2987 qna
134 2897 337 2968 differentia
358 2901 523 2990 temporis
546 2900 770 2983 existentem,
796 2903 833 2967 et
855 2897 932 2966 ideo
961 2921 1030 2966 non
1059 2897 1216 2968 absolute

55 3005 274 3074 necessarium
299 3006 359 3076 sed
381 3007 454 3075 Deo
477 3008 636 3100 liberum3
661 3029 731 3075 non
753 3011 869 3076 tamen
892 3005 1124 3076 denominatio
1140 3029 1216 3096 per-

55 3111 207 3181 fectionis
228 3113 358 3204 incipit
380 3137 457 3183 cum
476 3115 608 3184 actuali
631 3115 820 3183 existentia
835 3115 990 3184 termini.
1009 3113 1215 3205 Exemplum

110 3257 151 3336 (1)
168 3262 238 3316 (lum
256 3262 311 3316 bac
332 3262 490 3330 partitione
510 3262 571 3315 fare
585 3262 722 3316 coincidlt
742 3264 837 3316 altera
854 3263 886 3314 in
904 3263 1047 3318 attributa
1069 3263 1216 3315 incommu-

56 3353 185 3404 aicatila'c
203 3357 232 3407 et
251 3353 506 3416 communicabilis,
525 3352 574 3405 ubi
593 3353 732 3420 perfectio
752 3353 855 3407 diviua
873 3351 980 3406 dicitur
1004 3352 1216 3405 communicati-

57 3443 94 3504 lta,
110 3449 250 3511 quatenus
261 3445 294 3498 in
306 3445 479 3512 perfectione
499 3448 597 3498 creata
608 3444 696 3497 babet
709 3446 757 3498 vel
769 3445 874 3498 babere
890 3447 987 3511 potest
998 3443 1215 3511 respondentem

56 3533 301 3590 adumbrationem.
326 3535 388 3588 lion
411 3539 505 3590 autem
528 3550 626 3589 verum
646 3539 704 3602 est,
725 3533 800 3602 quod
820 3535 913 3601 aliqui
936 3537 1064 3587 recentes
1087 3533 1216 3598 theologi

58 3616 197 3691 dirarum,
218 3624 435 3677 distinctionem
455 3625 491 3678 ab
512 3625 586 3692 ipsis
606 3624 771 3692 adoptatam
792 3623 824 3675 in
847 3623 992 3676 attributa
1015 3622 1068 3675 Dei
1090 3626 1123 3675 ut
1144 3623 1216 3674 enta

59 3728 112 3762 osc
128 3717 157 3765 et
178 3717 212 3766 ut
231 3728 331 3764 corace
356 3715 501 3765 absolutae
524 3713 642 3766 eandem
665 3726 726 3766 esse
747 3727 808 3765 cum
830 3711 969 3766 communi
993 3726 1080 3778 penes
1102 3713 1215 3764 veteres

61 3802 203 3864 partitione
222 3803 254 3855 ln
276 3803 420 3856 attributa
445 3801 608 3869 significata
631 3816 682 3869 per
700 3802 868 3868 negationes
887 3804 917 3854 et
935 3801 1137 3854 affirmationes
1147 3839 1153 3866 ,
1179 3801 1214 3853 ab

60 3902 136 3956 eaque
155 3892 223 3957 solo,
244 3893 278 3943 ut
296 3893 445 3959 asserunt,
465 3891 574 3959 aptiori
594 3891 706 3944 nomine
725 3890 850 3944 differre
872 3889 1007 3955 Quamvis
1027 3889 1102 3942 enim
1121 3889 1215 3942 omnia

61 3981 198 4047 attributa,
213 3995 286 4048 quaa
300 3981 357 4033 Deo
369 3981 545 4035 conveniunt
558 3983 591 4034 ut
603 3997 703 4033 ccuace
716 3982 870 4045 absolutae,
887 3979 948 4032 sint
962 3979 1141 4045 affirmanda;
1157 3995 1213 4032 non

61 4073 143 4124 tanen
163 4073 224 4126 sola
236 4073 376 4138 neputia
395 4071 444 4125 sed
462 4071 554 4126 mults
573 4071 659 4126 etiam
680 4070 851 4124 affirmantia
870 4069 903 4122 de
924 4069 981 4121 Deo
1000 4066 1212 4135 praedicantur,

63 4161 90 4210 ut
104 4165 146 4214 est
162 4177 207 4214 aaa
228 4179 247 4213 a
263 4177 308 4224 ως
329 4177 355 4214 e.
372 4176 399 4227 g.
422 4159 495 4229 quod
521 4161 567 4214 est
591 4159 725 4213 absoluta
747 4159 872 4226 veritas,
900 4157 1029 4224 bonitas,
1051 4155 1215 4210 substantia

63 4247 255 4306 intellectualia
274 4255 328 4306 ete.
349 4252 448 4305 Potius
466 4251 577 4306 accedit
594 4250 663 4304 baec
677 4249 826 4304 distinctio
842 4249 1047 4304 attributorum
1066 4248 1139 4300 aaa·
1153 4263 1170 4298 a
1187 4262 1215 4300 ae

66 4346 89 4390 et
103 4357 193 4394 emuna
211 4343 357 4395 mactmus
374 4341 411 4394 ad
429 4341 519 4410 iliam,
541 4358 625 4409 quam
652 4343 684 4394 in
703 4344 786 4394 textu
805 4340 990 4406 subiloimus,
1017 4339 1050 4392 in
1071 4337 1215 4393 attributa

67 4429 177 4484 strom
198 4437 228 4485 et
245 4432 380 4484 racana.

190 4529 346 4583 rreaule'n
1039 4527 1071 4578 17
