3292 5062
567 357 605 368 -
629 323 687 382 167
708 355 745 368 -

82 450 160 496 anuo
178 428 247 496 408
272 429 336 498 boc
360 433 588 498 commentum
611 426 730 496 reiicit
753 427 891 519 quidem
926 429 1026 499 velut
1044 459 1061 495 ιι
1078 431 1243 521 iusipien-

81 539 156 604 tiam
173 563 190 598 ι
208 559 252 606 ac
270 565 288 600 ιι
305 536 514 605 dementiam
531 563 547 598 ι
565 537 628 623 (ib.
645 559 681 602 n.
696 537 729 602 5.
749 535 812 624 6.);
831 537 889 605 sed
906 559 982 605 cum
998 539 1114 630 aliqui
1124 561 1245 608 severo

80 645 134 713 boc
155 643 291 714 iudicio
314 645 440 712 offensi
462 650 589 728 essent,
614 643 786 711 mitiorem
810 644 946 712 modum
970 645 1134 736 loquendi
1164 647 1244 715 ado·

78 759 167 840 ptarc
190 753 309 842 coepit
335 776 389 842 ep.
409 751 486 820 147.
506 757 582 838 (seu
609 751 699 818 libro
716 750 758 819 de
775 750 923 821 videndo
939 753 1023 839 Deo,
1043 759 1085 822 ut
1100 754 1246 844 ipsemet

78 859 238 948 appellat)
264 859 310 928 ad
325 859 509 926 Paulinam
531 881 568 926 n.
585 858 642 926 48.
662 881 756 949 seqq.
774 866 809 926 et
825 879 878 949 ep.
898 859 975 928 148.
995 860 1040 928 ed
1071 860 1245 929 Fortuna·

76 969 213 1052 tianum,
242 968 306 1036 ubi
335 967 493 1036 concedit
516 965 743 1050 adversariis,
769 973 927 1056 oportere
951 967 1065 1036 adbuc
1096 968 1244 1059 diligen·

78 1077 140 1144 tius
161 1075 367 1168 inquirere,
382 1081 502 1145 utrum
529 1073 593 1144 hoc
617 1097 742 1163 corpus
770 1081 930 1142 nostrum
946 1081 1125 1144 terrenum
1140 1077 1193 1143 ite
1207 1076 1245 1143 in

77 1184 231 1272 spiritale
267 1183 537 1253 convertendum
568 1183 636 1268 sit,
664 1189 707 1250 ut
737 1181 860 1252 oculus
891 1184 1045 1272 eorporis
1071 1183 1245 1274 spiritalis

77 1291 178 1359 Deum
210 1291 348 1361 videat.
372 1292 451 1382 Ipse
481 1297 597 1360 temen
630 1313 762 1380 semper
792 1291 829 1358 in
859 1314 923 1360 sua
956 1291 1066 1380 priori
1096 1297 1132 1359 et
1162 1313 1247 1364 vera

76 1401 228 1488 perstitit
245 1400 435 1482 sententia,
454 1422 596 1491 eamque
619 1423 661 1467 ex
678 1399 843 1468 Patribus
859 1405 895 1467 et
910 1399 1118 1468 Doctoribus
1133 1399 1245 1467 Athe·
1291 1399 1298 1409 '

77 1507 177 1590 nasio,
205 1506 381 1596 Gregorio
404 1508 636 1592 Nazianzeno,
662 1507 857 1591 Ambrosio,
886 1507 1099 1595 Hieronymo
1123 1509 1244 1578 confir·

77 1635 159 1681 nare
190 1615 348 1684 studuit.
366 1617 534 1684 Attamen
564 1615 609 1683 ed
635 1614 842 1706 placandum
861 1614 1072 1705 Episcopum
1095 1614 1245 1706 aliquem

77 1723 112 1788 ob
139 1723 336 1792 severiores
362 1722 445 1790 illas
477 1744 641 1791 censuras
673 1721 740 1790 sibi
770 1723 900 1790 iratum
929 1723 1059 1792 subdit:
1082 1725 1156 1794 nde
1172 1747 1244 1793 cor-

77 1853 148 1918 pore
177 1839 301 1900 autern
331 1831 488 1921 spiritali
516 1832 677 1920 pacatius
705 1837 742 1899 et
773 1831 983 1919 diligentius
1013 1832 1244 1924 inquiremus,

76 1961 112 2005 ue
138 1940 231 2008 forte
261 1939 400 2030 aliquid
432 1945 565 2008 certum
597 1961 638 2007 ac
668 1938 853 2030 liquidnm,
885 1939 917 2006 si
947 1941 1046 2008 nobis
1070 1940 1134 2008 hoc
1157 1939 1246 2008 atsse

77 2068 141 2113 asse
168 2047 286 2132 novit,
313 2045 503 2114 secundum
534 2045 735 2136 Scripturas
764 2067 846 2114 suas
871 2046 967 2114 Dens
994 2047 1159 2136 dignetur
1190 2047 1245 2116 de-

77 2161 276 2223 monstrare.
308 2155 348 2222 Si
378 2154 469 2222 enim
496 2153 560 2222 hoc
591 2153 769 2223 invenerit
800 2153 984 2244 inquisitio
1014 2154 1243 2244 diligentior,

78 2267 200 2330 mntem
225 2261 383 2352 corporis
400 2263 558 2330 futuram
589 2261 827 2345 mutationem,
854 2267 896 2330 nt
920 2261 1032 2351 possit
1059 2261 1178 2331 videre
1193 2263 1245 2330 in·

78 2369 252 2455 visibilis,
278 2393 371 2454 non,
406 2377 447 2437 ut
477 2369 617 2458 opinor,
637 2369 723 2438 talis
763 2369 922 2458 potentia
953 2371 1108 2459 corporis
1138 2371 1246 2438 menti

79 2479 205 2546 auferet
228 2477 412 2563 visionem,
438 2483 479 2546 ut
494 2477 648 2545 exterior
671 2476 770 2546 bomo
795 2477 914 2547 videre
936 2479 1046 2547 Deum
1070 2485 1155 2548 tunc
1171 2502 1246 2569 pos·

79 2585 130 2668 sit,
145 2609 215 2654 nou
240 2587 352 2676 possit
375 2585 564 2654 interior...
591 2585 727 2671 Restat,
746 2592 788 2655 ut
810 2586 952 2655 iuterim
972 2587 1014 2655 de
1031 2587 1166 2656 visione
1181 2588 1247 2656 Dei

80 2693 258 2762 secuudum
280 2694 483 2763 interiorem
514 2694 686 2762 hominem
721 2694 910 2764 certissimi
926 2695 1053 2782 simus;
1075 2695 1106 2763 si
1130 2703 1245 2764 autem

79 2800 171 2868 etiam
186 2823 315 2892 corpus
335 2801 425 2869 mira
437 2803 703 2871 commutatione
716 2803 780 2872 boc
792 2801 958 2886 valuerit,
977 2801 1076 2870 aliud
1092 2803 1243 2886 accedet,

79 2927 137 2973 non
151 2907 246 2976 illud
269 2906 474 2976 abscedet.»
495 2930 548 2998 cp.
569 2909 625 2976 48.
643 2931 678 2976 n.
698 2908 753 2978 17.

135 3015 375 3084 Pulcherrime
398 3013 538 3082 taudem
561 3015 788 3104 Augustinus
812 3014 1047 3106 quaestionem
1072 3013 1163 3083 hanc
1179 3014 1244 3082 sol·

81 3120 127 3189 vit
139 3123 233 3192 circa
245 3144 376 3190 annum
387 3123 466 3191 427.
487 3123 529 3191 de
541 3122 617 3192 Civ.
633 3122 699 3192 Dei
710 3123 736 3191 l.
756 3121 875 3190 XXII.
894 3145 924 3190 o.
943 3121 998 3190 29.
1019 3121 1123 3192 Beati
1135 3121 1246 3190 Deum

82 3239 283 3318 cognoscunt
302 3259 317 3294 ι
335 3253 403 3298 non
427 3253 487 3320 per
512 3236 694 3299 creaturas
711 3231 824 3299 sedin
841 3238 1016 3314 creatura,
1037 3257 1053 3292 ι
1079 3229 1246 3324 utloqui·

82 3341 130 3404 tur
152 3338 187 3406 S.
206 3339 460 3406 Boneventura
484 3343 614 3428 (supra
636 3363 670 3428 p.
690 3339 790 3424 77.)ι
809 3343 914 3429 atque
949 3337 1027 3406 ideo
1059 3361 1138 3406 cunr
1168 3346 1247 3427 post

82 3447 359 3515 resurrectionem
382 3445 493 3514 oculis
509 3445 664 3534 corporis
681 3445 873 3534 glorificati
890 3445 1061 3515 videbunt
1080 3475 1095 3509 ι
1114 3445 1246 3514 coelum

83 3571 195 3620 novum
218 3559 256 3623 et
279 3561 410 3622 terram
440 3575 577 3638 novam,
599 3580 614 3614 ι
635 3553 672 3621 in
704 3560 867 3622 creatura
898 3574 986 3644 quae
1004 3581 1020 3616 ιι
1038 3552 1247 3622 liberabitur

84 3663 281 3731 acervituts
297 3661 534 3750 corruptionis
556 3662 594 3729 in
609 3659 808 3729 libertatem
826 3660 961 3749 gloriae
977 3659 1130 3728 filiorum
1142 3660 1209 3728 Dei
1227 3687 1242 3722 ιι

83 3763 182 3847 (Rom.
199 3769 304 3840 VIII.
323 3767 409 3856 ai),
428 3769 621 3838 clarissime
644 3768 858 3858 conspicient
880 3767 1065 3836 intellectu
1085 3787 1245 3855 praeseu-

83 3872 167 3960 tian,
192 3877 396 3968 potentiam,
414 3883 451 3945 et
465 3877 652 3946 essentiam
667 3876 733 3946 Dei
755 3899 825 3944 nou
848 3875 987 3968 quidem
1003 3874 1041 3940 in
1059 3895 1094 3942 se
1111 3873 1170 3942 sed
1186 3893 1247 3964 per

88 4157 131 4207 que
153 4145 247 4199 beatos
270 4149 338 4214 post
359 4145 597 4198 resurrectionem
619 4145 734 4198 visuros
752 4144 844 4197 oculis
863 4143 1007 4210 corporeis
1030 4142 1247 4208 supernaturali

88 4231 181 4288 vineta
209 4236 333 4288 elevatis
356 4234 447 4301 ipsam
467 4233 662 4288 divinitatem.
685 4233 745 4286 Hoc
765 4247 833 4285 vero
854 4233 1038 4286 commentum
1057 4230 1195 4294 Anatim,
1219 4229 1245 4282 si

88 4320 182 4386 siponi·
202 4327 304 4392 placat,
318 4327 416 4378 censet
435 4323 580 4390 pertinere
598 4321 634 4376 ad
659 4341 672 4368 ι
686 4321 844 4374 doctrinam
863 4320 1111 4374 ecclesiasticam
1131 4320 1171 4371 Dc
1185 4333 1246 4370 eon·
1264 4305 1267 4312 ²

91 4413 203 4467 muricus
219 4415 295 4468 Eccl.
306 4413 411 4467 orient.
427 4415 447 4466 l.
459 4414 499 4467 11.
512 4428 536 4465 c.
547 4413 590 4464 17.
603 4427 632 4464 n.
644 4413 669 4463 2.
685 4428 713 4477 p.
725 4412 789 4464 887.
