3262 5076
864 377 902 390 ..
923 343 984 404 532
1004 375 1042 390 .-

371 462 490 526 autem
514 451 728 521 antecedente
751 453 861 542 ipsam
870 452 1121 540 praecisio-nem
1130 453 1268 541 peccati
1284 451 1475 541 oriqiealie
1491 451 1540 520 ni·

371 563 425 634 hil
448 564 584 650 dicunt;
599 583 709 654 neque
732 559 823 629 euim
846 558 1011 628 damnare
1033 580 1116 629 suae
1140 565 1255 630 sectae
1271 563 1465 646 auctorem,
1483 581 1542 628 uec

372 672 519 763 probare
542 669 620 738 ausi
644 675 739 737 sunt.

436 775 622 847 Iauseuius
637 775 679 844 de
695 773 1011 866 praedestinatione
1026 780 1064 843 et
1077 773 1322 865 reprobatione
1339 775 1543 865 angelorum

372 893 408 956 et
430 885 608 954 hominum
625 883 662 951 iu
678 889 776 952 statu
792 882 1011 951 innocentiae
1027 882 1169 953 uidetur
1185 882 1381 953 doctrinam
1398 882 1545 952 retinere

373 992 624 1076 orthodoxam,
654 991 685 1059 si
712 989 829 1058 demas
858 989 934 1058 eius
960 1011 1095 1059 errores
1121 989 1216 1060 circa
1242 994 1377 1060 statum
1401 997 1545 1060 naturae

372 1102 543 1190 integrae,
562 1099 618 1167 cui
635 1098 755 1188 gratia
776 1098 887 1166 fuerit
908 1097 1097 1182 naturalis,
1121 1100 1158 1166 et
1180 1104 1450 1188 consequentem
1470 1099 1546 1168 inda
1622 1139 1623 1200 q

372 1209 509 1277 modum
525 1205 688 1299 loquendi
704 1205 746 1274 de
761 1206 1078 1296 praedestinatione
1094 1205 1167 1275 fere
1184 1205 1432 1295 Pelagiauum.

440 1317 473 1404 b)
481 1315 641 1384 Ulterius
653 1313 777 1384 docent
787 1314 891 1384 iidem
900 1313 1113 1384 Calvisianiz
1123 1335 1166 1382 ex
1178 1335 1292 1383 massa
1303 1313 1371 1382 illa
1382 1315 1546 1384 damnata
1622 1361 1623 1378 ,

372 1427 468 1494 Deus
484 1446 552 1492 non
569 1423 680 1492 solum
696 1425 853 1512 prosaico
878 1421 1024 1490 decrevit
1039 1421 1177 1515 aliquae
1192 1422 1345 1510 salvare;
1365 1423 1429 1493 sed
1444 1424 1545 1493 etium

375 1533 615 1630 decrevitpos
638 1532 774 1599 eclocre
800 1533 979 1622 praealto,
1003 1530 1105 1601 nulla
1127 1529 1250 1600 habita
1280 1531 1422 1602 ratione
1453 1531 1543 1616 fidei,
1622 1611 1623 1614 Ἴ

374 1641 600 1724 obedientiae,
616 1639 819 1709 sanctitatis
834 1645 1011 1732 tamquam
1027 1660 1153 1708 causae
1169 1639 1227 1710 vel
1243 1639 1465 1710 conditiones
1479 1643 1546 1708 eine

374 1773 442 1840 quo
455 1772 521 1814 noc
535 1751 579 1834 (c.
590 1747 621 1814 Ι.
632 1751 701 1813 art.
717 1745 817 1835 8-10;
833 1748 953 1817 Doctr.
969 1747 1085 1816 damu.
1096 1752 1166 1814 art.
1179 1748 1242 1833 5.).
1253 1745 1380 1816 Omnes
1395 1746 1545 1838 reliquos
1622 1809 1623 1812 ,

372 1857 528 1926 homines
545 1857 641 1924 Deua
656 1878 699 1924 ex
715 1877 810 1924 mera
825 1855 921 1923 iusta
937 1877 1000 1924 sua
1016 1854 1201 1924 voluntate
1216 1855 1376 1924 decrevit
1391 1855 1432 1924 in
1448 1855 1545 1945 lapsu

371 1966 471 2034 Adae
494 1959 530 2032 et
552 1970 648 2032 statu
667 1963 901 2031 damnationis
917 1963 1127 2054 relinquere,
1145 1984 1271 2053 eosque
1294 1961 1332 2030 in
1357 1962 1543 2032 commuui-
1614 2012 1620 2047 ,

373 2072 508 2142 catione
524 2073 662 2162 gratias
679 2071 894 2140 necessariae
917 2071 962 2139 ad
985 2070 1088 2138 fidem
1110 2075 1147 2139 et
1170 2070 1433 2140 conversionem
1453 2090 1542 2161 prae·

372 2181 480 2249 terire
495 2208 511 2242 n
530 2203 560 2248 c.
575 2180 605 2267 1,
620 2181 741 2248 Doctr.
756 2179 871 2248 damn.
888 2185 957 2248 art.
972 2179 1005 2246 8.

438 2289 623 2358 Iansenius
639 2289 676 2358 iu
692 2311 731 2358 eo
747 2288 857 2357 solum
874 2289 1063 2377 discrepat,
1083 2287 1174 2380 quod
1197 2287 1360 2356 meritum
1376 2287 1540 2356 bonorum

373 2420 514 2488 operum
538 2419 606 2464 non
629 2403 750 2485 negat,
774 2418 838 2465 nec
861 2397 967 2465 etiam
983 2401 1104 2485 negat,
1121 2393 1279 2484 reprobis
1294 2394 1399 2464 fidem
1414 2399 1456 2464 et
1470 2415 1540 2463 san-

373 2504 620 2575 ctificationem
631 2503 877 2594 temporariam
895 2502 1047 2574 concedi.
1062 2503 1230 2572 Attamen
1241 2525 1310 2571 uon
1322 2501 1439 2572 solum
1451 2523 1540 2594 prae
1622 2593 1623 2597 Ἰ

372 2610 561 2681 destinatio
577 2608 621 2677 ad
638 2609 792 2699 gratiam
816 2615 872 2699 (ut
887 2633 1002 2678 omnes
1017 2610 1143 2679 docent
1157 2609 1365 2696 Catholici),
1392 2615 1431 2679 at
1453 2629 1539 2701 prae
1619 2637 1620 2640 ¹

372 2718 562 2788 destinatio
585 2717 630 2785 ad
653 2717 803 2806 gloriam
827 2717 933 2809 (quod
959 2716 1073 2809 aliqui
1096 2738 1139 2784 ex
1162 2714 1355 2786 Catholicis
1387 2719 1537 2800 tenent),

373 2828 475 2896 iuxta
508 2825 708 2894 Ianseuium
744 2827 839 2894 facta
871 2831 926 2895 est
955 2847 976 2892 a
1006 2826 1079 2894 Deo
1111 2823 1326 2892 antecedente
1361 2825 1539 2896 voluntate

371 2941 407 3002 et
429 2933 529 3002 nulla
555 2933 678 3001 habita
702 2933 839 3002 ratione
867 2933 1091 3021 meritorum;
1122 2933 1181 3002 ssd
1209 2933 1315 3002 etiam
1345 2931 1538 3024 reprobatio
1622 2953 1623 2970 ¹

372 3041 536 3124 omnium,
563 3041 624 3132 qui
648 3044 806 3130 pereunt,
833 3040 1030 3131 etquidem
1054 3041 1251 3130 reprobatio
1276 3039 1446 3130 positiva,
1464 3060 1537 3132 qua·
1622 3081 1623 3102 r

371 3154 473 3216 tenus
489 3155 542 3218 est
557 3147 713 3216 exclusio
730 3168 751 3213 a
767 3146 843 3214 vita
859 3153 1002 3214 aeterua
1025 3153 1063 3216 et
1086 3147 1325 3215 condemnatio
1340 3145 1386 3214 ad
1403 3167 1536 3236 poenam
1620 3223 1621 3230 ,

373 3255 503 3340 damni,
530 3255 626 3322 facta
648 3258 702 3322 est
725 3251 862 3321 decreto
885 3253 1112 3334 antecedente·
1128 3273 1248 3342 nempe
1264 3252 1360 3320 Deus
1382 3251 1537 3344 praevisa

371 3363 476 3430 ruina
498 3361 669 3430 humanae
697 3365 845 3430 naturae
868 3360 905 3429 in
928 3359 1063 3429 Adamo
1086 3381 1144 3428 eos
1167 3383 1283 3428 omnes
1311 3361 1472 3431 decrevit
1491 3381 1534 3428 re

370 3471 530 3561 linquere
554 3469 591 3536 iu
614 3491 729 3536 massa
752 3468 928 3554 damnata,
947 3492 990 3537 ex
1007 3491 1202 3561 quareque
1222 3491 1284 3558 per
1306 3469 1534 3538 remissionem

371 3577 492 3668 culpae
515 3576 702 3666 originalis
718 3582 754 3645 et
769 3599 831 3667 per
847 3578 1094 3668 temporariam
1114 3577 1402 3647 iustificatiouem
1419 3601 1533 3648 eruun-

370 3693 442 3754 tur.
472 3685 665 3754 aPositiva
693 3685 910 3775 reprobatio,
937 3685 1055 3775 iuquit
1076 3685 1280 3772 Ianseuius,
1310 3683 1533 3776 intelligenda

369 3799 424 3862 est
439 3792 503 3878 ita,
523 3799 565 3861 ut
582 3791 645 3862 hoo
661 3794 737 3883 ipso
754 3799 886 3862 ceteros
901 3792 1111 3882 praeteritos
1134 3795 1186 3882 (in
1209 3793 1531 3884 praedestinatione)

369 3901 522 3990 positive
545 3901 700 3972 voluerit
715 3903 899 3972 excludere
914 3903 957 3972 ab
973 3910 1117 3973 aeterua
1132 3905 1250 3973 vita...
1269 3904 1361 3996 quod
1377 3925 1461 3974 saue
1475 3923 1531 3970 uon

369 4013 424 4076 est
446 4008 544 4078 aliud
568 4031 672 4101 quam
696 4010 787 4080 velle
814 4011 1002 4095 damnare,
1037 4019 1212 4103 quatenus
1241 4011 1397 4081 exclusio
1422 4035 1445 4080 a
1465 4009 1531 4079 via

369 4121 512 4182 aeterua
534 4125 570 4184 et
593 4139 700 4205 regno
723 4117 788 4186 Dei
816 4119 1029 4206 gravissima
1060 4124 1242 4188 creaturae
1271 4117 1459 4186 rationalis
1486 4121 1529 4186 est

368 4221 588 4290 damuatio...
606 4222 789 4292 Peccatum
813 4223 986 4314 originale
1009 4231 1064 4294 est
1087 4247 1194 4293 causa
1212 4225 1467 4315 reprobationis
1480 4246 1527 4314 po·

369 4327 510 4413 sitivae,
529 4351 598 4421 qua
614 4337 791 4423 tamquam
814 4331 981 4420 indignus
1005 4331 1191 4422 repellitur
1206 4333 1251 4400 ab
1266 4339 1429 4403 aeternae
1446 4333 1526 4401 vitae

369 4435 556 4522 beneficio,
582 4437 655 4508 sive
679 4439 747 4510 iste
773 4439 945 4529 parvulus
973 4439 1031 4510 vel
1058 4441 1202 4511 adultus
1233 4441 1364 4527 fuerit,
1396 4443 1470 4514 sive
1491 4437 1525 4509 ad
