3224 5068
921 375 958 390 ..
980 346 1039 407 234
1061 377 1099 392 ...

425 471 486 518 ens
509 449 674 520 distincte
708 449 865 535 dicitur,
891 449 944 518 ita
966 456 1165 540 comparata
1187 457 1264 536 est,
1290 459 1332 520 ut
1360 451 1602 542 essentialiter

425 557 548 647 exigat
569 555 836 648 applicationem
859 557 970 648 primo
986 559 1030 626 ad
1047 559 1083 627 id
1100 557 1192 650 quod
1206 580 1250 627 ex
1266 557 1460 628 intrinsece
1481 583 1582 628 neces·

425 663 533 732 sitate
556 663 802 753 principaliter
825 675 861 734 et
884 665 921 732 in
945 665 1237 754 plenitudinem
1255 681 1316 748 est,
1333 673 1369 736 et
1392 667 1581 736 secundarie

425 769 469 838 ad
485 769 522 840 id
538 769 629 862 quod
646 793 688 839 ex
705 769 783 860 ipsa
800 794 883 839 sune
898 771 1060 840 entitatis
1083 774 1218 842 ratione
1241 781 1295 842 est
1309 773 1423 842 solum
1444 774 1582 842 imitatio

424 879 516 948 entis
539 878 703 962 absoluti,
723 879 845 946 abillo
861 879 999 970 pendet,
1018 885 1054 950 ct
1068 881 1112 949 ad
1129 881 1220 951 illud
1236 881 1477 951 habitudinem
1493 881 1579 949 dicit.

424 986 524 1056 Unde
547 988 642 1056 notio
665 987 731 1055 illa
753 987 846 1057 entis
869 1011 937 1056 non
959 995 1014 1058 est
1036 989 1214 1058 abstracta
1237 989 1301 1074 ita,
1328 997 1372 1058 nt
1395 1013 1466 1058 nna
1487 997 1521 1058 et
1535 1012 1581 1056 ee·

423 1093 500 1162 dem
530 1095 622 1162 ratio
654 1094 746 1163 entis
776 1093 1088 1185 comprehendatur
1118 1097 1156 1164 in
1188 1096 1325 1165 dnobus
1354 1098 1527 1186 (increato
1552 1103 1581 1164 et

424 1207 567 1290 creato),
588 1223 676 1295 quae
698 1203 782 1270 aliis
804 1203 1016 1272 differentiis
1038 1205 1131 1272 iuter
1148 1227 1184 1274 se
1199 1205 1482 1294 distinguant-ur,
1500 1205 1580 1272 siout

423 1307 515 1376 ratio
539 1309 680 1398 generis
695 1311 921 1398 metaphysica
934 1309 1051 1378 eadem
1074 1311 1250 1400 reperitur
1267 1312 1304 1380 in
1320 1312 1499 1401 speciebus
1513 1309 1578 1377 sub·
1602 1335 1603 1410 p

422 1417 536 1504 iectis;
562 1417 622 1486 sed
646 1441 703 1484 aaa
717 1417 931 1487 abstractum
955 1425 1010 1487 est
1023 1417 1087 1503 ita,
1113 1425 1156 1488 ut
1177 1419 1261 1488 licet
1283 1443 1352 1488 non
1376 1419 1603 1509 exprimatur*

423 1547 483 1592 ens
506 1525 699 1594 increatum
723 1525 779 1592 vel
803 1531 978 1611 creatum,
1005 1534 1119 1596 tamen
1148 1526 1185 1594 in
1209 1550 1278 1596 nno
1307 1528 1401 1596 ratio
1431 1527 1520 1596 entis
1540 1523 1577 1590 sit

423 1633 525 1722 plane
549 1633 622 1700 alia
654 1655 757 1725 quam
780 1634 1072 1705 inaltero.1deo
1102 1636 1196 1704 notio
1220 1635 1286 1703 illa
1319 1636 1413 1704 entis
1447 1658 1512 1704 non
1533 1646 1577 1702 est

422 1742 596 1827 pecorias,
616 1740 675 1808 sed
698 1742 898 1830 asclepion,-
914 1742 950 1810 h.
968 1764 998 1810 e.
1025 1749 1108 1832 apta
1131 1749 1172 1812 ut
1196 1743 1256 1811 uui
1278 1743 1476 1834 applicetur
1497 1743 1577 1832 prin-

421 1845 597 1936 cipaliter,
611 1845 694 1914 aliis
709 1849 897 1917 secundum
914 1847 1089 1918 diversam
1105 1849 1275 1918 rationem
1292 1873 1370 1918 oum
1386 1849 1576 1917 subordina-

422 1952 516 2021 tione
538 1957 575 2021 et
597 1952 803 2023 habitudine
826 1955 870 2023 ad
885 1954 977 2024 illud
992 1955 1102 2045 prius:
1121 1955 1214 2025 sicut
1228 1979 1258 2024 e.
1278 1980 1314 2045 g.
1333 1977 1393 2024 ars
1415 1956 1575 2022 abstracte

421 2061 641 2130 considerata
664 2085 731 2130 non
755 2062 843 2132 dicit
865 2063 1032 2132 distincte
1047 2069 1156 2131 artem
1173 2065 1210 2131 iu
1228 2069 1340 2132 mente
1364 2063 1511 2131 artificis
1529 2059 1574 2127 vel

419 2174 530 2237 artem
554 2169 729 2258 inopere,
755 2171 815 2240 sed
839 2171 981 2263 utrique
1006 2171 1192 2240 secundum
1215 2169 1321 2238 aliam
1347 2179 1384 2240 et
1405 2171 1506 2238 aliam
1528 2191 1572 2236 ra·

419 2275 549 2344 tionem
572 2275 744 2366 applicari
778 2284 893 2368 potest
917 2277 1012 2365 (vide
1036 2279 1167 2348 Suarez
1190 2277 1390 2370 Metephys.
1413 2278 1501 2369 disp.
1524 2275 1571 2342 ld.

423 2389 508 2452 sect.
523 2382 556 2452 3.
572 2407 606 2452 n.
618 2383 704 2470 21.).

485 2491 560 2558 Iam
573 2491 630 2560 his
642 2491 766 2582 positis
782 2493 960 2582 responsio
973 2494 1017 2564 ad
1035 2493 1201 2562 obiectum
1214 2492 1456 2562 difficultatem
1468 2491 1571 2560 facilis

419 2607 484 2669 este
504 2598 640 2691 quando
656 2599 839 2692 quaeritur
863 2607 981 2670 utrum
1004 2608 1082 2691 post
1103 2603 1310 2671 creationem
1328 2601 1377 2670 sit
1388 2601 1468 2690 plna
1482 2601 1569 2677 entis,

418 2731 487 2776 nou
510 2713 625 2798 potest
644 2708 767 2798 quaeri
789 2715 908 2777 utrum
932 2709 1122 2799 pinsentis
1144 2709 1365 2778 contineatur
1387 2709 1425 2776 iu
1447 2707 1569 2776 notione
1604 2763 1605 2786 ,

417 2818 607 2904 abstracta;
622 2817 716 2886 sicut
727 2837 909 2909 quaerens,
920 2822 1038 2886 utrum
1049 2823 1269 2908 postoreatos
1280 2817 1436 2886 homines
1446 2817 1493 2886 sit
1504 2815 1569 2906 plus
1604 2821 1605 2868 ἒ

418 2925 660 3010 humanitatis,
672 2947 740 2992 non
752 2924 821 2993 sibi
831 2925 922 3010 vult,
934 2925 965 2994 si
982 2933 1093 2995 mente
1106 2926 1155 2995 sit
1165 2947 1263 3011 sana,
1275 2931 1395 2996 utrum
1407 2930 1483 3016 post
1493 2944 1569 2992 orec

416 3035 546 3104 tionem
568 3033 648 3122 plus
671 3033 893 3102 contineatur
917 3033 954 3102 in
978 3033 1117 3102 notione
1139 3033 1317 3102 abstracta
1339 3032 1565 3112 humanitatis

415 3141 506 3234 quod
530 3141 621 3211 enim
644 3141 783 3210 notione
813 3142 992 3211 abstracta
1023 3141 1348 3232 comprehenditur,
1373 3163 1436 3210 neo
1458 3136 1566 3227 augeri

418 3253 534 3337 potest
556 3269 619 3316 nec
643 3247 763 3316 minui.
792 3245 922 3316 Sensus
945 3271 1028 3338 crgo
1050 3247 1266 3340 quaestionis
1288 3253 1354 3331 est,
1373 3254 1489 3316 utrum
1508 3241 1565 3311 exi·

416 3355 590 3426 stantibus
614 3357 683 3424 iam
706 3357 881 3424 creaturis
904 3355 1007 3446 plura
1030 3356 1174 3425 realiter
1197 3356 1371 3440 existant,
1398 3353 1565 3446 inquibus

415 3465 508 3533 ratio
531 3463 622 3531 entis
645 3463 752 3532 realis
776 3485 836 3533 seu
854 3466 963 3550 ipsias
987 3487 1054 3531 esse
1076 3467 1115 3528 in
1138 3477 1216 3529 accc
1240 3463 1454 3548 verificetur,
1479 3481 1563 3552 quam

416 3571 490 3640 solo
512 3578 590 3640 ente
613 3571 808 3640 necessario
839 3570 1024 3638 existente.
1050 3569 1147 3660 Ergo
1169 3571 1206 3638 iu
1237 3571 1303 3640 hac
1330 3569 1563 3660 comparatione

414 3681 484 3748 iam
507 3679 600 3748 ratio
623 3678 715 3747 entis
738 3677 937 3768 applicatur
959 3678 1004 3746 ad
1021 3677 1178 3762 diversa,
1197 3683 1233 3748 et
1247 3678 1444 3768 concipitur
1458 3701 1510 3744 ear
1523 3674 1562 3740 di·

415 3793 532 3856 vincm
554 3795 590 3856 et
613 3811 671 3854 em
693 3789 944 3876 participatum
957 3835 967 3869 ,
992 3807 1081 3878 quae
1103 3787 1140 3854 in
1165 3787 1242 3878 ipsa
1270 3808 1429 3876 suprema
1450 3783 1562 3854 ratione

415 3899 504 3962 entis
528 3895 665 3964 omniuo
680 3895 863 3963 differunt.
881 3893 962 3963 Ideo
978 3899 1093 3962 manet
1107 3893 1283 3984 responsio
1306 3894 1468 3984 superius
1483 3892 1559 3960 data.

413 4003 491 4072 Non
514 4007 660 4094 possunt
683 4001 821 4070 scilicet
843 4001 1084 4070 connumerari
1107 4023 1196 4093 qnae
1218 4001 1294 4090 ipsa
1322 4000 1458 4070 ratione
1489 3995 1560 4068 etis

413 4110 506 4179 inter
522 4133 558 4179 se
573 4109 755 4196 differunt3
775 4107 835 4176 sed
850 4107 1045 4192 dicendum,
1062 4129 1125 4176 neo
1138 4129 1212 4176 esse
1226 4129 1289 4176 nec
1300 4129 1375 4176 esse
1388 4129 1483 4198 posse
1499 4103 1560 4194 plus

411 4217 505 4286 eutis
528 4217 654 4301 divini,
682 4216 773 4309 quod
796 4221 851 4285 est
873 4215 986 4307 ipsum
1001 4216 1090 4284 ane
1104 4215 1142 4284 in
1164 4215 1327 4284 absolute
1348 4213 1557 4306 plenitudine

412 4346 487 4392 esse
510 4347 593 4392 vero
615 4323 696 4416 plns
719 4321 828 4392 realis
850 4322 944 4392 entis
967 4322 1185 4413 participati,
1205 4345 1265 4392 seu
1288 4323 1407 4413 potius
1429 4321 1558 4410 incipero

410 4453 472 4522 per
495 4431 705 4501 creationem
728 4437 765 4498 et
786 4429 910 4519 augeri
935 4451 1032 4519 posse
1055 4451 1117 4497 ens
1139 4427 1387 4519 participatum
1411 4427 1508 4510 reale,
1527 4443 1556 4488 ιο
