3240 5064
536 370 575 387 ..
595 339 657 401 233
678 371 716 387 -

54 444 184 537 proinde
194 443 455 537 comprehensio
470 447 643 514 essentiae
667 444 807 514 infinite
829 443 1072 535 intelligibilis
1086 465 1129 512 ex
1152 462 1218 512 sua

54 555 182 623 formali
204 553 342 624 ratione
362 559 420 623 est
441 552 635 624 intellectio
659 555 827 622 intensive
848 553 1005 622 infinita.
1023 551 1151 620 Melius
1174 573 1217 621 ex

53 662 294 756 adaequatione
317 665 489 730 intensiva
511 667 691 754 tamquam
713 685 756 731 ex
785 661 960 754 principio
997 659 1217 750 intelligitur

52 769 249 861 adaequatio
273 772 449 836 sentenciae
480 774 659 860 umquam
693 791 931 861 consequens,
957 789 1061 860 quam
1096 766 1217 837 ordina

51 876 193 946 inverso.
210 877 312 947 Unda
333 883 370 946 et
386 877 555 966 formeiis
569 881 662 944 ratio
687 875 1122 967 incomprehensibilitatis
1149 875 1216 944 Dei

51 983 82 1048 iu
102 1005 140 1051 eo
162 990 229 1068 eet,
254 983 347 1076 quod
370 984 512 1053 infinita
538 985 707 1075 perfectio
741 983 882 1053 infinite
922 982 1168 1073 cognoscibilis
1194 1004 1216 1050 a

50 1089 139 1160 nullo
161 1091 350 1162 intellectu
373 1092 473 1162 finito
496 1093 658 1184 cognosci
681 1097 807 1184 potest,
825 1097 994 1184 quantum
1017 1097 1072 1160 eet
1094 1113 1216 1182 cogno·

49 1199 198 1287 scibilis;
215 1223 284 1270 nou
307 1207 425 1270 autem
447 1202 485 1270 in
507 1225 570 1287 eo,
590 1202 682 1294 qnod
704 1225 766 1292 per
793 1201 961 1272 visionem
985 1205 1138 1270 creatam
1161 1221 1213 1268 es·

51 1307 176 1378 nutias
199 1330 268 1377 non
290 1315 440 1400 possunt
461 1309 624 1400 cognosci
650 1309 777 1394 omnia,
804 1330 891 1400 quae
913 1329 936 1376 a
958 1307 1030 1377 Deo
1046 1307 1215 1377 distincta

51 1413 171 1484 hebent
191 1411 363 1485 rationem
387 1417 539 1487 alicuius
562 1417 740 1487 veritatis.

109 1523 143 1610 b)
156 1523 330 1592 Formalis
352 1524 444 1594 ratio
474 1523 741 1616 inaequalitatis
775 1523 812 1592 in
847 1523 982 1593 visione
1016 1521 1210 1607 intuitiva,

52 1651 112 1722 qna
132 1653 247 1700 omnes
270 1631 366 1700 beati
388 1631 512 1701 vident
533 1632 645 1700 Deum
667 1631 761 1702 sicut
784 1631 821 1700 in
836 1654 872 1701 ae
889 1636 955 1716 est,
975 1637 1147 1723 quatenus
1160 1635 1215 1700 est

52 1737 133 1804 sisic
154 1737 325 1807 esseutiae
348 1743 391 1807 ut
412 1738 538 1808 obiecti
561 1738 732 1829 primarii,
751 1738 983 1808 constituitur
1006 1737 1132 1807 maiori
1155 1737 1214 1808 vel
1352 1817 1357 1826 ‚

52 1843 167 1914 minori
188 1845 385 1915 intensione
407 1851 443 1915 et
466 1845 629 1916 claritate
651 1845 824 1933 visionis,
849 1870 919 1916 non
941 1851 1059 1916 autem
1085 1847 1213 1916 maiori

54 1952 102 2020 rel
123 1953 248 2022 minori
270 1956 466 2021 extensione
488 1954 601 2046 quoad
632 1955 802 2024 obiectum
833 1953 1102 2039 secundarium,
1127 1955 1214 2025 licet

55 2057 129 2129 baec
149 2061 350 2130 differentia
375 2064 582 2128 extensionis
604 2084 647 2131 ex
678 2062 879 2131 differentia
903 2064 1109 2129 intensionis
1132 2086 1210 2132 con·

54 2173 219 2259 sequatur.
237 2169 312 2238 Hoc
328 2169 427 2238 modo
442 2169 573 2239 Suarez
590 2170 664 2260 ipse
680 2169 778 2238 illam
795 2169 1083 2261 inaequalitatem
1099 2169 1137 2238 in
1154 2170 1206 2240 vi·

54 2274 193 2346 sicuaet
216 2275 433 2346 beatitudine
456 2277 635 2347 essentiali
650 2279 805 2369 explicat
819 2277 845 2345 l.
860 2277 910 2346 H.
930 2300 959 2346 e.
977 2276 1032 2346 19.
1051 2302 1086 2347 n.
1099 2277 1133 2348 4.
1151 2279 1206 2366 12;

53 2403 77 2448 c.
92 2383 146 2453 22.
162 2409 196 2454 ιι.
215 2385 248 2453 1.
267 2385 301 2452 8.
319 2384 416 2475 Ergo
441 2386 559 2456 eodem
588 2386 687 2455 modo
716 2386 903 2456 discrimen
934 2386 1081 2454 formale
1112 2387 1212 2455 inter

55 2493 361 2580 oonpretsnsionem
396 2507 428 2560 et
457 2495 620 2562 visionem
644 2496 847 2562 intuitiones
878 2493 1127 2564 declarandum
1158 2499 1212 2564 eat

55 2601 238 2670 excisione
260 2599 375 2692 ipsius
398 2601 524 2672 obiecti
547 2603 735 2693 primarii3
770 2601 883 2694 quoad
912 2600 977 2671 hoc
1005 2608 1120 2672 autem
1143 2625 1212 2670 non

55 2703 208 2778 differunt
231 2712 426 2777 extensione
448 2710 509 2781 sed
532 2710 644 2778 solum
668 2712 859 2776 intensione
874 2723 906 2775 et
922 2709 1097 2780 claritate.
1115 2710 1211 2780 Vera

54 2815 130 2884 euim
161 2822 216 2887 est
238 2817 398 2887 doctrina
421 2817 458 2886 S.
477 2817 628 2887 Thomae
652 2817 684 2886 1.
704 2842 738 2909 q.
758 2817 813 2887 12.
832 2839 864 2886 a.
884 2817 917 2886 7.
936 2817 981 2888 ad
1005 2817 1039 2886 2.
1058 2819 1102 2886 ab
1132 2817 1211 2907 ipsc

56 2917 206 2995 Suareaio
222 2925 263 3013 (l.
282 2948 312 2996 e.
324 2949 354 2994 c.
367 2925 423 2994 22.
441 2949 477 2994 ιι.
497 2925 547 3013 8.)
565 2925 622 2993 his
634 2925 751 2995 verbis
766 2924 954 3016 descripta:
975 2954 991 2989 s
1012 2926 1129 2994 beatos
1143 2947 1211 2994 non

55 3033 322 3123 comprehendere
344 3033 465 3118 Deum,
481 3057 548 3100 non
572 3035 658 3124 qnia
679 3057 749 3098 ncn
764 3030 917 3120 oideent,
932 3031 1106 3124 quidquid
1119 3036 1156 3099 in
1173 3058 1209 3102 eo

55 3153 109 3220 est,·
128 3139 186 3207 sed
207 3144 295 3232 quie
310 3165 379 3207 non
390 3141 547 3230 perfecte
562 3139 691 3210 vident:
708 3146 744 3210 et
760 3139 798 3208 iu
815 3139 988 3209 solutione
1000 3141 1045 3210 ad
1058 3141 1092 3210 3.
1103 3141 1211 3233 expli·

56 3253 108 3332 cat,
123 3245 211 3318 banc
234 3249 580 3341 perfectionemque
602 3245 747 3318 differat
769 3247 860 3318 visio
884 3248 1063 3318 beaterum
1084 3271 1209 3320 acom-

54 3352 276 3439 prsbensioue)
291 3377 360 3420 nen
384 3377 452 3422 esse
475 3353 756 3424 considerandum
780 3378 822 3422 en
845 3369 950 3446 parte
980 3357 1127 3438 obiecti,
1152 3353 1212 3423 sed

55 3461 182 3529 tanede
194 3459 351 3544 videndi·
361 3486 442 3530 nam
453 3463 617 3530 obiectam
632 3476 738 3530 totam
752 3462 900 3546 videtur,
913 3469 950 3534 et
963 3465 1073 3532 omnis
1089 3463 1211 3533 modus

54 3569 155 3658 quiin
178 3569 255 3662 ipso
277 3575 343 3654 ast,
362 3570 499 3639 scilicet
515 3571 605 3663 quod
628 3570 768 3639 infinite
790 3571 924 3640 existat
946 3575 982 3640 et
1003 3571 1141 3640 infinite
1158 3571 1208 3640 sit

54 3676 278 3764 cognoscibile,
306 3679 462 3768 quamvis
483 3701 550 3743 non
575 3679 713 3766 infinite
735 3676 937 3746 videntum

107 3788 136 3871 e)
156 3784 327 3854 Doctrina
342 3784 536 3854 SJPbomaa
548 3785 706 3854 omnibus
717 3784 804 3855 locis
817 3809 926 3876 supra
938 3785 1059 3856 citatis
1073 3785 1207 3877 (pata.

58 3886 136 3978 230.)
147 3891 220 3961 eine
230 3891 337 3961 dubio
353 3913 395 3960 aa
416 3899 480 3977 est,
500 3916 603 3985 quam
615 3892 785 3964 hactenus
803 3893 1072 3979 declaravimus,
1087 3902 1209 3987 estque

59 3999 222 4070 manifesta
246 4000 304 4069 vel
327 4023 369 4070 ex
392 4000 438 4068 iis
461 4000 558 4086 solis,
579 4024 668 4093 quae
685 4002 782 4071 modo
805 4023 827 4068 a
851 4001 1019 4071 Suareaic
1035 4002 1213 4092 descripta

58 4103 199 4176 vidimus.
216 4107 328 4176 Docet
349 4107 516 4176 nimirum
538 4107 756 4199 Angelicus,
775 4107 870 4178 sicut
893 4109 930 4177 in
963 4108 1098 4180 visione
1133 4110 1210 4178 bea·

59 4211 137 4282 titos
157 4221 239 4284 sunt
260 4215 482 4285 differentiae
503 4239 545 4285 ex
570 4217 669 4286 modo
704 4217 848 4286 clariori
880 4217 937 4287 vel
968 4217 1084 4287 minus
1114 4217 1211 4288 claro

61 4317 180 4390 ridendi
201 4322 292 4392 idem
317 4321 501 4406 obiectum,
527 4323 581 4391 ita
604 4325 926 4414 comprehensionem
947 4326 1118 4396 essentiae
1138 4325 1209 4395 vir·

65 4429 195 4523 tutisque
218 4431 362 4504 divinae
383 4433 527 4504 differre
549 4435 593 4502 ab
617 4435 710 4510 omni
740 4434 876 4510 visione
910 4441 1029 4506 creata
1062 4458 1104 4505 ex
1134 4436 1209 4526 ipso
