3262 5076
574 397 610 410 -·
632 365 692 427 519
714 399 750 411 ·-

72 475 270 558 acceptante
285 469 561 539 satisfactionem
574 478 679 562 atqua
693 471 731 537 in
744 471 925 540 voluntate
942 471 1094 540 humana
1106 471 1241 538 Christi

72 577 234 643 offerente
257 575 532 644 satisfactionem
558 601 618 665 pro
635 577 792 644 omnibns
809 577 974 667 peccatis,
994 582 1049 646 ast
1064 578 1169 647 etiam
1188 599 1241 646 aa·

72 683 220 772 captatio
243 691 280 750 et
300 682 431 751 oblatio
455 685 711 754 satisfactionis
734 707 796 772 pro
819 692 960 773 peccato
975 685 1155 773 originali,
1176 708 1242 776 qno

72 789 193 856 iniecti
217 794 301 856 sunt
324 811 439 859 omnes
462 790 518 858 illi
543 792 712 858 infantes.
747 791 839 858 Hinc
863 791 998 860 intuitu
1023 799 1058 858 et
1081 791 1118 857 vi
1143 792 1241 859 meri·

70 903 181 962 torum
199 919 239 964 ao
251 896 356 964 effusi
372 898 558 986 sanguinis
570 897 704 966 Christi
720 898 814 968 Deus
830 898 992 966 institnit
1004 921 1066 988 pro
1082 899 1241 968 omnibns

70 1002 141 1070 illis
165 1004 366 1074 infantibus
396 1011 670 1090 sacramentnm,
697 1029 765 1096 qno
795 1005 948 1095 singulis
971 1007 1142 1096 applicari
1166 1028 1241 1096 pos·

70 1119 143 1180 sent
165 1113 366 1182 satisfactio
381 1122 417 1182 et
433 1115 557 1182 merita
572 1113 719 1184 Christi.
739 1115 832 1184 Haec
855 1123 969 1183 antem
987 1118 1102 1184 omnia
1118 1138 1159 1193 ex
1177 1137 1241 1184 sna

69 1227 195 1289 natura
219 1247 239 1288 a
263 1223 334 1290 Deo
358 1223 627 1292 ordinatasnnt
651 1222 866 1294 adsalutem
892 1223 1094 1293 infantium.
1127 1223 1241 1313 Atqui

70 1327 148 1394 talis
172 1328 341 1398 voluntas
363 1329 492 1398 salutis
515 1336 569 1398 est
592 1332 749 1419 profecto
781 1352 849 1396 non
874 1351 966 1396 mera
990 1328 1240 1419 complacentia

69 1436 102 1502 in
125 1437 281 1505 bonitate
305 1437 431 1506 obiecti
447 1459 507 1527 per
524 1460 559 1506 se
584 1438 751 1526 spectati3
771 1437 830 1506 sed
846 1445 900 1504 est
916 1436 1082 1504 voluntas
1097 1442 1241 1504 actuosa

69 1549 100 1608 et
113 1565 153 1610 cx
172 1549 271 1632 parts
287 1545 352 1612 Dei
369 1545 590 1634 prosecutiva
607 1544 733 1612 salutis
751 1545 954 1626 infantium,
969 1543 1013 1610 ad
1026 1565 1111 1634 quos
1124 1564 1239 1611 omnes

68 1656 101 1715 st
121 1649 284 1740 singulos
307 1649 393 1720 haec
416 1651 582 1730 noluntas
612 1650 860 1738 redemptionis
884 1652 1050 1732 refertur,
1076 1658 1116 1716 ut
1139 1671 1238 1739 snpe-

69 1755 138 1822 rins
162 1779 198 1824 n.
218 1757 251 1824 I.
270 1757 543 1826 demonstratum
568 1763 632 1824 est.

131 1865 163 1946 b)
187 1863 469 1954 Applicationam
493 1863 702 1932 sacramenti
718 1862 798 1931 vult
817 1865 912 1931 Deus
935 1863 1067 1932 afficere
1091 1887 1159 1932 nou
1176 1865 1237 1932 im·

69 1971 214 2041 mediate
239 1993 299 2060 per
324 1994 360 2040 se
384 1969 442 2040 ssd
468 1993 527 2060 par
555 1991 678 2040 causas
710 1969 899 2054 secundas,
925 1975 961 2038 et
984 1993 1045 2060 per
1076 1969 1140 2038 has
1170 1994 1236 2039 non

70 2077 200 2166 quidem
218 2079 376 2146 omnibns
392 2077 588 2148 infantibus
606 2075 788 2144 voluntate
812 2075 984 2160 absoluta,
1004 2075 1063 2146 sed
1080 2076 1237 2145 omnibus

69 2193 232 2272 qnantum
264 2207 388 2254 causae
420 2185 588 2254 secundae
621 2207 682 2274 per
713 2185 936 2252 anniversalem
961 2200 992 2250 et
1023 2183 1237 2251 ordinariam

69 2293 320 2378 providentiam
352 2293 540 2382 dispositae
571 2315 638 2359 non
670 2292 857 2360 obsistunt.
891 2291 988 2360 Inter
1019 2291 1084 2360 has
1114 2316 1236 2366 causes

69 2403 232 2470 secundas
242 2411 329 2472 ¹sunt
342 2401 514 2492 imprimis
526 2401 654 2470 liberae
668 2399 867 2471 voluntates
884 2400 1030 2469 aliorum
1044 2401 1233 2487 hominum,

70 2509 235 2598 aquibus
258 2509 448 2598 applicatio
471 2510 680 2581 sacramenti
706 2507 830 2577 saltam
854 2508 965 2600 quoad
988 2508 1158 2596 plurimos
1182 2509 1233 2576 in-

70 2615 176 2684 fantes
188 2617 326 2707 pandet.
342 2618 416 2684 Has
428 2618 629 2686 voluntates
642 2617 736 2686 Deus
752 2617 827 2684 suis
840 2616 1046 2706 praeceptis,
1062 2616 1232 2700 consiliis,

69 2723 255 2794 adiutoriis·
263 2725 396 2794 ordinis
408 2725 585 2802 naturalis
597 2731 634 2792 et
644 2722 926 2814 supernaturalis
938 2724 1130 2812 praevenit,
1145 2723 1235 2792 exci-

70 2837 128 2914 tat,
138 2831 301 2916 inclinat,
312 2839 354 2901 nt
362 2855 424 2922 per
432 2831 653 2921 diligentiam
665 2839 701 2900 et
712 2830 1068 2918 sollicitudinem,per
1077 2830 1232 2900 obedien·

69 2936 144 3004 tiam
156 2945 194 3008 et
206 2938 479 3028 cooperationem
492 2940 556 3016 snb
567 2937 686 3027 gratia
698 2942 854 3028 accepta,
867 2959 926 3025 por
941 2959 1096 3024 congrua
1109 2935 1234 3016 merita

69 3050 100 3110 et
112 3046 198 3114 bona
214 3067 329 3135 opera,
350 3045 601 3133 eleemosynam
619 3050 656 3112 et
673 3043 861 3114 orationem
885 3048 958 3113 turn
983 3040 1131 3110 aliorum
1157 3049 1232 3113 tum

70 3153 206 3225 maxime
223 3162 404 3242 parentum
423 3159 460 3222 st
475 3175 621 3244 qnorum
637 3149 770 3220 tutelae
787 3150 929 3240 parvuli
945 3149 1118 3222 commissi
1134 3159 1229 3233 sunt,

70 3265 100 3322 et
128 3282 186 3347 par
227 3259 435 3349 apostolicos
468 3259 602 3330 labores
633 3281 774 3332 snorum
806 3257 1046 3329 ministrorum
1080 3257 1234 3326 infantes

70 3366 297 3449 perduoantur
319 3367 363 3435 ed
387 3367 539 3456 gratiam
559 3366 735 3456 baptismi.
756 3366 856 3433 Sicut
872 3366 962 3434 enim
981 3365 1017 3432 in
1034 3364 1154 3434 ordina
1171 3386 1230 3430 na-

69 3473 169 3542 tarali
192 3475 246 3542 ita
267 3481 304 3544 et
326 3475 363 3542 in
387 3474 507 3544 ordine
529 3471 791 3563 supernaturali
816 3473 1108 3542 sanctificationis
1124 3479 1162 3540 et
1177 3494 1229 3539 sa-

70 3576 147 3649 lutis
167 3589 329 3652 aeternae
353 3583 433 3652 vult
448 3584 555 3666 Dens,
575 3589 679 3670 prout
699 3583 787 3670 lepos
802 3582 978 3668 pervales
993 3579 1132 3648 divinae
1146 3604 1230 3670 pro-

70 3687 232 3758 cidentiae
257 3707 422 3756 errorum
446 3704 574 3757 aorrrro
608 3691 739 3778 exigit,
771 3690 931 3780 parvulis
959 3689 1138 3760 consulere
1170 3710 1230 3776 per

71 3793 146 3864 alios
169 3797 335 3866 homines.
362 3799 436 3866 Hoc
459 3818 562 3866 sanan
585 3797 812 3886 Augustinus
836 3798 957 3866 multis
982 3797 1019 3864 in
1042 3794 1128 3865 locis
1152 3794 1226 3876 ait,

72 3897 212 3972 intentes
234 3903 329 3972 sicut
351 3902 467 3972 aliana
492 3903 674 3972 voluntate
697 3903 908 3986 ceciderunt,
928 3905 980 3969 ita
996 3900 1145 3968 aliorum
1161 3897 1229 3966 tide

73 4006 195 4076 credere
225 4031 266 4077 ac
297 4009 441 4097 perduoi
464 4008 509 4076 ad
532 4017 785 4084 sacramentum
816 4007 909 4076 fidei.
932 4036 948 4069 u
973 4003 1079 4072 Fides
1114 4001 1229 4070 aliena

73 4119 170 4196 potest
192 4115 370 4184 consulere
394 4114 561 4204 parvulo,
590 4115 647 4182 cni
672 4137 736 4182 sua
758 4113 904 4202 perfidia
927 4135 994 4180 non
1018 4115 1134 4199 potest
1164 4111 1225 4178 im-

75 4224 207 4300 putari.»
227 4229 416 4314 (tamquam
440 4220 582 4311 propria
600 4221 785 4290 ¹voluntate
809 4223 1003 4302 contracta)
1027 4217 1068 4285 de
1090 4217 1153 4284 lib.
1171 4239 1226 4283 ar-

74 4321 142 4396 bitr.
157 4329 223 4398 IlI.
241 4329 297 4398 23.
318 4329 390 4398 Hoc
406 4328 504 4402 modo
519 4328 676 4397 divinam
689 4327 903 4396 voluntatem
917 4325 1109 4394 salvificam
1123 4346 1226 4412 agore

76 4427 103 4492 in
131 4436 323 4505 voluntates
352 4435 529 4504 hominum
560 4434 603 4500 ad
636 4433 889 4522 procurandam
921 4433 1067 4500 salutem
1102 4429 1221 4498 saltem
