3394 5056
907 376 945 390 -
968 344 1008 406 10
1028 377 1066 391 -

400 449 476 518 sive
499 446 713 538 theologiam
735 469 803 516 non
826 448 925 517 eliud
949 471 1051 541 quam
1075 450 1186 518 Deum
1209 449 1421 520 revelantem
1444 451 1577 520 habere

402 557 610 626 obiectivum
633 555 844 646 cognitionis
867 557 1077 646 principium
1089 558 1151 644 (1).

466 663 521 732 Ex
544 662 679 732 ratione
703 662 843 730 formali
872 663 1049 732 declarata
1082 669 1182 754 patet
1211 664 1352 734 diversa
1375 664 1575 760 ¹utriusque

400 771 598 860 theologiae
621 770 730 859 origo,
757 769 927 838 fundatur
942 771 1033 840 enim
1048 771 1232 840 discrimen
1248 772 1396 841 rationis
1413 772 1574 840 formalis

401 877 438 945 in
461 877 539 967 ipse
561 878 701 944 diversa
723 875 859 965 origine
882 876 1078 968 utriusque.
1104 878 1261 970 Utraque
1292 886 1364 947 tam
1395 878 1574 947 naturalis

401 1007 503 1078 quam
527 984 722 1054 christiana
744 983 921 1072 theologia
943 991 998 1052 eet
1020 985 1159 1076 quidem
1182 1008 1204 1052 a
1225 987 1380 1071 Deo,sed
1396 987 1501 1054 aliter
1517 989 1573 1052 at·

401 1115 467 1185 que
500 1093 616 1160 aliter.
653 1092 723 1159 Illa
745 1114 767 1158 a
789 1093 860 1160 Deo
891 1099 946 1160 est
975 1100 1116 1161 auctore
1149 1099 1297 1161 naturae
1328 1093 1477 1164 mediate
1508 1115 1574 1181 per

374 1241 377 1248 ·
399 1223 503 1292 opera
524 1200 722 1285 creationis,
738 1222 825 1292 quae
848 1208 935 1282 suut„
946 1201 1118 1269 obiectiva
1133 1201 1301 1268 creatoris
1317 1200 1570 1284 manifestatio,

400 1315 436 1378 et
457 1331 519 1399 per
540 1308 657 1376 lumen
681 1308 844 1377 naturale
874 1308 1099 1395 intellectus;
1124 1309 1219 1376 Deus
1242 1309 1334 1376 enim
1368 1309 1497 1376 effudit
1518 1330 1575 1376 sa·

400 1417 566 1507 pientiam
590 1416 830 1506 superomnia
853 1438 957 1506 opera
979 1440 1054 1501 sue,
1080 1422 1118 1484 et
1139 1415 1293 1484 Verbum
1315 1417 1421 1484 etiam
1448 1418 1486 1484 in
1516 1438 1573 1483 or-

400 1524 480 1592 dine
502 1525 659 1593 naturali
674 1523 855 1592 illuminat
872 1546 1002 1592 omnam
1018 1523 1190 1592 hominem
1208 1524 1405 1593 venientem
1420 1524 1459 1590 in
1477 1523 1574 1592 hunc

400 1631 578 1715 mundum,
597 1639 639 1698 ut
664 1661 681 1695 e
698 1633 736 1700 in
758 1631 823 1700 Dei
847 1632 1022 1720 sapientia
1044 1637 1231 1721 cognoscat
1253 1632 1403 1699 mundus
1426 1653 1487 1720 per
1517 1651 1573 1696 ea·

400 1739 569 1827 pientiam
592 1741 733 1808 Deumn
760 1741 821 1826 (ci.
839 1739 871 1806 1.
889 1737 967 1807 Cor.
987 1739 1016 1806 1.
1032 1739 1118 1824 21),
1141 1737 1423 1830 quemadmodum
1446 1741 1576 1807 Patres

399 1848 617 1936 (praesertim
638 1847 868 1936 Apologetae,
895 1846 1079 1928 Tatianus,
1104 1846 1283 1930 Iustinus,
1309 1845 1570 1934 Athenagoras,

399 1951 507 2020 Clam.
531 1953 634 2022 Alex.
664 1953 844 2044 Origenes,
869 1953 1105 2038 Athanasius)
1136 1954 1306 2022 adversus
1328 1953 1479 2042 gentiles
1502 1953 1573 2020 irc·

400 2067 545 2150 quanter
567 2069 873 2150 argumententur.
898 2062 950 2130 At
973 2085 1055 2130 vero
1078 2061 1276 2149 theologiae
1298 2060 1380 2128 fidei
1395 2059 1574 2149 principia

399 2167 514 2235 aDeo
538 2175 621 2236 eunt
643 2170 836 2238 revelatore
859 2169 1071 2253 immediate,
1096 2168 1270 2236 locutione
1295 2167 1428 2258 duplici
1451 2189 1571 2255 super-

398 2275 575 2342 naturali:
601 2275 775 2344 locutione
797 2284 966 2360 externa,
998 2298 1067 2368 qua
1092 2273 1351 2342 «multifariam
1381 2273 1572 2364 multisque

387 2382 509 2450 'modis
531 2381 626 2451 Deus
650 2381 732 2450 olim
754 2382 900 2474 loquens
923 2379 1089 2452 Patribus
1111 2383 1150 2450 in
1172 2381 1366 2473 prophetie,
1384 2381 1573 2450 novissime

398 2639 515 2693 nonnisi
534 2655 563 2692 ec
582 2642 694 2692 auctore
720 2642 901 2704 cognoscitur
979 2639 1164 2708 Loquendum
1183 2653 1250 2704 crgo
1269 2653 1325 2692 non
1345 2641 1434 2692 aliter
1458 2637 1493 2690 de
1512 2639 1572 2692 Deo

398 2735 452 2798 eet,
468 2747 551 2798 quem
570 2733 604 2782 ut
621 2731 683 2798 ipse
703 2729 739 2782 ad
758 2731 985 2796 intelligentiam
1004 2736 1131 2784 nostram
1150 2731 1184 2783 de
1203 2746 1232 2783 re
1258 2731 1370 2783 locutus
1390 2733 1459 2782 est»
1476 2729 1506 2782 S.
1520 2730 1571 2782 Hi·

398 2822 453 2874 ler.
466 2820 499 2874 de
518 2821 626 2877 'l'riuit
643 2822 713 2876 1.v.
727 2835 758 2872 n.
773 2821 818 2874 21.

461 2905 502 2981 (l)
518 2927 530 2954 ι
545 2907 632 2960 rides
652 2912 696 2960 cst
715 2909 914 2976 compendiose
931 2923 1027 2962 eorum
1046 2925 1118 2977 quae
1138 2911 1300 2964 necessaria
1322 2911 1405 2976 suut,
1429 2907 1570 2973 cognitio;

398 3018 492 3066 γνωσις
505 3000 600 3050 eutem
619 2999 663 3049 est
677 2997 759 3050 firma
777 3002 807 3050 et
825 2999 940 3051 stabilis
960 2998 1167 3051 demonstratio
1187 3015 1296 3064 eorum,
1319 3011 1391 3065 quac
1416 3011 1467 3062 per
1488 2995 1571 3046 fldem

398 3089 545 3152 assumpta
564 3089 757 3154 suntpysum
779 3101 864 3152 super
881 3087 963 3139 fldem
982 3087 1150 3141 aedificatur
1227 3089 1405 3154 Principium
1424 3085 1571 3138 doctrinae

397 3175 533 3227 habemus
546 3175 706 3239 Dominum,
721 3175 770 3241 qui
789 3179 820 3227 et
832 3191 883 3242 per
896 3177 1058 3244 prophetae,
1076 3181 1106 3230 et
1117 3193 1168 3244 per
1189 3179 1378 3242 evangelium,
1394 3180 1424 3230 et
1436 3191 1486 3242 per
1498 3175 1570 3243 Apo-

399 3265 488 3316 stolos
501 3263 691 3316 multifariam
706 3264 863 3329 multisque
883 3265 973 3316 modis
992 3282 1009 3318 a
1028 3266 1170 3332 principio
1190 3267 1225 3319 ad
1244 3267 1327 3318 linem
1347 3265 1464 3318 deducit
1475 3265 1571 3330 cogni·

398 3354 486 3406 tionis
503 3349 569 3424 (της
588 3348 729 3426 pecoraq).
746 3355 922 3420 Principium
942 3360 1044 3422 autem,
1068 3358 1092 3408 si
1114 3357 1178 3424 quis
1198 3357 1290 3410 adhuc
1308 3357 1366 3408 elio
1386 3351 1572 3429 (superiori)

398 3458 468 3510 opus
486 3442 590 3496 habere
609 3443 799 3510 existimaret,
821 3459 876 3496 nou
897 3445 1019 3512 amplius
1039 3449 1166 3499 maneret
1179 3445 1363 3512 principium.
1378 3446 1434 3507 Qui
1447 3449 1492 3496 cst
1504 3460 1571 3510 ergo

398 3545 433 3584 ex
447 3547 476 3584 se
489 3531 552 3597 ipso
564 3531 658 3584 fideli·
672 3527 796 3603 (Deus),
812 3531 952 3586 dominica
966 3548 1032 3586 voce
1046 3538 1076 3586 et
1088 3533 1237 3601 Scriptura
1251 3549 1300 3600 per
1314 3535 1407 3600 ipsum
1420 3533 1570 3586 Dominum

397 3619 432 3673 ad
452 3620 597 3673 hominnm
616 3623 737 3674 salutem
755 3621 900 3688 inspirata
918 3623 1045 3688 proiecto
1064 3623 1146 3676 iidem
1166 3621 1571 3690 meretur.1pseautemllde

397 3715 541 3776 tamquam
559 3710 677 3763 criterio
696 3711 806 3764 utimur
823 3711 859 3764 ed
880 3727 973 3764 rerum
992 3712 1188 3766 inventionem
1261 3712 1363 3766 Merito
1382 3713 1475 3777 igitur
1492 3715 1570 3779 poet-

398 3815 482 3868 quem
500 3799 554 3852 fide
568 3800 707 3866 complexi
726 3817 821 3853 eumue
835 3802 1009 3869 principium
1024 3803 1058 3854 ob
1072 3818 1152 3855 suem
1165 3803 1350 3856 eminentiam
1363 3801 1569 3855 indemonstra-

397 3889 456 3941 bile
472 3887 560 3960 (quod
579 3905 630 3943 uec
649 3890 736 3943 hebet
755 3891 927 3956 principium
947 3891 1046 3958 altius,
1069 3907 1104 3944 ex
1124 3908 1179 3958 quo
1193 3893 1274 3945 velut
1292 3908 1326 3944 ex
1346 3893 1438 3958 priori
1457 3891 1570 3944 demon·

398 3980 517 4044 stratur,
535 3995 586 4031 nac
599 3980 713 4046 indiget
725 3981 784 4034 alia
798 3981 1039 4034 demonstratione
1058 3986 1174 4049 praeter
1186 3983 1277 4048 illem,
1293 3997 1350 4048 que
1362 3979 1527 4033 deducimur
1537 3981 1568 4032 in

397 4067 597 4132 cognitionem,
617 4069 704 4122 Deum
725 4085 786 4120 esse
806 4070 956 4136 loquutum
967 4089 973 4134 ;
996 4071 1089 4136 posito
1108 4072 1181 4123 enim
1202 4071 1287 4136 facto,
1301 4069 1354 4122 Dei
1367 4069 1511 4122 veracitas
1525 4071 1571 4120 est

397 4155 558 4208 immediate
577 4157 706 4224 evidens,
721 4160 807 4225 atque
827 4159 890 4210 ideo
903 4159 955 4210 Dei
968 4159 1098 4225 loquutt'o
1112 4163 1157 4212 est
1167 4161 1290 4226 primum
1302 4157 1474 4224 principium
1490 4157 1568 4209 theo-

397 4245 506 4310 logicae
525 4243 808 4316 demonstrationis),
824 4245 859 4298 ab
878 4245 940 4312 ipso
959 4247 1012 4298 hoc
1030 4246 1173 4314 principio
1188 4245 1221 4298 de
1232 4245 1375 4312 principio
1391 4245 1568 4299 demonstra·

398 4333 492 4388 tiones
511 4339 652 4387 eumentes
670 4351 736 4388 voce
756 4336 870 4389 Domini
884 4335 1029 4388 erudimur
1046 4335 1082 4388 ed
1102 4338 1252 4390 scientiam
1264 4333 1342 4410 (προς
1364 4335 1501 4406 inspuere
1521 4355 1568 4396 της

398 4422 530 4486 dictetur
540 4421 573 4494 )n
587 4427 641 4480 etc.
652 4423 739 4481 clem:
753 4425 836 4480 Alex.
846 4425 950 4480 Strom.
965 4427 1031 4482 vn.
1046 4443 1074 4494 p.
1086 4428 1150 4480 777.
1161 4427 1224 4481 757.
