3424 5076
602 389 640 406 ..
662 358 724 420 477
744 390 781 405 ...

121 465 210 534 coelo
222 465 304 534 etin
316 472 424 550 terra,
439 464 532 532 sicut
544 487 620 533 eum
634 464 767 533 veritus
779 470 910 548 acutat,
925 464 1040 532 omnia
1052 485 1286 556 quaecumque

119 572 231 640 voluit
247 571 444 660 (voluntate
460 571 635 656 absoluta)
652 572 754 658 secit;
777 572 933 661 profecto
951 572 1065 640 tacere
1077 570 1285 656 noluit(non

117 680 227 748 voluit
251 679 433 748 voluntate
447 678 636 766 absoluta),
655 678 892 770 quodcumque
915 701 983 746 nou
1011 679 1108 748 fecit.
1128 677 1285 767 Quapro-

116 794 189 876 pter
212 785 317 856 etiam
341 785 491 876 primum
507 785 678 854 hominem
703 786 798 854 Deus
813 784 850 852 in
866 807 907 854 eu
923 785 1049 868 salute,
1069 785 1106 853 in
1124 807 1193 877 qua
1208 807 1285 853 con-

115 894 207 962 ditus
235 901 325 976 erat,
345 892 520 962 custodire
537 891 708 961 voluisset
722 891 906 977 (voluntas
922 891 1236 980 conditionata),...
1256 892 1287 958 si

114 1001 156 1069 ad
170 1000 441 1090 permanendum
458 998 532 1067 sine
548 1006 700 1088 peccato,
720 997 813 1067 sicut
837 1000 954 1067 fuctus
977 1007 1065 1085 erat,
1084 1004 1286 1088 perpetuam

114 1106 327 1175 voluntatem
343 1105 545 1174 habiturum
569 1127 643 1174 esse
667 1106 901 1195 praesciisset.
917 1105 1011 1187 Quia
1028 1127 1110 1174 vero
1126 1114 1285 1194 peccatu·

114 1238 186 1284 rum
203 1238 280 1285 esse
295 1215 524 1305 praesciebat,
542 1214 586 1282 ud
603 1213 667 1282 hoc
682 1214 802 1304 potius
825 1213 1052 1304 praeparavit
1068 1213 1283 1282 voluntatem

114 1344 206 1390 suam
223 1323 433 1408 (absolutam
450 1326 740 1414 consequentem),
758 1329 801 1390 ut
824 1323 907 1391 bene
922 1322 997 1412 ipse
1024 1323 1157 1390 fuceret
1178 1320 1281 1390 etium

112 1429 150 1498 dc
173 1429 263 1499 mele
287 1431 450 1514 faciente,
475 1453 516 1500 ac
540 1430 590 1500 sic
615 1430 764 1499 hominis
789 1431 972 1500 voluntate
996 1431 1088 1500 mala
1110 1453 1178 1498 non
1201 1452 1281 1498 eva-

113 1546 289 1622 rueretur,
315 1537 375 1606 scd
397 1537 626 1606 nihilominus
648 1537 854 1629 impleretur
877 1539 1121 1630 omnipotentis
1147 1539 1280 1606 bona„

175 1645 225 1714 H.
251 1645 337 1714 Alia
352 1652 407 1714 est
421 1647 514 1736 apud
529 1647 769 1736 Augustinum
788 1646 983 1716 voluntatis
999 1646 1141 1716 divinae
1157 1645 1280 1714 distin·

110 1753 177 1822 ctio
200 1753 238 1820 in
264 1753 480 1822 voluntatem
503 1756 789 1842 praecipientem,
814 1776 902 1846 quae
928 1755 972 1822 ab
994 1753 1192 1822 hominibus
1214 1777 1280 1818 non

111 1883 234 1949 seraper
260 1861 438 1949 impletor,-
459 1869 495 1930 et
518 1862 554 1929 in
578 1861 795 1930 voluntatem
818 1861 972 1946 candem,
995 1867 1034 1929 ut
1057 1861 1162 1930 simul
1185 1883 1280 1951 prue-

112 1967 242 2058 cipiens
259 1977 314 2037 est
329 1977 366 2038 et
382 1969 488 2058 legem
499 1972 667 2060 praemiis
679 1993 719 2036 uc
733 1973 854 2056 poenis
869 1971 1036 2050 sanciens,
1051 1991 1139 2061 quae
1154 1993 1281 2059 seraper

112 2078 239 2143 invicta
264 2091 326 2158 est,
344 2085 381 2146 et
396 2099 498 2170 quam
514 2078 614 2146 nulla
630 2085 786 2168 potestas
799 2077 967 2169 nullaque
982 2077 1147 2146 voluntas
1163 2083 1281 2146 creatu

111 2182 204 2252 valet
227 2183 407 2272 impedire.
428 2184 543 2252 Priori
567 2185 664 2254 modo
688 2191 846 2275 spectata
867 2193 922 2252 est
951 2184 1114 2258 voluntas
1137 2184 1214 2268 Dei,
1241 2191 1282 2252 ut

110 2313 168 2360 uos
190 2291 301 2360 libere
323 2291 459 2385 aliquid
482 2294 652 2360 faciamus
677 2293 734 2360 vel
757 2293 977 2377 omittemus,
1003 2292 1047 2361 ad
1071 2293 1162 2384 quod
1182 2313 1277 2360 exse·

110 2399 281 2490 quendum
306 2399 368 2468 dat
390 2399 528 2490 quidem
551 2401 724 2469 auxilium
741 2409 776 2469 et
793 2401 945 2491 gratiam
969 2401 1210 2485 necessariam,
1227 2401 1280 2466 its

109 2511 220 2574 tumen
246 2513 289 2574 ut
310 2505 341 2574 ei
370 2528 434 2596 pro
465 2511 586 2574 nostra
614 2507 777 2576 libertate
808 2507 971 2576 resistere
1001 2507 1183 2596 possimus.
1205 2537 1221 2570 ιι
1240 2507 1279 2576 Si

108 2613 321 2703 omnipotens
342 2623 416 2698 est,
441 2635 506 2682 cur
528 2635 626 2699 oras,
652 2625 693 2683 ut
715 2615 778 2683 fiat
802 2615 965 2683 voluntas
987 2613 1086 2682 cius?
1109 2613 1202 2697 Quid
1226 2621 1280 2682 est

108 2741 208 2809 crgo:
233 2719 300 2788 fist
323 2720 489 2789 voluntas
512 2720 600 2788 tua?
624 2721 707 2790 Fiat
730 2721 767 2789 in
792 2745 861 2804 me,
889 2735 926 2784 ot
951 2745 1016 2786 non
1040 2724 1197 2787 resistam
1225 2747 1278 2786 oo-

109 2827 238 2895 contari
264 2841 343 2894 tuce
347 2879 431 2896 ......
450 2830 513 2917 fiet
538 2832 626 2894 enim
649 2829 809 2896 relocatos
832 2830 898 2896 Dei
922 2834 959 2893 in
985 2845 1034 2908 te,
1061 2831 1127 2894 etsi
1149 2853 1216 2894 nco
1233 2830 1278 2917 fit

109 2957 129 2997 c
151 2951 183 3000 rc
186 2985 273 3003 ......
292 2935 368 3004 sive
391 2957 476 3024 ergo
500 2936 584 3004 bene
608 2934 683 3004 sive
707 2935 796 3003 mele
820 2936 868 3004 sit
890 2937 977 3018 tibi,
997 2937 1059 3023 fiet
1086 2937 1122 2999 in
1148 2947 1199 3016 re,·
1222 2937 1279 3000 sed

103 3043 167 3126 fior
197 3058 230 3109 et
264 3067 285 3108 c
317 3057 382 3109 tea
409 3044 503 3132 Aug.
529 3065 631 3111 serm.
658 3042 712 3109 56.
740 3041 808 3126 (el.
836 3043 892 3110 48.
928 3043 970 3110 de
993 3042 1150 3127 divers.)
1181 3064 1216 3109 n.
1242 3042 1274 3108 7.

108 3147 205 3220 Modo
228 3148 343 3218 altero
378 3150 598 3219 considerata
624 3159 677 3218 est
704 3149 868 3218 voluntas
899 3150 1059 3217 absoluto
1088 3171 1151 3238 pro
1178 3149 1277 3217 meri·

109 3255 154 3323 tis
182 3255 351 3325 reddendi
382 3255 574 3344 praemium
600 3255 655 3324 rel
684 3277 847 3345 poenum,
874 3275 962 3347 quas
991 3277 1058 3322 non
1089 3263 1144 3322 est
1170 3254 1277 3322 libere

110 3361 267 3432 facienda
285 3363 327 3429 ab
343 3362 496 3450 homine,
516 3363 575 3431 sed
592 3361 812 3453 exsequenda
827 3362 871 3429 ab
887 3361 1133 3451 omnipotente,
1151 3368 1188 3430 et
1203 3361 1278 3430 ideo

109 3491 238 3559 semper
262 3469 409 3538 invicte.
427 3469 582 3560 Egregie
598 3470 711 3562 quoad
728 3468 988 3538 distinctionem
1004 3473 1188 3561 utramque
1205 3471 1277 3537 Au-

108 3577 271 3664 gustinus
295 3585 441 3647 mentem
466 3599 564 3646 suam
589 3577 746 3646 declaret
768 3577 794 3644 l.
818 3576 860 3644 de
883 3575 1000 3666 spirit.
1020 3584 1057 3644 et
1079 3577 1153 3646 litt.
1173 3600 1203 3646 c.
1219 3577 1274 3645 33.

107 3685 205 3752 u.58.
226 3713 244 3748 a
260 3685 350 3754 Vult
372 3692 489 3754 eutem
512 3686 607 3754 Deus
631 3707 746 3754 omncs
769 3684 925 3754 homines
949 3686 1065 3755 selvas
1090 3686 1167 3754 fieri
1182 3687 1277 3755 etad

108 3793 317 3880 agnitionem
344 3792 511 3862 veritatis
535 3793 674 3879 venire;
701 3816 769 3861 non
794 3794 845 3862 sie
868 3799 995 3876 tamen,
1015 3801 1056 3861 ut
1079 3794 1129 3862 eis
1146 3793 1278 3861 adimet

108 3895 252 3968 liberum
268 3900 455 3968 arbitrium
473 3900 653 3986 (volantes
667 3899 885 3989 praecipiens
896 3907 932 3969 ct
949 3901 1098 3968 offerens
1110 3901 1276 3988 gratiam,

104 4005 161 4074 coi
184 4013 300 4075 temen
324 4013 440 4097 potest
463 4007 629 4096 resisti),
655 4029 722 4099 quo
745 4007 803 4076 vel
827 4010 910 4076 bene
936 4007 991 4076 vel
1024 4007 1112 4075 male
1140 4013 1279 4076 utentes

108 4111 298 4181 iustissime
322 4114 523 4182 iudicentur
546 4113 727 4200 (voluutas
751 4114 969 4200 sanctionis).
997 4113 1097 4195 Quod
1121 4135 1199 4182 cum
1222 4115 1275 4199 fit,

109 4219 263 4290 infideles
287 4221 423 4312 quidem
455 4227 578 4290 contra
603 4221 816 4290 voluntatem
841 4222 905 4290 Dei
931 4222 1068 4290 faciunt
1090 4221 1278 4308 (voluutas

109 4327 322 4418 praecipiens
344 4351 413 4396 non
444 4327 625 4418 impleta);
649 4351 711 4398 uec
735 4329 811 4398 ideo
833 4336 946 4398 tumen
973 4351 1047 4396 eam
1070 4331 1275 4419 (spectatum

110 4455 148 4500 ex
171 4433 332 4524 integro)
364 4434 529 4520 vincunt,
556 4457 677 4506 verum
700 4459 736 4504 se
766 4436 858 4526 ipsos
889 4435 1056 4505 fraudant
1087 4458 1211 4526 magno
1240 4443 1277 4504 et
