3262 5076
545 373 583 388 ..
605 341 666 404 505
688 375 726 390 ..

40 449 168 519 volunt
189 446 341 536 (viribus
364 449 545 533 natura0);
571 455 678 537 negat
700 447 958 533 deinde,Deum
980 447 1072 518 velle
1102 469 1217 517 omnes

40 559 157 626 salvos
172 555 251 626 fieri
267 555 332 639 ita,
347 559 389 623 ut
405 553 564 622 omnibus
581 556 785 641 contulerit,
805 555 977 648 quidquid
993 555 1092 624 salvo
1107 555 1217 624 libero

39 665 190 733 hominis
214 661 365 731 arbitrio
389 663 547 732 conferre
570 665 707 753 potuit,
733 663 1018 757 quemadmodum
1049 661 1217 731 haeretici

39 772 240 841 asserebant
262 770 307 838 ad
330 769 579 840 excludendam
602 771 669 840 Dei
692 770 923 862 operationem
947 777 984 839 et
1007 771 1160 860 gratiam
1179 769 1217 838 in

39 881 96 950 via
119 879 272 967 salutis3
298 884 469 968 postremo
493 879 583 949 hano
613 880 905 970 propositionem:
928 878 1118 947 «homines
1148 899 1216 946 non

40 987 239 1072 salvantur,
267 985 350 1078 quia
373 985 442 1076 ipsi
457 985 595 1072 nolunt,
616 1013 632 1048 n
650 986 769 1056 reiicit
784 973 1000 1055 intellectam
1018 1007 1122 1054 sensu
1138 985 1218 1052 hae-

40 1095 250 1162 reticorum:
284 1114 324 1161 aa
356 1091 387 1160 si
416 1091 584 1160 videlicet
613 1115 682 1160 non
713 1093 832 1182 gratia
861 1093 927 1162 Dei
948 1115 992 1160 ex
1015 1091 1216 1160 nolentibus

42 1201 198 1268 volentos
223 1201 368 1284 faceret,
387 1204 425 1267 et
439 1199 484 1268 ad
508 1199 658 1268 salntem
681 1201 905 1291 perduceret;
931 1199 992 1268 sed
1015 1199 1116 1268 unice
1139 1199 1216 1268 ideo

41 1308 195 1377 homines
218 1330 286 1376 non
310 1307 548 1392 salvarentur,
575 1307 658 1399 quia
680 1307 751 1397 ipsi
771 1321 917 1374 naturae
932 1309 1064 1376 viritas
1079 1329 1148 1376 non
1164 1307 1216 1374 in·

42 1417 176 1506 cipiunt
201 1416 259 1485 vel
281 1439 350 1484 non
373 1415 562 1504 perficiunt
585 1437 671 1506 opus
694 1414 833 1484 salutis.

102 1525 208 1592 Hanc
231 1546 347 1592 eorum
371 1522 565 1591 doctrinam
589 1523 715 1590 falsam
744 1544 836 1608 essa,
863 1522 1016 1591 ostendit
1044 1521 1218 1611 Augusti·

42 1655 103 1700 uus
129 1631 291 1721 exemplo
313 1630 503 1700 infantium
529 1634 637 1717 (cont.
653 1630 800 1718 Iulian.;
826 1653 879 1721 ep.
899 1631 943 1699 ad
962 1629 1075 1700 Vital.
1091 1629 1132 1698 ll.
1151 1634 1218 1716 cc.)

47 1741 179 1810 «Hunc
205 1762 343 1809 sensum
366 1747 522 1810 vestrum
547 1739 687 1831 (inquit
709 1744 802 1808 cont.
827 1738 958 1808 Iulian.
977 1739 1047 1826 ibi)
1063 1738 1218 1808 infantes

44 1847 95 1916 illi
115 1849 198 1938 ipsa
222 1871 286 1916 sua
308 1847 555 1917 taciturnitate
572 1847 799 1932 convincunt,
819 1846 901 1938 quia
918 1869 980 1918 nec
1002 1852 1137 1937 petunt,
1155 1867 1218 1915 neo

46 1962 231 2046 quaerunt,
258 1978 320 2024 nec
344 1955 500 2046 pulsant,
527 1955 629 2023 immo
651 1954 770 2039 etiam,
797 1977 874 2022 cum
898 1945 1138 2043 baptizantur,
1164 1975 1217 2023 re·

46 2062 207 2146 clamant,
232 2067 415 2152 respuunt,
433 2060 672 2149 reluctantur;
692 2068 728 2129 et
742 2061 923 2150 accipiunt
937 2067 1097 2130 tamen...
1114 2060 1219 2150 longe

47 2169 206 2257 pluribus
229 2167 426 2236 infantibus
448 2167 486 2235 in
509 2168 614 2236 istam
637 2167 792 2256 gratiam
814 2189 883 2234 non
910 2166 1088 2256 adoptatis
1104 2168 1147 2235 ab
1163 2189 1215 2250 ao,

49 2275 101 2366 qni
124 2275 210 2345 vult
232 2297 348 2344 omnes
371 2274 526 2344 homines
549 2274 668 2344 salvos
690 2274 769 2343 fieri
791 2281 827 2343 et
841 2274 879 2342 in
894 2275 1111 2364 agnitionem
1127 2274 1219 2343 veri·

48 2385 126 2451 tatis
149 2383 287 2452 venire.
314 2382 451 2466 Quibus
474 2383 588 2452 dicere
610 2405 679 2452 non
694 2388 820 2473 potest:
840 2382 938 2452 volui
954 2384 1135 2472 (omnibus
1151 2405 1219 2453 mc·

51 2491 110 2559 diis
132 2493 170 2560 in
195 2513 274 2560 mea
296 2496 468 2580 potestate
490 2490 650 2580 positis),
676 2495 711 2558 et
733 2490 911 2560 noluistis.
931 2490 1023 2573 Quia
1039 2491 1071 2559 si
1087 2485 1219 2561 voluis·

52 2607 97 2666 set
117 2599 319 2686 (absolute),
346 2600 426 2690 quis
448 2621 579 2682 eorum,
605 2599 665 2690 qui
689 2598 840 2667 nondum
862 2597 993 2667 hebent
1023 2597 1220 2666 voluntatis

52 2727 123 2775 suae
132 2706 518 2791 arbitrium,voluntati
530 2706 607 2774 eins
619 2705 973 2796 omnipotentissimae
987 2704 1231 2781 restitissetla,

52 2811 212 2883 Excludit
235 2813 356 2906 itaque
378 2812 604 2903 Augustinus
620 2811 684 2881 hoo
700 2813 855 2902 exemplo
871 2812 1061 2880 infantium
1075 2834 1144 2880 non
1160 2834 1219 2880 vo·
1243 2863 1247 2872 .

52 2917 214 2989 luntatem
237 2919 305 2988 Dei
327 2920 486 2988 omnibus
509 2919 643 2988 adultis
665 2918 866 2988 conferendi
889 2940 951 3008 per
973 2919 1127 3007 gratiam
1143 2940 1219 3009 pos·

55 3026 251 3097 sibilitatem
274 3025 402 3096 salutis
420 3033 491 3095 tam
508 3027 602 3097 clare
618 3028 661 3094 ab
677 3027 752 3118 ipso
764 3026 939 3094 adsertam
952 3025 1041 3114 (vid.
1059 3025 1112 3095 th.
1125 3025 1217 3114 LI.);

55 3133 105 3201 sed
125 3135 285 3204 excludit
307 3136 526 3204 voluntatem
548 3134 746 3203 naturalem
770 3133 958 3218 hominnm,
985 3155 1054 3224 qua
1070 3155 1105 3202 se
1126 3133 1220 3224 ipsos

57 3242 182 3312 alvena
204 3243 307 3310 iuxta
331 3241 611 3312 adversariorum
635 3241 847 3310 haereticam
870 3240 1064 3332 opinionem
1081 3240 1144 3328 (1).

117 3349 170 3417 Ex
201 3349 261 3418 his
294 3351 451 3417 omnibus
489 3351 715 3418 manifestum
747 3354 820 3432 est,
854 3349 968 3440 quoad
1005 3370 1078 3417 rem
1109 3348 1220 3438 ipsam

58 3455 339 3544 explicationibus
361 3455 558 3524 voluntatis
583 3455 762 3524 salvificae
780 3456 1014 3545 particularia
1031 3456 1074 3523 ab
1096 3456 1220 3546 Angu-

60 3561 138 3630 stino
160 3562 201 3632 11.
228 3586 278 3633 cc.
304 3562 452 3632 traditis
481 3584 550 3630 non
580 3561 722 3631 excludi
746 3561 964 3630 voluntatem
988 3562 1117 3631 salutis
1144 3563 1221 3631 uni·

61 3669 227 3755 versulam,
243 3689 346 3761 qnam
361 3668 470 3738 ceteri
481 3667 605 3738 Patres
628 3667 771 3760 ipseque
784 3668 1011 3758 Augustinus
1032 3668 1114 3738 eliis
1134 3669 1222 3739 locis

116 3893 177 3968 (l)a
190 3896 297 3950 causas
316 3911 384 3950 vero
403 3909 517 3962 opernm
532 3898 561 3948 et
573 3894 743 3949 iudiciorum
762 3895 814 3949 Dei
833 3894 973 3970 (ordinem
990 3895 1222 3963 supernaturalis

65 3981 268 4058 invidentiae),
290 3987 341 4054 qui
359 4003 392 4039 aa
412 3993 471 4038 toto
491 3985 527 4038 ad
551 3985 691 4039 humanas
718 3987 885 4040 voluntates
905 3988 934 4038 et
957 3985 1084 4038 actiones
1111 3985 1218 4053 retent,

67 4085 124 4136 quas
140 4079 233 4129 tanim
251 4077 283 4129 in
302 4077 488 4144 parvulorum
502 4075 654 4144 adoptione
668 4079 697 4128 et
710 4075 890 4128 abdicatione
911 4091 966 4128 non
980 4075 1104 4142 Invenit,
1121 4079 1151 4128 at
1164 4074 1222 4128 dia·

68 4165 231 4224 oenaationes
250 4167 303 4220 Dei
322 4180 357 4218 ax
376 4164 464 4218 libari
483 4164 600 4218 arbitrii
620 4165 686 4218 vult
704 4164 900 4218 mutabilitate
920 4163 1030 4217 variari
1049 4161 1105 4237 (ut
1124 4179 1222 4218 accun-

70 4248 122 4305 dun
137 4257 237 4311 marita
254 4256 402 4310 naturalia
419 4254 622 4322 praecedentia
640 4255 702 4308 sint
720 4256 773 4309 Dei
793 4249 1050 4326 dispensationes),
1072 4255 1224 4322 profitetur

72 4339 117 4391 sibi
136 4345 299 4398 cantabilia
325 4343 434 4398 iudicia
458 4343 512 4396 Dei
536 4347 567 4398 et
590 4344 780 4410 vestigabiles
804 4343 867 4397 viaa
893 4343 981 4397 ainau
1003 4342 1032 4397 S.
1044 4343 1167 4412 Prosper
1186 4341 1223 4397 ad

71 4437 120 4494 top.
129 4431 203 4487 vm.
214 4433 371 4490 Gallorum.
