3394 5056
835 318 973 377 ...4-

318 420 413 489 Deus
436 420 574 490 dicatur
596 419 783 512 princeps,
807 444 876 490 nou
898 426 1014 491 tamen
1036 419 1267 512 adaequatum
1292 418 1488 510 theologiae

319 527 491 596 obiectum
508 527 573 614 (1).

385 635 430 703 2⁰.
450 635 620 717 Quoniam
632 658 694 702 nos
710 635 751 704 de
766 635 944 726 theologia
955 635 1037 705 fidei
1048 635 1186 725 agimus
1197 634 1338 705 diversa
1353 635 1490 703 omnino

317 741 538 830 atheologia
559 742 730 827 naturali,
750 747 882 810 utmox
905 742 1121 827 videbimus,
1147 764 1188 810 ea
1209 765 1278 809 non
1300 747 1355 810 est
1377 741 1487 828 aliud,

317 874 419 943 quam
442 850 524 918 fidei
548 849 770 936 (obiectivae)
794 848 987 918 scientifica
1010 849 1270 934 demonstratio,
1288 847 1488 938 explicatio,

250 1003 254 1010 ·
317 957 492 1042 defensio,
517 961 553 1025 et
575 955 811 1024 confirmatior
840 955 957 1024 uhuic
980 956 1071 1023 enim
1095 955 1260 1024 scientiae
1284 961 1334 1043 (et
1356 955 1490 1046 sapien-

315 1065 397 1150 tiae,
424 1085 510 1155 quae
533 1063 651 1130 ambae
674 1063 717 1130 ab
739 1061 942 1150 Augustino
966 1061 1153 1131 distinctae
1176 1062 1387 1152 theologiam
1411 1085 1491 1131 oon·

317 1171 485 1256 stituunt)
502 1169 675 1237 tribuitur
691 1169 739 1254 id,
759 1191 825 1261 quo
841 1170 927 1238 fides
943 1168 1174 1237 saluberrima
1185 1167 1360 1258 gignitur,
1378 1168 1490 1236 nutri·

316 1284 388 1362 tur,
407 1276 620 1361 defenditur,
635 1277 819 1345 roboratur
836 1303 852 1339 n
867 1278 963 1367 Aug.
982 1276 1114 1344 Trinit.
1128 1277 1226 1346 XIV.
1239 1277 1272 1345 1.
1284 1275 1384 1344 Unde
1399 1275 1490 1344 idem

316 1385 385 1452 erit
398 1383 608 1451 obiectorum
624 1381 717 1450 inter
740 1403 776 1450 se
797 1381 939 1451 habitus
962 1383 1000 1450 in
1024 1382 1173 1451 scientia
1194 1382 1403 1472 theologica,
1429 1384 1490 1475 qui

239 1490 242 1496 ’
317 1497 371 1560 ιιι
393 1491 486 1558 inter
509 1491 643 1558 obiecta
675 1489 901 1578 (materialia)
931 1489 1014 1559 fidei
1045 1490 1108 1578 (2).
1140 1491 1254 1582 Atqui
1283 1491 1366 1559 fidei
1400 1487 1490 1560 obiel

317 1603 413 1667 ctum
435 1597 595 1688 princeps
618 1597 722 1666 etiam
745 1598 936 1684 materiale,
962 1599 1006 1667 ad
1030 1599 1120 1690 qnod
1143 1606 1258 1668 cetera
1273 1600 1487 1683 referuntur,

315 1705 427 1773 Deum
439 1725 512 1772 esse
525 1710 660 1773 constat
672 1713 707 1773 et
722 1728 762 1774 ex
777 1705 973 1796 Scripturis
985 1707 1072 1798 ipsis
1085 1707 1268 1797 colligitur
1280 1707 1331 1776 Io.
1343 1706 1443 1776 XIV.
1452 1705 1487 1793 45

315 1811 434 1882 XVII.
454 1811 487 1900 ὃς
505 1811 635 1881 Ooloss.
653 1813 703 1882 H.
724 1813 757 1901 25
776 1814 883 1882 Hebr.
902 1814 967 1883 XI.
986 1815 1019 1884 6.

383 1921 429 1990 3⁰.
447 1921 553 1990 Fides
575 1929 611 1992 et
632 1923 715 1990 fidei
743 1923 1005 2012 intelligentia,
1032 1944 1119 2015 quae
1148 1927 1202 1992 est
1231 1923 1429 2006 viatorum,
1455 1943 1492 1992 ιι

317 2032 423 2102 habet
434 2037 609 2124 tamquam
621 2031 797 2100 inchoatio
814 2039 850 2102 et
866 2033 1087 2122 praeparatio
1103 2032 1148 2101 ad
1165 2033 1490 2100 consummationem

317 2144 353 2208 et
368 2141 614 2228 perfectionem
628 2141 667 2207 in
682 2140 861 2229 theologia
877 2141 1054 2209 beatorum
1070 2139 1133 2227 (3);
1146 2145 1294 2231 utreque
1307 2143 1422 2206 autem
1437 2143 1493 2207 est

319 2247 488 2342 quaedam
500 2247 724 2338 participatio
739 2251 776 2316 et
786 2248 891 2317 etiam
905 2247 1094 2318 secundum
1108 2247 1246 2316 modum
1263 2245 1493 2336 cognoscendi

380 2445 422 2521 (1)
437 2448 567 2504 «Omnia
584 2451 798 2516 pertractentur
815 2449 847 2501 in
866 2463 947 2503 sacra
972 2447 1103 2501 doctriua
1130 2447 1183 2500 sub
1208 2449 1322 2502 ratione
1347 2449 1420 2516 Dei,
1443 2453 1490 2506 vel

319 2537 389 2606 quia
406 2539 476 2590 sunt
492 2538 553 2604 ipse
572 2537 658 2604 Deus,
673 2539 720 2590 vel
741 2538 810 2604 quia
827 2537 936 2591 habeut
954 2537 1081 2590 ordinem
1101 2537 1137 2590 ad
1155 2537 1244 2591 Deum
1264 2541 1298 2592 ιιι
1322 2537 1358 2591 ad
1381 2540 1490 2605 princi·

321 2629 399 2697 pium
418 2631 448 2680 et
464 2627 558 2692 tinem
573 2625 648 2679 unde
667 2626 807 2694 sequitur,
823 2628 898 2694 quod
910 2629 986 2681 Deus
999 2641 1066 2681 vere
1079 2628 1120 2680 rit
1132 2628 1290 2682 subiectum
1304 2629 1392 2683 huius
1403 2631 1491 2685 scien·

318 2720 377 2774 tiae
392 2739 405 2765 n
420 2715 448 2770 S.
460 2717 513 2770 uh.
527 2717 552 2768 1.
565 2733 594 2784 q.
607 2717 632 2769 1.
642 2731 668 2770 a.
681 2718 707 2770 7.
720 2718 797 2782 Quae
816 2717 949 2782 Angelici
967 2717 1098 2771 Doctorie
1117 2719 1205 2771 verba
1222 2719 1266 2770 ita
1284 2719 1493 2774 circumscribit

317 2806 479 2862 leudoricus
497 2807 605 2861 iioliua
622 2805 653 2860 in
674 2808 700 2858 1.
711 2807 743 2859 P.
755 2822 782 2860 a.
795 2807 821 2861 7.
834 2805 909 2874 disp.
923 2807 948 2860 1.
962 2827 975 2854 ι
989 2806 1022 2860 Id
1038 2810 1084 2860 est
1103 2809 1260 2861 subiectum
1289 2808 1492 2863 attributionis

318 2895 445 2950 cuiusvis
465 2895 612 2961 scientiae,
628 2895 709 2948 cuius
728 2895 853 2960 cognitio
872 2895 1055 2962 potissimum
1074 2896 1247 2964 intenditur,
1263 2901 1293 2951 et
1305 2897 1341 2952 ad
1361 2897 1437 2965 quod
1451 2915 1493 2952 oe-

318 2989 390 3053 tam,
405 3002 477 3052 quae
490 2987 521 3039 in
540 3002 574 3039 ea
599 2986 835 3053 considerantur,
854 2986 1075 3040 attributionem
1094 2987 1210 3042 habent.
1233 2989 1339 3042 Verum
1367 2989 1492 3053 cognitio

318 3077 372 3131 Dei
398 3079 428 3129 et
447 3075 651 3129 attributorum
671 3073 834 3127 divinorum
852 3075 1035 3142 potissimum
1048 3075 1213 3128 intenditur
1231 3077 1263 3128 in
1283 3077 1337 3129 hac
1357 3077 1490 3143 scientia,

321 3167 347 3223 si
365 3165 401 3220 ad
418 3167 501 3218 finem
533 3165 669 3219 scientiae
689 3164 822 3218 intimum
841 3165 1045 3232 propriumque
1065 3169 1188 3231 spectes5
1210 3163 1285 3218 unde
1304 3181 1321 3218 a
1340 3163 1400 3226 θιος
1420 3167 1492 3218 tam·

320 3271 405 3323 quam
422 3271 440 3308 a
457 3255 612 3322 principaii
631 3255 739 3308 obiecto
766 3255 913 3320 theologia
938 3254 1016 3308 dicta
1040 3259 1093 3308 eet.
1109 3253 1211 3308 lietera
1229 3253 1263 3307 de
1283 3253 1388 3322 quibus
1407 3256 1439 3308 in
1459 3271 1494 3310 ea

320 3345 426 3412 agitur,
446 3344 665 3398 considerautur
682 3359 734 3412 per
752 3343 972 3396 attributionem
991 3343 1026 3396 ad
1046 3344 1143 3409 Deum,
1159 3346 1301 3410 quatenus
1320 3344 1432 3398 scilicet
1444 3347 1491 3400 vel

320 3437 355 3490 ab
374 3451 405 3488 eo
424 3451 475 3502 per
492 3436 664 3489 creationem
682 3437 825 3500 emanant,
840 3435 887 3488 vel
907 3434 943 3486 ab
965 3449 997 3486 eo
1017 3433 1224 3501 gubernantur,
1240 3437 1270 3486 et
1288 3432 1323 3488 ad
1346 3433 1440 3501 ipsum
1459 3439 1494 3489 ut

321 3523 358 3579 ad
376 3525 508 3578 ultimum
526 3525 610 3577 duem
628 3539 680 3590 per
691 3521 1063 3591 propriaetaecommodata
1080 3522 1173 3576 media
1184 3523 1368 3576 reducuntur.
1385 3525 1494 3578 »Licet

320 3629 388 3670 uero
406 3616 484 3668 inter
502 3614 661 3668 subiectum
679 3611 724 3686 (in
743 3627 829 3667 sensu
849 3609 988 3684 veterum)
1007 3617 1037 3666 et
1055 3613 1195 3666 obiectum
1219 3614 1356 3667 scientiae
1375 3615 1416 3668 rit
1435 3614 1493 3668 dis·

320 3704 428 3758 crimen
455 3701 587 3770 aliquod,
608 3705 734 3756 attamen
758 3701 916 3755 subiectum
945 3699 1146 3754 attributionis
1169 3705 1215 3755 ιιι
1240 3703 1327 3756 etiam
1354 3703 1494 3757 obiectum

320 3793 452 3861 princeps
471 3793 610 3846 scientiae
629 3795 659 3845 ιι
678 3783 823 3857 vicissim,
842 3788 917 3842 unde
936 3805 1085 3857 possumus
1104 3790 1187 3844 illam
1203 3790 1420 3845 distinctionem
1432 3807 1493 3845 cnm

319 3881 466 3948 plerisque
479 3881 622 3946 theologie
633 3880 791 3945 negligere.
802 3879 875 3932 Vide
887 3877 920 3931 de
932 3893 964 3932 eo
974 3877 1138 3932 discrimine
1150 3880 1281 3946 Vasqueu
1293 3879 1369 3948 disp.
1382 3881 1419 3934 X.
1429 3898 1452 3934 c.
1465 3883 1490 3934 1.

383 3967 425 4042 (2)
441 3989 453 4017 ι
468 3970 615 4038 Prtncipia
634 3971 719 4022 huius
738 3969 877 4022 amentiae
898 3971 967 4022 sunt
986 3969 1104 4022 articuli
1118 3969 1194 4035 fidei,
1211 3984 1283 4036 quae
1303 3973 1349 4023 ιιι
1367 3969 1402 4024 de
1417 3971 1492 4038 Deo;

319 4057 394 4113 idem
413 4063 508 4112 autem
527 4063 571 4112 est
590 4060 747 4113 subiectum
773 4057 978 4126 principiorum
1007 4063 1037 4111 et
1059 4057 1151 4112 totius
1178 4059 1330 4126 scientiae,
1346 4075 1408 4113 cum
1430 4063 1493 4114 tota

323 4148 445 4202 scientia
463 4147 573 4203 virtute
591 4149 772 4202 contineatur
791 4149 823 4201 in
842 4147 996 4216 principiis
1009 4169 1023 4198 ι
1036 4148 1066 4204 S.
1081 4148 1165 4203 dini.
1176 4165 1200 4204 c.
1211 4148 1257 4205 (ii.
1267 4147 1372 4203 Suareu
1387 4149 1421 4203 de
1440 4149 1494 4204 tide

325 4233 400 4301 disp.
411 4233 451 4288 11.
464 4237 533 4288 sect.
546 4233 573 4287 l.

385 4319 427 4394 (3)
441 4341 454 4370 ι
467 4321 654 4391 Partlcipalis
673 4323 810 4392 quaedam
829 4323 905 4391 apud
923 4339 975 4378 nos
994 4327 1039 4377 ιιι
1057 4323 1212 4391 theologia,
1226 4322 1259 4376 in
1278 4323 1366 4378 coede
1387 4323 1493 4394 quippe

327 4411 389 4466 eius
407 4415 453 4468 ιιι
468 4412 617 4481 plenitudo
631 4435 645 4463 ι
659 4413 821 4480 Hesychius
839 4414 870 4468 in
888 4415 957 4469 Lar.
972 4429 996 4468 o.
1009 4413 1053 4466 10.
1064 4430 1093 4482 p.
1107 4412 1152 4466 oe.
1163 4411 1207 4468 ed.
1220 4412 1299 4467 1522.
