3262 5076
931 354 970 370 -
991 320 1052 384 eos
1074 353 1113 368 -
1607 286 1614 371 l

437 441 475 506 et
496 434 672 520 obsolute)
705 433 821 501 fecere
851 429 1008 499 voluisse
1031 429 1234 519 factumque
1258 450 1328 496 non
1350 450 1433 498 esse.
1463 429 1580 498 sileni·
1605 394 1613 507 l

438 568 504 640 que
527 543 563 632 d)
587 567 629 614 ex
651 563 744 611 nexu
767 537 963 608 voluntatis
987 535 1166 606 salvificae
1198 537 1441 629 consequentis
1468 542 1502 606 et
1524 559 1579 628 por·
1606 518 1621 607 ΙΙ

437 652 602 724 tionlaris
625 673 703 720 cum
725 647 907 720 voluntate
929 645 1155 716 antecedente
1175 651 1212 715 et
1234 644 1430 715 universali
1440 645 1581 734 intelligi·
1620 639 1621 678 ¹

438 767 511 846 tur,
536 757 602 826 hes
624 752 822 845 Augustini
852 752 1161 843 interpretationes
1191 751 1377 820 enuntiare
1406 749 1580 834 veritatem,
1607 745 1621 785 ·¹

438 887 527 960 qnae
549 861 775 954 consequitur
797 883 839 929 ex
864 881 968 928 sensu
991 858 1190 927 immediato
1212 865 1250 926 et
1272 857 1404 928 directe
1432 858 1583 928 enuntiato
1620 853 1621 892 ¹

438 975 477 1043 in
501 971 618 1042 verbis
640 967 865 1060 Apostolicis.
892 965 947 1034 Er
969 987 1011 1034 ea
1033 965 1123 1034 enim
1149 963 1427 1057 voluutatc,qua
1447 965 1583 1034 Densbe
1605 958 1621 1056 ᾗ

438 1081 566 1152 nitatis
587 1085 624 1149 et
644 1077 756 1147 totius
779 1072 1025 1144 consolationis
1049 1072 1131 1142 vult
1153 1095 1269 1150 omnes
1284 1072 1403 1141 salvos
1418 1073 1494 1141 fieri
1506 1079 1537 1140 et
1554 1072 1583 1139 sd
1604 1079 1621 1173 ΙΙ

438 1189 652 1282 agnitionem
676 1181 841 1255 veritatis
865 1181 997 1268 venire,
1023 1181 1204 1252 dummodo
1232 1181 1389 1250 homines
1407 1180 1584 1270 «sibiipsis
1604 1180 1621 1219 ³³

439 1321 508 1369 nou
539 1295 613 1364 sint
641 1289 797 1374 inimici,
822 1295 859 1359 et
880 1313 948 1358 non
971 1289 1141 1358 resistent
1163 1289 1423 1360 misericordiae
1446 1287 1584 1360 creatoris
1604 1286 1621 1327 ΙΙ

439 1405 508 1490 sni,
533 1407 571 1470 et
593 1423 661 1468 non
684 1421 721 1467 ee
744 1397 838 1488 ipsos
861 1397 1078 1482 interimant,
1099 1423 1115 1460 n
1133 1401 1175 1466 ut
1196 1397 1355 1490 loquitur
1377 1396 1418 1466 S.
1442 1394 1586 1485 Augmti·
1607 1391 1621 1486 Ι

440 1535 507 1584 nus
522 1511 586 1598 (de
610 1504 848 1578 catechizand.
867 1505 984 1574 rudib.
1002 1529 1038 1574 n.
1056 1505 1112 1594 523
1131 1505 1168 1574 in
1181 1505 1232 1575 Io.
1251 1511 1357 1576 tract.
1375 1505 1465 1576 XII.
1477 1529 1510 1573 n.
1523 1503 1585 1588 u),
1606 1505 1621 1544 ·<'

440 1617 664 1710 consequitur
680 1611 846 1684 volentes
861 1614 1024 1684 absoluta
1039 1614 1166 1683 salutis
1183 1636 1313 1700 eorum,
1324 1614 1386 1706 qni
1401 1643 1419 1678 ι
1429 1614 1462 1682 ei
1477 1635 1511 1682 se
1522 1634 1587 1680 oon·
1605 1606 1621 1631 '

439 1727 587 1796 mittunt
597 1717 848 1789 illuminandos
860 1720 1163 1790 etaocendendoss
1175 1719 1231 1808 (de
1242 1719 1330 1810 spir.
1342 1726 1379 1788 et
1392 1719 1469 1788 litt.
1479 1743 1513 1787 n.
1523 1718 1587 1801 bd),
1603 1712 1621 1762 ¹

438 1839 474 1904 et
489 1828 626 1921 gratias
641 1825 783 1894 divinae
800 1827 1051 1919 obsequuntur.
1070 1827 1161 1896 Hinc
1173 1833 1332 1918 spectate
1343 1827 1506 1896 doctrint
1519 1824 1588 1894 Seri·
1604 1826 1621 1877 ΙΙ

437 1945 640 2032 pturarum,
673 1932 817 2001 Petrum
844 1938 882 2001 et
912 1934 1110 2024 Augustini
1142 1934 1254 2025 ipsius
1277 1934 1319 2003 de
1343 1933 1588 2004 universalitate
1605 1969 1621 2039 ¹<

437 2045 634 2118 voluntatis
655 2040 834 2111 salvifices
853 2043 1104 2129 antecedentis,
1126 2043 1249 2112 merito
1260 2043 1433 2112 offirmari
1448 2049 1485 2111 et
1498 2045 1586 2109 osten·
1607 2047 1621 2078 ·¹

438 2155 474 2225 di
486 2159 600 2244 potest
615 2173 693 2220 oum
708 2149 759 2218 Io.
777 2149 820 2217 B.
835 2149 951 2220 Faurs
962 2153 1029 2240 (sd
1041 2150 1187 2221 Encbir.
1201 2151 1296 2241 Aug.
1312 2175 1343 2220 o.
1358 2150 1440 2222 103.
1457 2175 1491 2242 p.
1502 2149 1585 2232 192),

437 2261 682 2353 Augustinum
704 2257 742 2326 in
765 2257 841 2328 illis
863 2259 953 2352 ipsis
975 2261 1074 2346 locis,
1101 2261 1161 2330 ubi
1184 2283 1268 2352 pree
1290 2261 1405 2330 oculis
1429 2256 1587 2330 habetllei
1606 2256 1621 2302 Ἰ

437 2370 657 2444 voluntatem
680 2366 874 2436 absolutam
897 2374 934 2438 st
955 2368 1216 2458 particularem,
1243 2391 1312 2437 non
1334 2368 1477 2460 quidem
1503 2364 1615 2456 expli-³

437 2500 516 2548 cere
539 2475 598 2545 sed
622 2480 737 2544 temen
753 2495 945 2564 supponere
962 2475 1180 2545 voluntatem
1198 2474 1393 2545 salvificam
1411 2473 1588 2545 anteceden·
1611 2510 1615 2516 ·

437 2590 507 2654 tem
529 2579 775 2653 universalem.
802 2579 948 2650 Ostendi
963 2581 1000 2651 id
1017 2587 1133 2672 potest
1147 2588 1222 2650 tum
1238 2603 1281 2650 ex
1303 2581 1586 2658 similitudinibus,
1620 2588 1621 2628 ³

437 2713 525 2784 ques
554 2689 697 2758 adhibet
729 2688 765 2757 S.
798 2687 930 2758 Doctor
952 2689 998 2758 ad
1020 2687 1263 2758 declarandum
1287 2711 1362 2758 sem
1392 2689 1587 2759 voluntatem

436 2795 697 2890 particularem,
723 2817 801 2864 cum
825 2794 878 2863 sit
900 2795 1012 2865 Deum
1035 2819 1146 2864 omnes
1168 2795 1286 2866 salvos
1309 2795 1401 2866 velle
1427 2820 1467 2867 eo
1496 2817 1585 2872 semu

437 2927 505 2997 quo
528 2903 655 2972 unicus
670 2902 708 2971 in
724 2901 872 2972 civitate
888 2903 1059 2992 magister
1074 2902 1210 2973 dieitur
1225 2903 1347 2974 docere
1363 2928 1478 2972 omnes
1490 2921 1588 2994 pueros
1610 2934 1613 2945 ·

436 3011 610 3096 civitatis,
635 3017 672 3080 et
694 3008 747 3078 sol
770 3008 903 3078 dieitur
926 3033 1036 3076 omnes
1060 3009 1280 3100 illuminem
1297 3017 1373 3080 tum
1395 3033 1442 3080 ex
1465 3009 1587 3101 explice
1610 2992 1614 3005 ¹

435 3124 530 3190 tione
553 3118 675 3205 tertis,
702 3139 772 3210 qus
796 3117 1016 3207 intelligitur
1031 3119 1126 3188 Deus
1144 3119 1236 3189 velle
1250 3142 1366 3188 omnes
1381 3119 1512 3205 salvos,
1527 3117 1588 3208 quie

436 3227 525 3298 facit
547 3249 610 3296 uos
633 3225 829 3296 desiderare
852 3229 889 3294 et
913 3247 1012 3294 orere
1035 3225 1187 3295 omnium
1211 3225 1372 3296 salntem.
1391 3227 1484 3297 Nam
1504 3223 1587 3312 megi·

436 3342 510 3406 ster
532 3358 641 3402 omnes
672 3356 797 3425 pueros
826 3333 987 3404 civitatis
1024 3335 1165 3422 docere,
1199 3335 1384 3404 solemnes
1411 3335 1587 3406 illuminare

436 3443 558 3513 merito
582 3442 652 3512 dici
675 3465 744 3512 non
767 3447 892 3534 potest,
918 3441 989 3512 nisi
1012 3449 1184 3536 quotenus
1207 3466 1249 3513 ex
1272 3451 1373 3535 parte
1396 3442 1587 3535 magistris
1620 3443 1621 3476 Ι

436 3575 478 3621 ex
501 3563 601 3642 porte
624 3549 710 3620 solis
733 3550 772 3618 iu
794 3557 956 3641 promptu
983 3557 1038 3620 est
1063 3551 1100 3620 id
1128 3573 1237 3637 omne,
1264 3552 1356 3644 qnod
1379 3549 1586 3624 necessarium
1620 3529 1621 3620 Ι

435 3663 549 3728 estet
572 3658 647 3727 siue
670 3681 738 3750 quo
760 3681 834 3727 esse
858 3681 925 3726 uon
949 3659 1072 3749 possit,
1091 3665 1134 3728 ut
1148 3659 1287 3728 omnino
1309 3682 1426 3730 omnes
1449 3654 1585 3750 puerici-

435 3764 563 3835 vitetis
579 3763 781 3852 doceantur,
799 3769 836 3833 et
851 3785 967 3835 omues
982 3763 1138 3834 homines
1154 3765 1414 3835 illuminentur.
1431 3767 1502 3838 Nec
1515 3765 1586 3834 Deus

434 3896 498 3943 nos
521 3873 621 3942 iubet
643 3879 681 3942 et
703 3872 792 3941 facit
814 3895 914 3943 orare
938 3897 1000 3965 pro
1023 3874 1193 3960 omnibns,
1219 3875 1292 3943 nisi
1314 3875 1401 3967 quia
1423 3875 1504 3946 vult
1525 3889 1586 3940 sues

434 3981 583 4070 gratiss,
609 3987 779 4072 quantum
803 3979 841 4048 iu
864 4003 900 4050 se
917 3987 985 4066 est,
1004 3981 1193 4051 secundum
1215 3981 1312 4072 leges
1327 3989 1445 4053 temen
1460 4003 1535 4052 snae
1547 3997 1585 4044 so-

434 4089 587 4178 pientiee
611 4089 769 4158 conferre
792 4087 963 4174 omnibus,
990 4094 1032 4156 ut
1055 4111 1117 4179 per
1140 4110 1199 4158 ess
1222 4113 1338 4161 omues
1362 4092 1548 4161 salventur.

500 4193 610 4262 Plena
633 4215 717 4282 ergo
740 4192 917 4261 enarratio
941 4192 1126 4262 verborum
1148 4193 1332 4283 Apostoli:
1364 4223 1382 4260 α
1413 4195 1503 4264 Deus
1523 4186 1585 4258 vult

435 4323 551 4370 omues
574 4301 730 4370 homines
745 4300 862 4370 salvos
878 4298 967 4384 fieri,
989 4299 1220 4370 »absolvitur
1243 4301 1464 4393 quadruplici
1484 4301 1583 4386 Angu-

435 4408 522 4478 stiui
544 4407 780 4480 declaratione
802 4407 867 4478 hoo
890 4407 1001 4478 modo.
1029 4407 1063 4477 1·
1089 4407 1184 4479 Deus
1213 4407 1296 4480 vult
1317 4431 1432 4481 omues
1453 4405 1581 4477 homines
