3292 5062
892 319 929 334 ..
951 289 991 349 98
1013 321 1050 333 -

452 393 621 484 Exempla
643 393 750 460 huius
772 393 981 460 elimatioris
1015 393 1324 462 demonstrationis
1358 416 1467 484 eaque
1491 417 1561 463 ma·

386 501 675 594 guilicentissima
697 501 849 590 reperies
872 500 964 590 apud
989 500 1052 570 SS.
1071 501 1196 570 Patres
1220 504 1292 570 iere
1316 525 1433 570 omnes
1461 525 1563 593 supe·

385 611 462 678 rins
485 610 612 676 citatos
639 607 843 696 praesertim
871 608 963 698 apud
986 608 1272 698 Athenagoram,
1298 609 1562 694 Athanasium,

386 717 632 800 Lactantium,
659 715 869 804 Gregorinm
903 717 1186 802 Nazianzenum,
1212 717 1263 785 Io.
1295 719 1562 786 Damascennm.

386 825 440 894 Gi.
460 825 581 893 Petav.
601 825 642 892 de
663 825 735 892 Deo
751 824 776 891 l.
796 825 826 892 Ι.
846 847 876 892 c.
896 824 929 892 1.
948 823 982 892 2.

452 932 576 1000 Patres
599 931 767 1023 plerique,
793 931 855 1022 qui
879 931 935 998 vel
960 929 1154 1020 gentilibus
1178 931 1234 1000 vel
1258 933 1429 1002 adversus
1443 933 1564 1003 Euno-

387 1040 518 1108 mianos
542 1040 751 1122 scribebant,
778 1039 888 1108 Deum
913 1039 985 1107 iere
1009 1039 1231 1108 considerant
1247 1043 1311 1109 sub
1327 1042 1463 1110 ratione
1480 1065 1564 1111 eau-

385 1169 443 1216 sae
467 1145 668 1228 efficientis,
694 1153 801 1237 atque
824 1145 875 1212 ita
898 1147 942 1213 ab
965 1147 1092 1214 effectu
1123 1151 1240 1214 creato
1263 1147 1489 1216 ascendentes
1516 1149 1565 1217 ad

384 1253 495 1320 Deum
519 1263 730 1334 creatorem,
757 1261 1001 1340 argumentum
1027 1253 1291 1344 cosmologicnm
1314 1261 1351 1322 et
1373 1255 1465 1346 quod
1490 1255 1564 1324 diei

385 1359 567 1428 consuevit
594 1359 1021 1450 physice-theologicum,
1053 1384 1135 1450 prae
1165 1362 1291 1430 ceteris
1315 1361 1561 1430 excoluerunt.

384 1467 580 1556 Augustini
596 1489 678 1534 vero
694 1465 873 1556 ingenium
891 1475 1070 1536 assuetum
1083 1467 1369 1536 meditationibus
1381 1467 1564 1535 sublimis-

384 1575 494 1658 simis,
519 1573 603 1642 licet
625 1581 661 1642 et
684 1574 758 1664 ipse
782 1573 918 1641 modum
942 1597 984 1642 ex
1009 1575 1282 1663 aspectabilibus
1299 1576 1474 1644 creaturis
1490 1575 1564 1664 pri-

385 1684 492 1750 mitus
521 1683 631 1750 Deum
663 1682 891 1771 cognoscendi
924 1681 1138 1750 commendet
1171 1689 1346 1774 tamqnam
1378 1683 1565 1772 proprium

384 1791 509 1859 mentis
533 1788 703 1856 hnmanae
726 1787 865 1872 (Genea.
884 1788 929 1856 ad
957 1789 1030 1856 litt.
1050 1789 1074 1858 1.
1094 1789 1159 1858 IV.
1178 1813 1208 1857 e.
1227 1789 1283 1857 32.
1302 1813 1337 1858 n.
1357 1789 1425 1876 493
1446 1790 1562 1859 Serm.

384 1897 461 1966 141.
480 1897 558 1964 241.
577 1901 673 1980 etc),
693 1896 753 1963 uhi
775 1901 891 1964 tamen
908 1897 948 1964 de
964 1897 1178 1988 expolitione
1202 1897 1341 1988 quaerit
1356 1897 1562 1986 intelligen-

383 2007 466 2090 tiae,
494 1999 578 2096 quid
602 2007 696 2072 Deus
719 2003 779 2088 sit,
805 2005 922 2093 potius
945 2027 987 2073 er
1011 2005 1151 2094 cognito
1167 2005 1288 2074 ordine
1319 2007 1566 2094 metaphysica

384 2134 457 2182 sese
476 2113 616 2202 erigere
640 2111 729 2179 solet
744 2110 789 2178 ed
805 2112 915 2179 Deum
940 2132 1080 2178 oausam
1098 2111 1339 2201 exemplarem:
1358 2135 1400 2179 ex
1417 2121 1567 2180 aeterna

384 2221 520 2291 scilicet
542 2227 578 2290 et
601 2219 812 2287 immutabili
836 2219 988 2288 veritate
1012 2219 1188 2288 rationum
1212 2220 1249 2288 in
1272 2221 1429 2288 numeris
1453 2221 1564 2289 etiam

384 2339 420 2399 et
443 2330 479 2396 in
503 2327 772 2422 spectaminibns
795 2326 1074 2416 disciplinarum,
1101 2351 1143 2396 ex
1167 2327 1256 2397 ideis
1280 2325 1488 2418 sapientiae,
1510 2327 1565 2394 in·

384 2439 516 2522 stitiae,
543 2439 619 2507 veri
643 2461 683 2506 ae
706 2439 803 2524 honi,
826 2460 867 2504 ex
893 2439 1032 2529 legibus
1056 2437 1323 2528 metaphysicis,
1351 2438 1565 2528 quibusnen

383 2547 495 2614 solum
519 2546 690 2640 quidquid
712 2551 778 2630 est,
804 2547 862 2616 sed
888 2547 1060 2639 quidquid
1075 2569 1150 2615 esse
1168 2550 1293 2636 potest,
1320 2545 1485 2614 absoluta
1504 2568 1564 2613 ne-

384 2657 547 2736 cessitate
570 2657 690 2724 subest
712 2679 752 2724 ac
776 2656 926 2744 regitur,
953 2656 1033 2725 visu
1058 2656 1184 2724 urentis
1208 2653 1405 2743 conspicere
1429 2655 1565 2722 nititur

384 2765 592 2848 veritatem,
619 2763 849 2854 sapientiam,
875 2786 915 2832 ao
940 2763 1128 2832 benitatem
1153 2761 1441 2844 substantialem,
1470 2783 1565 2853 quae

383 3043 414 3094 in
433 3039 534 3094 ordine
552 3039 698 3107 praesenti
718 3039 851 3091 moralem
870 3037 1006 3104 consequi
1026 3037 1226 3090 necessitatem
1242 3036 1435 3102 praelucentis
1448 3037 1565 3090 revela-

383 3131 473 3184 tionis
493 3128 644 3182 secundnm
664 3143 707 3194 ea,
730 3143 801 3196 quae
822 3127 948 3181 declarat
962 3126 991 3180 S.
1002 3127 1123 3180 Thomas
1135 3127 1160 3180 1.
1173 3143 1203 3194 q.
1216 3128 1241 3180 1.
1253 3143 1279 3179 a.
1291 3127 1316 3192 1,
1333 3125 1367 3179 de
1380 3125 1466 3180 verit.
1483 3129 1564 3194 cpit.

383 3237 409 3274 a.
422 3221 473 3286 10;
493 3225 592 3273 eontra
612 3223 690 3284 gent.
705 3221 726 3272 1.
739 3220 763 3272 1.
775 3235 799 3272 e.
812 3220 839 3271 4.
860 3219 942 3272 Licet
960 3217 1035 3270 enim
1056 3218 1134 3271 vires
1153 3217 1262 3272 rationi
1279 3233 1330 3284 per
1352 3232 1382 3270 se
1402 3215 1505 3271 adsint
1524 3219 1564 3272 ad

383 3311 436 3364 bas
455 3309 595 3362 verltatcs
615 3309 817 3376 assequendas,
834 3315 863 3362 et
875 3309 938 3362 ideo
958 3309 1098 3362 veritates
1117 3307 1228 3361 sintae
1248 3308 1305 3362 diei
1324 3307 1448 3360 debeant
1465 3309 1564 3362 ratio-

382 3401 482 3464 nales,
504 3397 579 3465 qnod
604 3399 694 3451 solum
714 3396 927 3464 contendimus,
949 3401 1119 3450 nontamen
1139 3401 1184 3450 est
1203 3411 1399 3462 consequens,
1424 3399 1458 3448 nt
1483 3399 1564 3451 ratio

384 3491 458 3560 qnod
478 3507 528 3558 por
547 3505 577 3542 ee
591 3493 694 3556 petest,
710 3487 797 3540 etiam
811 3493 874 3540 actu
889 3491 1070 3555 assequatur,
1087 3503 1151 3540 cnm
1165 3489 1257 3540 multa
1270 3489 1342 3552 sint,
1359 3505 1430 3556 qnae
1443 3489 1562 3556 plenam

383 3587 413 3636 et
430 3583 609 3634 constantem
628 3580 734 3633 virium
753 3579 942 3632 executionem
955 3579 1098 3632 difficilem
1116 3577 1240 3632 reddant
1253 3581 1284 3631 et
1296 3579 1399 3632 saltem
1412 3580 1564 3646 plerisque

383 3671 547 3724 bominibus
566 3669 714 3722 moraliter
731 3669 946 3736 impossibilem.
967 3669 1055 3722 Facta
1074 3669 1166 3735 igitur
1191 3667 1380 3722 distinetione
1405 3668 1487 3721 inter
1512 3667 1564 3721 du·

384 3765 450 3831 pisa
470 3763 552 3814 velut
570 3759 703 3824 stadium,
718 3759 797 3812 inter
809 3760 988 3826 primitivam
1001 3761 1084 3812 iliam
1097 3760 1149 3812 Dei
1163 3758 1298 3814 notitiam
1314 3761 1417 3825 sponte
1432 3758 1565 3813 oborien-

384 3857 440 3906 tem
459 3855 489 3904 et
506 3849 584 3902 inter
603 3847 814 3902 distinctionem
839 3853 924 3916 atque
944 3850 1088 3902 excultam
1107 3847 1313 3914 cognitionem,
1334 3849 1417 3901 nulla
1435 3853 1481 3900 cst
1499 3863 1566 3901 een-

383 3939 529 4004 tradictio,
549 3955 632 4006 qnam
652 3953 810 4004 anonymus
823 3939 844 3990 l.
857 3955 881 3992 c.
894 3955 921 4006 p.
934 3939 1026 3990 4244.
1042 3939 1195 4002 confinxit,
1218 3939 1249 3990 in
1269 3938 1322 3991 bae
1341 3936 1451 4004 duplici
1471 3953 1564 3990 asser-

385 4029 479 4082 tione:
497 4045 573 4096 aper
591 4028 734 4094 principia
755 4029 837 4080 nobis
857 4028 960 4081 innata
979 4027 1012 4080 de
1026 4027 1119 4094 focile·
1137 4027 1283 4094 percipere
1303 4041 1454 4094 poasnmua
1475 4027 1565 4080 Deum

385 4135 470 4173 essen
484 4118 717 4174 suntnaootn.
730 4117 763 4171 de
773 4119 854 4172 irin.
870 4133 992 4186 prooem.
1004 4135 1033 4186 q.
1047 4121 1071 4171 1.
1085 4135 1112 4171 a.
1123 4119 1150 4171 3.
1165 4116 1201 4170 ad
1212 4117 1239 4185 ῦς
1255 4121 1284 4169 et
1296 4139 1308 4164 a
1322 4117 1357 4170 ad
1371 4117 1564 4181 cognitionem

385 4225 478 4264 eorum
499 4225 570 4277 quae
589 4209 622 4262 de
641 4211 699 4264 Dee
712 4209 787 4262 ratio
805 4209 984 4278 investigare
998 4213 1103 4276 potest,
1120 4209 1211 4260 multa
1226 4221 1466 4274 praecognoscere
1480 4222 1561 4273 oper·

386 4303 462 4352 tet...
477 4299 524 4353 Sic
541 4313 608 4363 crgo
622 4299 737 4351 nonnisi
757 4315 817 4349 eum
835 4314 938 4366 magno
958 4299 1055 4349 latore
1073 4295 1165 4350 studii
1185 4294 1222 4348 ad
1237 4294 1406 4362 praedictae·
1421 4295 1561 4348 veritatis

386 4388 603 4456 inquisitionem
622 4389 768 4456 perveniri
788 4389 884 4456 potest
899 4408 911 4436 a
927 4385 971 4440 ld.
983 4391 1075 4440 contr.
1089 4389 1169 4450 gent.
1181 4387 1202 4438 l.
1212 4385 1237 4440 1.
1249 4401 1273 4438 c.
1282 4385 1310 4438 4.
