3394 5056
908 371 945 387 ..
966 341 1006 400 44
1026 369 1064 387 ..

401 447 524 516 debeat
536 473 553 508 n
571 449 710 538 sintque
727 441 791 510 tuta
809 465 1007 534 avyyvuarcr,
1026 446 1100 513 sint
1117 473 1134 508 s
1147 443 1306 514 infelices
1321 449 1358 512 et
1372 443 1579 512 iuter-rucr-

399 559 479 622 tuos
502 575 580 642 spes
596 551 782 637 illorum»
808 553 881 620 sint
906 573 1055 620 somnes
1079 551 1162 620 veni
1179 555 1308 618 natura
1325 575 1341 611 n
1360 547 1441 640 Sap.
1460 545 1576 616 XIIL

401 659 435 727 1.
454 659 488 726 8.
508 659 685 729 lunone
708 681 811 748 porro
832 659 943 727 Βειιιιι
967 659 1004 726 iu
1026 658 1250 728 naturalibus
1273 653 1579 724 manifestationi·

402 765 467 835 bus
492 795 508 830 u
523 787 546 834 a
561 773 723 836 creature
738 766 859 834 mundi
874 789 917 834 cx
940 767 988 835 iis
1003 787 1091 858 quae
1108 767 1204 834 facta
1219 769 1304 834 snut
1320 790 1337 824 ι
1363 782 1582 852 cognosceu-

400 873 495 960 dum,
519 896 593 944 esse
617 896 737 944 vorum
760 875 871 944 Deum
894 895 935 944 ac
958 875 1080 945 vivum
1095 873 1251 958 eundem,
1278 873 1339 966 qui
1361 871 1468 941 etiam
1498 890 1580 940 uru-

400 981 685 1052 uiiastetionibns
707 981 1034 1071 supernaturalibus
1049 1003 1085 1050 se
1100 979 1286 1064 revelavit,
1304 1003 1347 1049 ex
1362 978 1449 1047 locis
1460 975 1578 1044 omni-

401 1088 466 1159 bus
488 1095 542 1160 cst
563 1088 903 1175 luculentissimum
928 1111 1038 1180 nequo
1061 1087 1151 1156 enim
1174 1087 1246 1156 alia
1269 1108 1371 1180 quam
1402 1086 1479 1156 veri
1502 1084 1574 1154 Dei

400 1195 576 1286 ignoratio
598 1197 635 1264 in
659 1195 781 1265 allatis
803 1195 1006 1285 Scripturac
1028 1196 1115 1266 locis
1137 1195 1414 1286 reprehenditur.

869 1433 1012 1496 THESIS
1034 1435 1087 1495 111.

559 1577 749 1638 Rationalis
768 1580 911 1656 capnitio
933 1581 1013 1656 lapis
1032 1587 1174 1639 naturae
1195 1580 1234 1638 at
1255 1578 1406 1656 Apoaoto

400 1673 550 1750 gentibus
570 1681 693 1733 assarta
708 1675 849 1734 includit
864 1691 902 1736 ac
916 1677 1116 1737 demonstrat
1130 1677 1328 1735 rationalem
1349 1673 1574 1750 cognitionem

761 1771 821 1835 Dei
840 1777 981 1852 sapi-cmi
1000 1775 1204 1850 legislatoris.

464 1959 594 2014 sl’snlus
608 1963 763 2027 apostolae
783 1925 889 2015 diserte
908 1961 1004 2030 docet,
1026 1965 1117 2029 legem
1137 1965 1270 2016 moralem
1289 1962 1419 2016 absolute
1436 1959 1575 2026 oblitan-

400 2071 413 2098 ι
429 2053 486 2104 tom
505 2065 568 2104 esse
587 2051 806 2116 cognoscibilem
826 2057 857 2105 et
874 2053 1016 2118 cognitum
1030 2069 1048 2105 a
1065 2053 1200 2118 gentibus
1219 2067 1270 2120 per
1289 2051 1368 2104 vires
1386 2049 1511 2104 rationis
1529 2049 1573 2104 ol·

399 2159 412 2187 ¹
428 2143 475 2194 trs
489 2139 643 2206 positivam
657 2139 782 2194 eiusdem
795 2141 869 2206 legis
881 2143 1095 2208 revelationem
1112 2158 1184 2210 qnae
1196 2143 1261 2208 ipsa
1273 2139 1426 2196 rationalis
1438 2139 1573 2204 cognitio

400 2246 413 2275 ι
428 2227 615 2294 obligationis
634 2231 770 2296 supponit
787 2235 817 2282 et
834 2229 960 2283 includit
978 2231 1041 2298 pari
1062 2232 1174 2284 omuino
1189 2229 1268 2283 modo
1281 2229 1450 2283 rationalem
1467 2242 1574 2293 cogno·

400 2335 413 2364 s
429 2317 615 2371 scibilitatcrn
635 2335 667 2372 ae
684 2321 874 2385 cognitionem
887 2321 938 2374 Dei
953 2321 1026 2374 citra
1045 2321 1198 2388 positivam
1213 2319 1418 2373 revelationem
1428 2315 1574 2371 traditam

399 2425 413 2454 ι
428 2409 458 2459 et
476 2413 635 2475 susceptam
653 2407 687 2461 de
706 2411 865 2463 existentis
878 2409 930 2462 Dei
938 2427 944 2474 ;
961 2411 1092 2477 quamvis
1105 2410 1204 2477 aliqua
1217 2411 1319 2462 saltem
1331 2407 1448 2461 contusa
1460 2405 1574 2460 notitia

400 2495 481 2550 unci
500 2498 541 2552 sit
559 2497 658 2552 ordina
677 2500 758 2566 prior
778 2515 845 2568 prae
861 2499 1001 2554 distincta
1019 2501 1182 2566 cognitione
1203 2499 1390 2566 obligatlontr
1409 2496 1538 2552 moralia.
1553 2515 1569 2544 ιι

465 2692 577 2766 Cardo
588 2695 641 2763 rei
651 2694 688 2762 iu
702 2717 741 2764 eo
754 2695 921 2781 vertitur,
935 2702 1024 2764 utcx
1033 2695 1193 2766 doctrina
1204 2693 1414 2786 Apostoliac
1423 2692 1571 2782 proinde

397 2823 439 2872 ex
458 2801 614 2872 revelato
634 2803 738 2872 verbo
749 2803 815 2872 Dei
827 2803 1083 2874 demonstretur
1098 2803 1240 2872 moralis
1256 2799 1483 2891 obligationis
1504 2820 1571 2868 scu

397 2907 587 3000 obligantis
603 2907 693 3000 legis
709 2917 857 2979 naturae
876 2911 1029 3001 cognitio
1048 2911 1225 3001 possibilis
1237 2933 1279 2979 cx
1297 2909 1435 2979 viribus
1457 2907 1567 2976 ratic·

398 3015 465 3101 nis,
476 3015 559 3106 quin
572 3013 656 3084 baec
669 3017 822 3106 cognitio
835 3023 1093 3107 praesuppouat
1104 3017 1351 3088 revelationem
1363 3015 1565 3106 positivam,

395 3144 438 3192 ex
455 3143 524 3213 qua
539 3121 728 3192 hauriatur
743 3123 801 3192 vel
813 3125 870 3192 cui
886 3124 1074 3193 innitatur.
1093 3125 1168 3194 Hoc
1183 3125 1296 3215 posito
1312 3123 1435 3194 deinde
1451 3141 1568 3192 conse·

395 3230 518 3322 quitur
541 3251 602 3298 seu
625 3231 743 3320 potius
759 3233 796 3300 iu
813 3233 875 3300 hoc
892 3233 967 3323 ipso
984 3233 1192 3321 includitur,
1212 3235 1318 3302 etiam
1333 3231 1567 3322 cognitionem

395 3339 548 3432 aliquam
571 3338 779 3410 existentiae
800 3339 867 3409 Dei
891 3363 989 3430 posse
1011 3363 1086 3411 esse
1101 3364 1193 3412 mere
1216 3341 1422 3412 rationalem
1436 3347 1473 3410 ct
1495 3361 1566 3408 non

394 3443 578 3516 laudatam
602 3445 638 3516 in
662 3445 876 3516 revelatione
899 3447 1072 3536 positive,
1099 3449 1183 3540 qnia
1205 3447 1432 3539 obligationis
1454 3467 1565 3516 mora·

394 3551 442 3622 lis
464 3553 618 3643 cognitio
640 3553 877 3624 essentialiter
906 3554 1088 3624 includens
1117 3555 1272 3648 aliquam
1304 3556 1468 3626 notitiam
1498 3555 1565 3624 Dei

393 3681 462 3729 uon
485 3665 599 3750 potest
621 3681 695 3729 esse
710 3681 754 3729 cx
770 3661 907 3730 viribus
929 3663 1078 3732 rationis
1093 3663 1184 3732 citra
1200 3663 1460 3748 revelationem,
1478 3663 1564 3754 quin

393 3765 510 3836 eodem
533 3765 631 3835 modo
661 3787 698 3836 se
721 3765 848 3836 habeat
870 3769 999 3838 notitia
1020 3769 1085 3838 Dei
1117 3769 1230 3839 instar
1261 3771 1481 3840 fundamenti
1510 3790 1563 3840 es·

394 3873 592 3943 sentialiter
614 3873 752 3943 inclusa
773 3875 811 3942 in
834 3875 913 3966 ipso
936 3877 1132 3967 cognitione
1156 3877 1382 3968 obligationis
1405 3876 1560 3948 morulis.

392 3979 477 4049 Alie
499 3987 554 4050 est
576 3981 689 4070 magis
712 3979 952 4072 philosophica
975 4007 1078 4076 quam
1108 3984 1305 4075 theologica
1339 3985 1497 4078 quaestio
1519 3983 1563 4054 de

392 4107 484 4156 nexu
506 4087 621 4178 logico
643 4089 737 4158 inter
773 4089 1004 4178 cognitionem
1027 4099 1234 4186 utramque,
1260 4099 1377 4162 utrum
1408 4091 1563 4183 cognitio

393 4193 484 4286 legis
507 4193 556 4264 sit
578 4195 698 4264 ordine
722 4195 830 4286 prior,
855 4219 897 4266 ex
920 4199 1227 4289 qnaperveniatur
1243 4200 1288 4270 ad
1303 4200 1466 4270 notitiam
1481 4199 1560 4288 Dee

392 4323 439 4372 en
462 4325 545 4374 vcro
560 4300 672 4371 solum
693 4325 737 4371 ex
760 4303 916 4372 revelata
940 4305 978 4372 vi
999 4305 1148 4374 rationis
1163 4305 1209 4376 ad
1228 4308 1498 4399 cognoscendam
1513 4306 1561 4376 le·

393 4433 469 4500 gem
507 4410 736 4480 concludatur
763 4411 819 4480 via
847 4411 995 4481 rationis
1030 4413 1182 4484 eiusdem
1213 4415 1259 4485 ad
1289 4413 1563 4506 cognoscendum
