3394 5056
948 352 986 366 -
1007 321 1048 381 74
1068 351 1107 366 -

432 429 471 498 in
494 427 671 520 praesenti
695 426 784 512 vita,
803 425 887 496 dum
910 427 1003 494 ratio
1026 435 1062 494 et
1085 423 1299 495 conscientia
1320 423 1461 495 exhibet
1471 423 1627 516 aliquas

431 538 587 607 actiones
603 543 644 604 ut
660 535 770 603 malas
785 541 821 604 et
835 533 994 604 absolute
1011 533 1155 620 vetitas,
1177 533 1268 602 alias
1286 542 1328 602 at
1343 533 1452 602 bonas
1463 541 1504 602 et
1522 555 1626 624 prae·

435 650 567 734 ceptus.
585 642 732 724 Quando
747 641 862 732 igitur
878 641 978 710 homo
1001 645 1123 710 contra
1146 639 1203 709 vel
1226 639 1328 708 iuxta
1351 639 1415 709 hoc
1438 639 1626 709 dictamen

435 749 666 822 conscientiae
690 755 866 840 operatur,
892 747 1123 818 conscientiae
1147 748 1401 839 praeiudicium
1414 747 1625 838 (praevium

434 859 619 944 indiciam)
644 857 777 926 valebit
801 859 838 922 in
863 856 919 923 die
942 855 1079 938 iudicii,
1097 861 1138 926 ut
1154 879 1241 948 quas
1264 857 1418 925 actiones
1438 856 1627 924 conscien-

434 967 488 1036 tie
511 966 777 1057 praedamnavit
799 965 857 1034 vel
880 965 1044 1056 probavit
1059 988 1121 1034 oen
1137 965 1316 1034 moraliter
1340 963 1450 1032 malas
1467 971 1539 1032 aut
1566 965 1625 1031 ho·

435 1095 511 1159 nas,
537 1074 612 1164 ipse
635 1073 752 1142 iustus
776 1073 881 1142 iudex
904 1075 1136 1143 damnaturus
1151 1073 1200 1142 sit
1213 1073 1269 1142 vel
1287 1073 1516 1164 probaturus.
1531 1069 1624 1140 Inde

434 1189 550 1251 tamen
573 1205 641 1250 non
664 1191 719 1251 est
741 1204 964 1274 consequens,
990 1181 1081 1274 quod
1105 1181 1199 1252 sient
1222 1182 1383 1272 graviter
1417 1180 1535 1249 malas
1569 1180 1623 1248 in·

435 1291 569 1359 dicabit
591 1290 718 1378 dignas
740 1289 962 1358 damnatione
985 1297 1141 1374 aeterna,
1167 1290 1273 1360 etiam
1297 1289 1623 1382 quomodocumque

436 1399 542 1468 bonas
564 1399 789 1467 iudicaturus
812 1398 861 1466 sit
883 1397 1010 1487 dignas
1034 1399 1112 1467 vita
1134 1405 1287 1468 aeterna.
1308 1427 1324 1462 a
1343 1397 1382 1466 si
1405 1405 1528 1465 autem
1554 1395 1621 1478 hi,

435 1507 497 1600 qui
519 1505 733 1576 naturaliter
756 1527 844 1598 qnae
867 1507 957 1597 legis
981 1515 1067 1576 sunt
1089 1507 1245 1592 faciunt,
1260 1506 1411 1574 nondum
1443 1513 1533 1574 sunt
1559 1503 1621 1570 ha·

436 1615 539 1684 hendi
562 1615 600 1683 in
622 1639 766 1684 numero
789 1639 906 1686 eornm
930 1639 1015 1709 quos
1038 1615 1173 1684 Christi
1197 1616 1369 1686 iustificat
1392 1615 1527 1704 gratia,
1557 1611 1620 1680 sed

435 1721 474 1790 in
497 1746 614 1793 eorum
639 1725 769 1814 potius,
795 1748 940 1817 quorum
964 1725 1070 1793 etiam
1086 1725 1271 1815 impiorum
1287 1747 1349 1792 nec
1365 1723 1475 1793 Deum
1489 1743 1620 1792 verum

436 1831 609 1900 veraciter
632 1829 819 1900 colentium
843 1832 1010 1923 quaedam
1033 1841 1148 1900 tamen
1173 1833 1268 1901 lacta
1291 1830 1348 1901 vel
1379 1831 1536 1920 legimus
1562 1825 1619 1896 vel

435 1939 597 2007 novimus
620 1938 677 2008 vel
700 1939 885 2024 audimus,
911 1961 1000 2031 qnae
1035 1939 1223 2010 secundnm
1258 1939 1417 2008 iustitiae
1451 1935 1619 2027 regulam

434 2069 504 2116 non
526 2046 638 2115 solum
661 2046 865 2137 vituperare
889 2071 955 2116 nou
979 2071 1175 2139 possumne,
1202 2070 1323 2117 verum
1347 2047 1452 2114 etiam
1488 2044 1618 2113 merito

435 2163 597 2246 recteque
619 2155 848 2225 laudamus...
868 2155 955 2247 qaid
976 2161 1025 2224 eie
1045 2155 1237 2244 proderant
1261 2157 1489 2246 capitatione
1516 2175 1617 2221 aaa·

436 2278 549 2330 santes
574 2265 611 2328 in
637 2261 694 2330 die
721 2288 790 2354 qua
812 2262 983 2330 iudicabit
1007 2263 1172 2332 Dominae
1195 2262 1328 2330 ooorclta
1351 2261 1517 2344 cordiam,
1545 2259 1616 2326 nisi

432 2371 532 2459 sorte
557 2385 597 2436 at
627 2373 747 2438 mitius
777 2373 1039 2460 paniantrrrl...
1057 2397 1116 2440 nec
1145 2371 1237 2438 illud
1265 2374 1302 2438 in
1330 2369 1460 2437 iudicio
1476 2371 1548 2436 Dei
1560 2391 1616 2435 aa·

437 2479 543 2559 cubit,
575 2479 667 2570 quod
690 2481 727 2544 in
759 2481 837 2568 ipso
864 2483 1043 2570 impietate
1070 2479 1265 2547 damnabili
1288 2481 1399 2568 magis
1426 2479 1522 2545 alias
1543 2475 1614 2543 alio

436 2587 587 2686 mipaooe
615 2589 839 2676 peccaverit»
866 2585 902 2656 S.
922 2588 1017 2677 Aug.
1038 2588 1080 2656 de
1110 2587 1239 2678 spiritu
1267 2595 1303 2656 et
1332 2586 1405 2654 litt.
1424 2609 1460 2652 n.
1480 2585 1540 2654 48.
1559 2583 1612 2653 cf.

437 2692 475 2764 S.
504 2694 711 2785 Hieronym.
734 2693 771 2762 in
805 2693 934 2764 Ezeoh.
956 2695 1091 2763 XXIX.
1111 2693 1153 2764 Τ.
1178 2693 1219 2763 V.
1237 2717 1272 2785 p.
1295 2693 1362 2761 353
1376 2717 1385 2780 ;
1412 2692 1560 2782 Origen.
1579 2689 1614 2758 in

436 2801 536 2871 Rom.
557 2802 759 2872 1.11.n.7.

504 2909 606 2980 Siout
629 2933 713 3000 ergo
736 2911 948 2981 anctoritate
983 2909 1173 2980 communis
1207 2908 1614 3000 interpretationisque

436 3017 560 3086 Patres
583 3025 619 3086 et
641 3017 796 3108 theologi
820 3019 1061 3104 consentiunt,
1088 3020 1140 3088 ita
1164 3019 1270 3088 etiam
1293 3019 1449 3088 examine
1474 3027 1611 3086 contex-

435 3129 515 3208 tus,
548 3125 639 3215 qnod
669 3125 706 3192 in
736 3125 909 3214 superiori
938 3125 1032 3194 thesi
1054 3125 1292 3211 instituimus,
1319 3133 1452 3194 certum
1475 3131 1610 3206 manet,

435 3231 480 3298 ab
502 3229 671 3320 Apostolo
694 3230 852 3299 exhiberi
875 3232 989 3321 ipsum
1013 3233 1129 3302 lumen
1153 3233 1304 3302 rationis
1321 3241 1498 3325 tamquam
1518 3231 1610 3322 prin·

436 3337 567 3427 cipium
590 3360 800 3427 cognoscens
822 3339 1069 3429 obligationem
1093 3339 1184 3430 legis
1208 3341 1394 3425 naturalis,
1413 3341 1498 3432 quin
1523 3335 1612 3430 posi·

435 3443 514 3512 tiva
537 3443 628 3534 legis
651 3445 822 3514 revelatio
846 3453 1064 3536 supponatur
1087 3447 1144 3516 vel
1169 3456 1211 3517 nt
1233 3449 1338 3517 unica
1374 3443 1611 3515 manifestatio

435 3549 528 3640 legis
550 3553 727 3622 naturalis
750 3553 807 3624 vel
831 3561 872 3623 nt
895 3555 1059 3640 conditio,
1086 3553 1161 3624 sine
1185 3578 1255 3649 qua
1276 3579 1345 3624 non
1369 3561 1487 3646 posset
1521 3551 1610 3622 ratio

436 3657 481 3726 ad
505 3659 581 3726 eius
604 3661 836 3750 cognitionem
860 3663 1055 3752 pervenire.

502 3767 649 3851 Fateor,
675 3775 785 3838 totam
808 3769 899 3840 hano
922 3769 1049 3840 thesim
1073 3769 1188 3840 videri
1211 3795 1310 3862 posse
1345 3773 1446 3843 velut
1468 3795 1609 3866 uapepym

325 3971 328 3978 ,
437 3875 619 3966 quoddam.
638 3877 818 3948 Potuisset
840 3879 932 3948 enim
955 3903 997 3950 ex
1020 3887 1180 3952 tractatu
1204 3883 1246 3952 de
1270 3883 1389 3972 gratia
1418 3883 1550 3950 assumi
1573 3883 1610 3947 ut

435 3990 532 4051 certa
555 3985 741 4054 rationalis
765 3985 849 4056 haec
873 3987 966 4077 legis
989 3988 1143 4078 cognitio
1167 3991 1211 4058 ab
1233 3991 1402 4080 Apostolo
1418 3989 1606 4074 declarata;

437 4087 497 4156 sed
521 4089 697 4160 noluimus
720 4093 933 4182 permittere,
953 4099 995 4162 ut
1018 4095 1285 4165 fundamentum
1301 4098 1428 4186 ipsum,
1447 4097 1506 4166 cui
1523 4094 1607 4164 inni·

437 4195 531 4262 titur
554 4211 800 4286 argumentum
834 4201 979 4266 ethicum
1003 4225 1065 4292 pro
1088 4203 1260 4271 facultate
1292 4203 1459 4272 rationali
1490 4225 1608 4295 cogno·

439 4301 557 4370 scendi
580 4305 802 4372 existentiam
826 4306 903 4390 Dei,
919 4308 956 4376 in
973 4307 1168 4398 Scriptnris
1185 4311 1410 4401 propositum,
1430 4309 1609 4380 rationalia

315 4419 324 4436 ·
439 4409 576 4480 seilicet
605 4411 760 4502 cognitio
792 4411 885 4504 legis
911 4421 948 4484 et
981 4415 1207 4506 obligationis
1241 4417 1385 4488 moralis
1407 4439 1429 4486 a
1452 4419 1607 4512 quopiam
