3240 5064
538 418 576 432 ..
597 387 658 448 249
678 418 717 432 -

54 515 110 562 uos
132 492 294 562 absoluta.
314 503 352 562 et
366 491 530 578 relativa,
549 499 585 560 et
600 493 637 560 in
655 491 828 560 absolutis
843 491 971 561 iterum
987 491 1217 582 perfectiones

55 599 179 668 multas
199 599 431 690 inadeequate
454 598 678 688 concipimus,
705 621 821 668 omues
843 598 1010 668 habemus
1033 597 1215 685 identieas,

54 705 215 775 iudicium
238 714 398 776 nostrum
420 731 488 776 non
512 707 626 776 minus
641 713 695 776 est
710 729 903 792 erroneum,
923 727 1026 798 qoam
1043 706 1075 774 si
1092 706 1129 774 in
1146 707 1218 778 Deo

53 815 275 903 perfectiones
291 817 356 884 sub
370 815 445 886 illis
460 815 658 888 rationibus
674 815 851 884 exhibitas
871 814 1015 884 realiter
1031 814 1218 886 distinctas

53 944 121 990 esse
142 931 358 1014 putaremus.
374 923 430 992 Ex
453 923 506 993 rei
521 923 636 1014 igitur
651 922 802 992 veritate
818 913 1035 1007 iudicamus,
1050 926 1219 991 rationem

52 1027 153 1098 udum
172 1053 260 1115 esse,
279 1032 345 1100 snb
367 1053 435 1123 qua
451 1051 618 1100 summam
645 1030 744 1100 illam
767 1053 839 1100 rem
855 1029 1066 1120 concipimus
1082 1031 1217 1100 absolu·

52 1143 130 1222 tam,
145 1159 213 1229 qua
227 1137 325 1208 Deus
339 1144 394 1207 est
408 1147 444 1208 et
460 1161 548 1230 quae
565 1139 659 1208 Deus
674 1145 740 1224 est,
759 1137 1026 1208 abstrahendos
1041 1138 1215 1226 relativis,

54 1253 152 1335 etque
171 1247 303 1316 iterum
326 1247 432 1316 aliam
454 1270 528 1318 esse
551 1249 732 1329 rationem,
758 1249 823 1316 sub
847 1267 916 1340 que
939 1248 1078 1316 Patrem
1108 1248 1220 1316 conei-

54 1351 160 1439 pimoe
183 1353 381 1424 formaliter
403 1360 446 1423 ut
468 1355 607 1423 Patrem
629 1353 667 1422 iu
690 1353 858 1424 relatione
881 1361 918 1423 et
944 1354 1159 1445 oppositione
1173 1355 1219 1426 ed

54 1457 193 1532 Filium.
209 1462 362 1532 Proinde
393 1484 561 1532 sommam
591 1460 689 1530 illam
719 1485 791 1532 rem
821 1470 863 1531 ut
898 1462 1091 1532 absolutam
1123 1471 1219 1533 recte

55 1566 302 1659 distinguimus
323 1569 460 1638 nomine
482 1583 631 1636 coeterae
654 1593 694 1636 cc
715 1572 880 1636 essentiae
901 1591 923 1636 a
945 1569 1220 1659 proprietatibus

55 1675 301 1762 personalibus,
326 1676 410 1769 quia
432 1699 516 1745 vere
537 1676 603 1746 illa
626 1698 759 1750 summa
781 1699 838 1745 res
861 1683 898 1745 et
919 1675 1080 1744 absoluta
1103 1683 1158 1746 est
1184 1685 1222 1748 et

56 1780 218 1868 relativa,
254 1783 347 1876 quod
381 1789 569 1875 utromque
603 1782 687 1875 quia
721 1805 790 1850 ono
826 1783 1019 1876 adaequato
1052 1791 1220 1874 concepto

58 1888 335 1980 comprehendere
368 1912 437 1957 uon
466 1911 668 1979 possumus,
701 1888 881 1959 distinctis
911 1897 948 1958 et
976 1889 1220 1982 inudaequatis

57 1997 243 2078 raficuibus
267 2003 454 2090 utcumque
476 1997 735 2068 adumbramus.

71 2132 75 2138 ·
114 2103 252 2174 Pariter
279 2108 465 2176 essentiam
481 2111 701 2180 senatorem
716 2104 829 2194 ipsam
845 2103 1139 2194 simplicissimam
1156 2106 1221 2176 sub

58 2211 167 2282 moltis
180 2214 449 2304 ··iuadeeqoatis
482 2213 684 2288 notionibus
720 2213 971 2303 perfectionum
1007 2213 1221 2304 concipimus

59 2321 123 2406 (th.
138 2321 244 2390 XIII.
256 2327 283 2410 ).
302 2321 404 2391 Sicut
432 2323 567 2392 veroin
583 2323 770 2407 creaturis,
789 2345 832 2392 ex
849 2323 975 2414 quibus
991 2343 1054 2390 nos
1069 2323 1220 2414 primum

60 2429 300 2514 perfectionum
333 2427 431 2497 ideas
464 2429 694 2514 desumimus,
719 2428 803 2498 illae
840 2427 1027 2498 distinctae
1059 2435 1159 2514 sont,
1186 2435 1222 2500 et

59 2535 233 2623 madentes
257 2543 567 2629 permanentesque
590 2536 663 2606 elia
685 2561 727 2606 ex
751 2537 824 2604 alia
850 2559 961 2628 osque
976 2537 1020 2605 ad
1035 2538 1221 2607 essentiam

61 2642 346 2734 metaphysieam,
378 2665 466 2736 quae
500 2651 554 2716 est
587 2643 799 2733 principium
833 2643 1005 2711 omnium:
1034 2644 1087 2712 ita
1116 2643 1221 2712 etiam

61 2751 184 2840 quaudo
200 2775 260 2821 ees
276 2753 315 2820 in
331 2752 403 2821 Deo
416 2750 664 2840 intelligimus,
678 2773 746 2818 non
760 2750 897 2842 quidem
909 2750 1105 2820 iudicamus
1117 2773 1222 2820 unam

60 2860 291 2945 perfectionem
313 2860 458 2929 realiter
475 2881 676 2950 permanare
691 2881 734 2927 ex
751 2859 875 2944 altere,
894 2883 972 2929 eom
987 2859 1133 2929 reaIIter
1150 2859 1219 2929 dis·

59 2963 177 3036 tinctae
198 2989 270 3036 nou
292 2967 379 3056 eint;
404 2968 498 3036 ratio
520 2974 637 3037 tamen
660 2968 893 3060 inadaequata
909 2989 991 3051 una,
1018 2972 1060 3035 ot
1079 2988 1101 3034 a
1123 2965 1222 3035 nobis

62 3076 256 3166 coneipitur,
281 3077 449 3167 supponit
474 3077 635 3162 alteram,
653 3083 689 3146 et
704 3078 748 3146 ab
764 3099 804 3145 ea
819 3083 996 3169 tamquam
1011 3097 1033 3143 a
1049 3098 1111 3144 suo
1128 3075 1222 3165 prin·

62 3179 138 3270 cipio
160 3183 299 3274 pendet.
318 3181 419 3252 Licet
434 3182 525 3253 enim
541 3183 579 3252 iu
606 3183 678 3254 Deo
694 3205 765 3252 una
780 3206 838 3256 ree
854 3183 904 3254 eit
920 3181 1067 3273 simplex
1085 3181 1222 3250 omnino

61 3286 135 3356 Eue
155 3297 192 3359 et
214 3312 289 3360 esse
312 3290 477 3381 spiritum
501 3297 537 3360 et
559 3313 634 3360 esse
658 3290 850 3381 sapientem
873 3300 910 3360 et
931 3313 1005 3359 esse
1035 3289 1220 3376 volentem,

62 3415 117 3462 nou
137 3403 253 3466 tameu
276 3419 471 3487 possumus,
497 3397 559 3465 ubi
582 3397 805 3488 conceptibus
820 3395 1001 3466 distinctis
1017 3395 1103 3465 haee
1119 3395 1222 3465 intel·

62 3497 210 3590 ligimus,
248 3503 428 3592 concipere
462 3503 679 3573 volontatem
715 3504 790 3576 sive
824 3503 861 3572 in
896 3526 932 3572 se
967 3503 1042 3572 sive
1076 3502 1114 3570 in
1149 3503 1223 3590 suis

65 3607 288 3679 functionibus
315 3609 386 3679 uisi
415 3611 680 3701 praesupposito
714 3617 882 3701 conceptu
909 3610 1131 3694 intellectus,
1161 3633 1223 3679 nee

64 3713 265 3788 intellectum
280 3717 352 3786 nisi
367 3717 628 3808 praesupposito
645 3725 812 3807 conceptu
825 3719 1223 3810 substantiae‘spiritoo·

65 3819 110 3908 lis,
132 3849 192 3896 nec
219 3826 311 3895 hanc
337 3825 486 3917 denique
520 3847 583 3895 uec
609 3825 707 3894 aliud
736 3826 927 3918 quidquam
955 3826 1029 3895 sine
1057 3833 1223 3917 conceptu

65 3928 162 4017 ipsius
185 3933 284 4002 Eece.
304 3933 475 4016 Quamvis
499 3933 613 4022 igitur
637 3933 675 4002 in
703 3934 775 4003 Deo
798 3941 941 4024 propter
956 3934 1132 4002 infinitam
1148 3935 1223 4002 eiue

67 4037 311 4128 simplicitatem
334 4063 402 4108 non
425 4041 597 4131 possimus
621 4041 759 4132 quidem
788 4041 1005 4131 distinguere
1036 4040 1222 4110 essentiam

67 4145 326 4236 metaphysioam
349 4168 388 4215 eo
412 4145 521 4233 modo,
548 4169 616 4238 quo
639 4147 677 4215 in
701 4148 874 4217 creatoris
897 4147 1128 4238 intelligitor;
1159 4145 1224 4216 hoe

68 4255 248 4322 tamennon
275 4253 434 4344 impedit,
467 4253 650 4346 quominus
677 4253 865 4323 secondum
892 4254 1136 4344 imperfectum
1165 4273 1223 4321 no·

70 4365 165 4428 etrum
179 4362 315 4432 modum
331 4361 556 4450 intelligendi
575 4363 668 4432 iuter
683 4365 835 4430 rationes
854 4361 1081 4454 multiplices,
1097 4361 1224 4455 quibos

71 4467 140 4556 quid
160 4469 252 4540 Deus
267 4471 329 4556 sit,
352 4469 604 4561 quadamtenus
623 4470 848 4560 concipimus,
871 4469 1073 4560 assignetur
1089 4470 1224 4562 alique,
