3360 5060
917 341 1037 400 -ott
1059 373 1097 386 -

420 446 532 534 aliud,
547 469 650 540 quam
669 469 705 515 se
720 445 758 515 id
782 449 945 536 ignorare
962 449 1069 532 (cont.
1088 425 1219 514 Iulian.
1237 444 1262 512 l.
1277 443 1342 512 IV.
1361 468 1393 514 c.
1407 447 1441 531 83
1457 443 1495 512 da
1507 445 1571 514 Gor·

418 563 509 647 rapt.
528 561 566 623 at
588 559 683 645 grat.
703 575 732 621 o.
748 553 790 640 83
816 551 858 620 de
882 552 980 620 Dono
1003 573 1140 642 persev.
1159 575 1208 620 cc.
1224 551 1259 618 9.
1278 552 1334 620 11.
1349 549 1407 620 la.
1425 558 1514 638 etc).
1535 553 1574 620 At

421 685 504 735 vero
517 660 748 732 contradictio
759 667 814 728 est
827 659 1015 728 manifesta
1025 659 1159 743 docere,
1174 681 1314 728 causam
1327 681 1392 728 cur
1405 659 1466 728 uni
1476 659 1574 742 detur,

419 770 525 842 alteri
548 791 617 838 non
640 768 744 838 detur
766 765 1045 858 perseverantia,
1070 788 1146 834 asse
1169 765 1429 835 antecedentem
1458 766 1576 856 praede

420 879 645 950 stinatianam
662 875 706 944 ed
721 875 868 965 gloriam
889 872 945 942 vel
960 874 1068 943 huius
1083 874 1315 963 negationem,
1332 881 1370 942 et
1385 873 1489 942 simul
1503 875 1578 944 omni

420 987 504 1058 deta
513 984 772 1076 opportunitate
788 1005 956 1067 asserere,
970 1003 1006 1050 se
1018 981 1182 1071 ignorare
1197 1003 1336 1050 causam
1350 1005 1417 1052 cur
1427 981 1524 1050 detur
1534 980 1578 1048 vel

420 1117 488 1164 non
511 1093 627 1162 detur.
654 1089 724 1174 Qui
747 1090 836 1158 bano
859 1093 955 1157 tenet
983 1088 1191 1157 sententiam
1213 1088 1256 1156 de
1279 1088 1444 1158 absoluta
1465 1095 1578 1156 autem·

421 1201 523 1272 dente
547 1197 864 1292 praedestinatione
887 1196 1034 1286 gloriae,
1053 1219 1095 1264 ex
1114 1219 1183 1289 qua
1203 1203 1440 1289 consequatur
1461 1195 1580 1288 praede

422 1307 569 1378 stinatio
598 1313 635 1374 et
664 1301 871 1374 distributio
900 1301 1059 1392 gratiae,
1085 1301 1117 1370 is
1139 1302 1349 1392 profiteatur
1382 1309 1532 1392 oportet,
1552 1325 1579 1368 se

422 1413 550 1506 optime
577 1411 667 1482 scire
682 1431 834 1492 causam,
855 1429 955 1500 quam
980 1407 1205 1498 Augustinus
1221 1409 1274 1478 ait
1289 1432 1325 1478 se
1342 1409 1518 1500 ignorare,
1533 1407 1579 1476 aad

423 1525 598 1614 ignorare,
616 1541 679 1588 cur
695 1517 790 1586 Deus
805 1514 899 1584 huno
910 1515 1147 1607 praedestinat
1161 1517 1408 1586 antecedenter
1419 1517 1464 1585 ad
1475 1516 1579 1596 vitam

422 1629 524 1700 illum
547 1649 615 1696 non
638 1623 886 1716 praedestinet,
904 1623 995 1714 quod
1021 1622 1261 1714 Augustinus,
1278 1624 1309 1692 si
1325 1622 1581 1714 praedestinatio

423 1735 558 1828 gloriae
581 1731 722 1802 seorsim
747 1737 935 1822 spectetur,
962 1753 1146 1822 numquam
1174 1730 1322 1801 dicitas
1346 1733 1520 1822 ignorare,
1536 1730 1582 1798 sod

424 1843 528 1914 immo
540 1839 667 1930 optime
684 1861 720 1908 aa
734 1839 825 1908 scire
842 1841 929 1908 satis
942 1838 1148 1908 declaravit.
1159 1838 1250 1908 Vide
1265 1861 1375 1930 supra
1390 1865 1427 1931 p.
1437 1838 1579 1907 stesso.

489 1947 564 2017 Iam
588 1945 732 2015 veroin
762 1946 974 2014 testimoniis
997 1947 1175 2031 omnibus,
1209 1967 1297 2038 quae
1319 1947 1366 2015 ab
1396 1946 1582 2016 auctoribus

424 2053 728 2146 interpretationis
751 2053 852 2121 uobis
874 2052 1071 2122 sorbariae
1094 2053 1234 2144 prolata
1256 2061 1342 2123 sunt
1368 2055 1425 2124 val
1450 2052 1581 2145 proferri

424 2169 588 2257 possunt,
621 2163 845 2253 Augustinus
869 2163 947 2253 agit
969 2163 1011 2232 de
1034 2161 1351 2252 praedestinatione
1381 2163 1517 2254 gratiae
1538 2157 1580 2228 val

424 2271 466 2342 da
481 2277 557 2340 tota
574 2269 662 2339 serie
677 2271 866 2340 effectuum
883 2269 1220 2359 praedestinatorum
1236 2272 1272 2340 in
1291 2273 1508 2364 complexae
1526 2267 1581 2360 pri·

426 2401 482 2448 ma
503 2378 622 2469 gratia
645 2401 753 2470 usque
776 2379 821 2446 ad
845 2377 1011 2469 gloriam3
1046 2385 1082 2450 et
1109 2381 1339 2468 gratuitatem
1365 2379 1580 2472 praedestina·

424 2485 532 2556 tionia
556 2509 689 2577 semper
711 2486 885 2576 intelligit
908 2485 1044 2554 omnino
1067 2485 1209 2555 eandem
1225 2509 1266 2556 ao
1280 2487 1396 2578 ipsius
1413 2489 1482 2558 iam
1496 2487 1580 2556 dona·

424 2595 532 2664 tionis
554 2599 590 2663 at
612 2594 845 2664 exsecutionis
861 2593 898 2663 in
914 2594 1128 2684 oppositione
1144 2594 1188 2663 ad
1205 2617 1355 2664 errorem
1372 2595 1579 2687 Pelagienum

425 2709 462 2772 et
484 2701 631 2769 maxim0
654 2699 982 2790 Samipalagiaunm,
1008 2700 1159 2792 adeoque
1181 2700 1226 2768 ad
1248 2701 1483 2772 exclusionem
1498 2698 1579 2768 meri·

424 2817 540 2880 torum
564 2829 651 2900 quae
674 2807 730 2877 vel
754 2808 791 2876 in
816 2831 851 2876 se
875 2807 932 2878 vel
955 2807 992 2876 in
1016 2808 1204 2884 auoinitio
1227 2807 1300 2876 sint
1322 2809 1512 2880 naturalia.

491 2916 538 2984 2⁰.
579 2916 798 3006 Argumenta
827 2915 1040 3008 quorundam
1070 2915 1312 3006 theologorum
1341 2940 1386 2986 ex
1416 2915 1579 3009 principiis

426 3025 605 3117 bucusque
628 3023 816 3094 declaratis
838 3023 948 3114 primo
971 3023 1093 3092 statim
1116 3024 1253 3092 intuitu
1276 3024 1526 3117 intelliguntm
1545 3023 1579 3090 ad

426 3155 498 3204 rem
519 3155 588 3202 nou
603 3131 797 3223 pertinere;
817 3131 908 3202 unde
923 3131 965 3202 de
989 3132 1036 3200 iis
1052 3153 1163 3225 neque
1186 3155 1271 3222 opus
1286 3141 1380 3202 esset
1397 3134 1518 3204 dicere.
1533 3130 1578 3198 Sic

425 3241 581 3312 Gouatua
603 3239 714 3330 (disp.
731 3238 781 3308 Π.
797 3247 829 3323 5.
844 3241 895 3326 5.)
911 3240 1117 3330 promittens
1132 3263 1168 3309 se
1184 3239 1275 3310 velle
1293 3269 1309 3304 a
1327 3247 1476 3311 mantem
1489 3245 1522 3309 et
1533 3238 1577 3307 dc

425 3350 574 3421 ctriuam
597 3348 704 3418 huius
729 3348 766 3418 S.
781 3348 943 3418 Doctoris
958 3348 1136 3440 operosius
1151 3347 1327 3441 inquirere
1341 3355 1378 3418 at
1393 3347 1577 3440 diligentiae

424 3454 654 3546 investigare,
675 3482 690 3518 n
709 3457 845 3546 profert
864 3478 968 3525 unum
985 3463 1228 3548 argumentum
1246 3463 1283 3524 et
1296 3455 1369 3524 tria
1384 3453 1575 3526 testimonia.

424 3565 683 3654 Argumentum
706 3570 773 3632 est:
797 3563 1034 3634 Massilienses
1056 3565 1208 3634 testibus
1223 3563 1393 3655 Prospero
1408 3573 1446 3636 et
1460 3559 1575 3634 Hilario

425 3673 463 3742 in
486 3671 645 3763 epistolis
661 3671 705 3740 sd
722 3671 962 3762 Augustinum
979 3671 1211 3742 detondebant
1225 3673 1434 3744 sententiam
1448 3673 1488 3742 da
1497 3688 1575 3761 prae

425 3779 660 3852 destinatione
685 3787 764 3871 post
790 3777 953 3870 praevisa
980 3779 1117 3864 merita,
1140 3787 1175 3848 at
1200 3780 1443 3871 improbabant
1463 3783 1573 3850 senar

425 3890 512 3960 tiam
523 3887 720 3979 Augustini
736 3887 778 3956 de
795 3886 1121 3978 praedestinatione.
1132 3887 1358 3978 Augustinus
1370 3894 1484 3958 tarum
1496 3901 1571 3952 auam

426 3996 622 4068 doctrinam
646 3994 837 4086 oppositam
868 3993 1148 4066 Massiliensibus
1179 3996 1336 4066 inculcat
1364 3995 1403 4064 in
1428 3993 1520 4064 libris
1540 3987 1572 4056 da

425 4103 549 4174 Praed.
576 4103 640 4173 SS.
659 4109 695 4172 at
717 4103 759 4172 de
781 4102 879 4172 Dono
902 4124 1075 4193 persever.
1102 4101 1192 4172 Vide
1214 4103 1466 4194 responsionem
1486 4113 1570 4187 supro

426 4211 464 4282 in
480 4211 534 4281 th.
549 4211 645 4280 LXI.
659 4210 774 4281 LXII.
792 4211 844 4280 De
860 4209 1072 4280 testimoniis
1095 4210 1238 4280 disertis
1252 4233 1294 4280 ex
1310 4211 1505 4302 Augustino
1523 4200 1568 4270 ad·

426 4320 513 4390 lerri
537 4319 664 4405 solitis,
690 4341 768 4388 mox
791 4317 963 4406 dicemus,
989 4339 1077 4410 quae
1104 4340 1188 4388 vero
1203 4318 1361 4388 Gouatus
1375 4319 1568 4398 mtatnenpt

425 4427 673 4511 efficacissima,
688 4425 746 4494 bio
758 4425 879 4495 statim
891 4425 1048 4516 expediri
1061 4433 1217 4516 possunt.
1229 4425 1474 4496 Testimonium
1485 4421 1568 4488 1⁸0¹
