3394 5056
917 350 956 365 -
976 319 1018 380 20
1038 349 1076 364 ..

413 446 550 511 camus;
576 423 700 494 deinde
721 445 805 494 vero
827 430 870 494 ut
890 429 964 493 tres
996 443 1160 513 personas
1186 421 1398 492 constitutas
1424 429 1461 492 et
1486 423 1600 493 inter

413 554 449 602 se
472 531 658 602 distinctas
680 531 910 600 relationibus
933 529 1094 620 originis,
1112 550 1200 622 quae
1222 537 1298 598 tum
1321 529 1482 620 singulae
1504 537 1597 599 tum

412 659 528 708 omnes
551 638 654 707 simul
676 644 763 707 sunt
783 638 898 728 ipsum
921 636 1012 706 illud
1034 637 1122 705 Essa
1144 636 1342 722 infinitum,
1366 643 1473 728 atque
1503 637 1597 706 ideo

412 769 520 816 unum
543 752 627 814 sunt
648 744 835 814 secundum
860 744 1059 814 essentiam.

476 855 596 946 Neque
618 875 701 922 vero
723 852 904 921 distinctio
927 855 1020 919 iuter
1035 849 1209 940 duplicem
1224 850 1314 920 hanc
1331 851 1595 922 consideratio·

411 985 489 1032 nem
511 961 716 1052 simpliciter
740 961 777 1028 in
799 983 838 1030 co
860 965 927 1044 est,
945 957 1036 1050 quod
1059 959 1199 1028 diversa
1221 966 1275 1028 est
1296 959 1392 1027 notio
1426 959 1595 1030 absoluti

412 1070 598 1140 secundum
623 1069 713 1162 quod
737 1069 832 1138 Dens
862 1091 954 1136 unus
977 1074 1052 1153 cst,
1081 1073 1118 1137 et
1139 1067 1280 1138 diversa
1312 1067 1409 1136 notio
1431 1066 1593 1136 relativi

411 1176 599 1246 secuudum
621 1176 712 1268 quod
735 1183 809 1244 tres
831 1182 914 1244 suut
938 1176 1079 1246 divinae
1101 1196 1279 1265 personae,
1305 1173 1497 1243 cuiusmodi
1520 1195 1591 1242 no-

410 1282 545 1352 tionum
571 1281 760 1352 diversitas
790 1282 1019 1372 multiplicem
1050 1281 1156 1351 stiam
1185 1281 1391 1372 suppeditat
1422 1280 1590 1350 subdivi-

410 1390 540 1460 sionem
562 1390 787 1458 tractationis
809 1395 885 1459 tum
908 1390 950 1460 de
972 1391 1044 1459 Deo
1067 1411 1136 1458 uno
1159 1395 1234 1458 tum
1270 1389 1419 1458 alteriue
1442 1389 1484 1459 de
1505 1389 1591 1458 Deo

410 1497 525 1584 triuo;
550 1497 610 1566 sed
632 1497 822 1566 diversitas
844 1497 937 1566 inter
959 1496 1050 1567 hanc
1073 1503 1256 1589 utramque
1278 1497 1451 1566 notionem
1481 1497 1589 1566 abso·

409 1606 480 1675 luti
502 1613 538 1674 et
559 1605 787 1676 relativorum
810 1607 846 1674 in
868 1607 940 1674 Deo
963 1607 1066 1696 longe
1096 1607 1206 1674 maior
1229 1604 1344 1674 oritur
1366 1627 1409 1674 ex
1431 1605 1586 1674 diversi·

409 1721 484 1784 tate
507 1715 610 1800 modi,
636 1737 703 1808 quo
734 1715 886 1784 humana
915 1718 1007 1786 ratio
1034 1717 1139 1786 etiam
1169 1715 1236 1784 fide
1268 1715 1452 1818 illustrata
1484 1715 1589 1784 circa

410 1846 514 1894 unam
536 1829 573 1893 et
594 1824 689 1894 circa
710 1823 858 1894 alteram
882 1825 1018 1894 versari
1041 1830 1166 1916 potest.
1184 1824 1286 1894 Licet
1306 1823 1399 1894 enim
1421 1825 1459 1892 in
1481 1823 1584 1892 theo·

408 1931 505 2019 logia
527 1929 609 2000 fidei
632 1931 747 2000 omnia
769 1932 1032 2002 considerentur
1054 1933 1119 2002 sub
1142 1931 1283 2001 formali
1316 1930 1453 2000 ratione
1486 1929 1584 2000 veri·

409 2043 496 2110 tatis
525 2041 721 2128 revelatae,
746 2050 833 2112 aunt
861 2049 976 2112 tamen
1009 2041 1190 2132 pleraque,
1224 2061 1312 2132 quae
1342 2039 1383 2106 de
1411 2039 1481 2106 Deo
1510 2063 1584 2106 unc

408 2149 684 2234 considerantur,
699 2173 767 2218 non
789 2149 900 2220 solnm
924 2149 991 2218 tide
1014 2148 1196 2234 credenda,
1214 2147 1274 2218 sed
1290 2156 1436 2238 possunt
1456 2146 1579 2231 ctiam,

410 2255 471 2324 ubi
494 2257 679 2348 quaeritur
702 2279 747 2325 au
770 2258 855 2342 sint,
873 2257 1005 2326 lumino
1027 2256 1176 2326 rationis
1198 2255 1356 2346 intelligi
1378 2277 1419 2324 ac
1441 2254 1581 2326 damon·

409 2362 541 2448 attari,
559 2363 643 2455 quia
665 2365 852 2434 secundum
876 2364 960 2435 haec
982 2364 1078 2433 Deus
1101 2387 1169 2432 uon
1200 2363 1312 2432 solum
1347 2361 1429 2432 fidei
1462 2362 1582 2430 imme·

408 2468 507 2540 dista
530 2477 595 2540 sut
618 2470 842 2557 revelatione,
861 2473 921 2542 sed
937 2473 1041 2542 etiam
1056 2471 1182 2542 lumini
1196 2469 1344 2541 rationis
1359 2491 1421 2559 per
1435 2487 1581 2558 eaquae

408 2575 504 2646 facta
533 2582 635 2662 sunt,
661 2599 735 2648 sese
757 2579 984 2667 manifestat;
1010 2577 1068 2648 val
1099 2585 1192 2648 certe
1222 2598 1310 2670 quae
1336 2575 1411 2644 sola
1440 2574 1578 2644 revela·

407 2683 501 2754 tione
529 2683 571 2754 de
601 2685 772 2754 absolutis
797 2685 864 2754 Dei
896 2685 1168 2776 perfectionibus
1201 2684 1302 2759 nobis
1331 2682 1577 2768 innotescunt,

407 2814 485 2862 cum
506 2791 706 2862 notionibus
729 2792 962 2862 rationalibus
977 2799 1166 2862 nectuntur
1181 2793 1244 2878 ita,
1264 2799 1306 2862 ut
1324 2799 1506 2884 postquam
1521 2809 1578 2858 ra·

407 2898 525 2968 velata
544 2906 639 2984 sunt,
656 2900 795 2968 notitiis
811 2899 900 2969 satis
923 2899 1030 2970 claris
1045 2905 1082 2968 et
1096 2898 1275 2970 distinctis
1291 2898 1423 2968 rationi
1438 2897 1578 2966 omnino

407 2993 636 3096 congruentia
658 3007 919 3099 intelligantur,
937 3007 1130 3078 cuiusmodi
1145 3007 1248 3099 plura
1264 3012 1349 3076 sunt
1359 3006 1475 3096 capita
1490 3027 1520 3073 e.
1536 3027 1575 3094 g.

406 3113 448 3182 de
471 3113 653 3184 voluntate
687 3115 821 3185 divina.
847 3115 899 3184 At
921 3139 1004 3186 vero
1027 3139 1115 3208 quae
1138 3121 1298 3206 spectant
1319 3113 1364 3182 ad
1386 3110 1576 3204 processio·

406 3241 467 3288 nes
489 3219 699 3290 intrinsecas
722 3228 759 3290 et
780 3221 825 3290 ad
847 3221 1036 3292 distinctas
1051 3243 1215 3313 personas
1237 3221 1389 3305 divinas,
1407 3217 1574 3309 simplici·

405 3332 461 3394 ter
483 3333 567 3396 sunt
589 3348 697 3418 supra
719 3328 910 3415 rationem
936 3352 999 3398 uso
1021 3329 1166 3420 proinde
1189 3330 1226 3398 in
1249 3329 1306 3398 his
1328 3327 1427 3397 aliud
1459 3331 1576 3416 potest

405 3453 480 3502 esse
502 3433 713 3504 obiectivum
735 3436 962 3525 cognoscendi
985 3435 1195 3528 principium
1224 3442 1363 3527 praeter
1389 3433 1573 3504 revelatio·

405 3561 501 3623 nem,
526 3541 585 3609 cui
606 3541 801 3611 subiective
824 3541 932 3625 fides,
955 3543 1198 3633 intelligentia
1228 3565 1312 3612 vero
1341 3540 1481 3610 nonnisi
1511 3562 1574 3630 per

405 3645 607 3736 analogicus
635 3648 801 3740 quasdam
827 3649 1107 3720 adumbrationes
1133 3649 1342 3740 respondet,
1371 3649 1414 3720 de
1437 3669 1507 3740 qna
1534 3667 1573 3716 re

405 3754 528 3824 multis
543 3755 665 3844 agitur
689 3755 727 3824 in
750 3755 827 3846 ipso
849 3763 1007 3827 tractatu
1026 3758 1068 3827 de
1092 3757 1282 3826 Trinitate.

470 3860 522 3928 11.
536 3861 638 3932 Uter
650 3862 877 3954 dictispatet‚
891 3863 977 3934 haec
989 3863 1102 3955 prima
1116 3864 1283 3934 tractatio
1298 3861 1339 3930 de
1347 3863 1415 3932 Deo
1426 3885 1494 3928 uuo
1510 3859 1571 3929 lra-

405 3969 465 4038 bet
478 3969 616 4060 quidem
631 3993 693 4060 pro
708 3970 840 4040 obiecto
855 3979 1017 4040 naturam
1033 3971 1188 4042 divinam
1211 3977 1249 4042 et
1267 3970 1357 4062 qnod
1373 3969 1573 4038 absolutum

404 4082 460 4146 est
480 4077 609 4168 absque
631 4077 798 4168 explicita
813 4080 1088 4150 consideratione
1102 4079 1211 4149 trium
1226 4099 1462 4169 personarum,
1483 4098 1573 4169 quae

404 4205 466 4274 per
487 4183 675 4252 relationes
698 4183 791 4254 iuter
814 4207 850 4254 se
873 4185 1061 4256 distinctae
1083 4192 1159 4255 tum
1182 4185 1343 4275 singulae
1358 4193 1434 4256 tum
1456 4207 1573 4254 omnes

403 4290 509 4360 simul
531 4291 676 4361 realiter
697 4291 961 4364 identificautur
985 4317 1061 4364 cum
1077 4314 1148 4362 una
1162 4299 1292 4363 natura
1315 4292 1486 4381 absoluta;
1511 4291 1572 4362 sed

404 4403 545 4489 propter
568 4396 658 4468 hauc
681 4397 793 4489 ipsam
815 4399 1122 4470 identificationem
1144 4406 1192 4486 et,
1218 4407 1259 4471 ut
1281 4399 1353 4472 dici
1375 4399 1476 4486 solet,
1494 4421 1572 4491 pro·
