3292 5062
552 347 589 362 -
616 315 672 377 191
697 347 735 362 -

60 420 212 491 terislem
235 424 320 507 (non
343 442 406 510 per
430 420 546 490 eliens
563 423 600 489 et
623 420 818 508 sensibilis)
846 428 893 506 ot,
923 427 966 490 ut
984 423 1063 513 quis
1087 422 1229 506 dixerit,

62 531 165 616 ipsius
187 527 333 594 deitatis
356 529 521 594 visionem
533 526 607 615 .(1).
627 526 694 596 Est
721 549 804 596 vero
831 527 938 596 etium
963 527 1081 596 Filius
1101 527 1183 596 finis
1197 534 1234 597 et

59 657 253 724 supremum
285 632 518 702 beatitudinis
549 633 687 702 ratione
717 634 838 703 Verbi.
869 633 964 716 Quid
994 635 1085 702 enim
1113 635 1232 703 sitin

59 742 278 832 Evangelio?
297 742 347 810 Et
361 765 427 831 ego
440 743 657 812 resnsoitnbo
672 765 751 810 eum
774 743 812 811 in
826 742 1016 811 novissimo
1032 743 1099 830 die;
1118 765 1231 812 resur·

62 851 243 920 medonem
267 850 386 919 diosus
409 851 599 919 transitum
618 872 640 918 u
663 849 861 939 cognitione
882 871 943 940 per
966 850 1164 920 materialia
1177 850 1232 919 ud

59 956 319 1026 immaterialem
342 956 532 1044 visionem3
566 957 656 1026 diem
683 980 766 1026 vero
793 957 1022 1027 novissimum
1049 957 1232 1048 appellens

56 1085 125 1132 eum
145 1062 396 1152 oognitionem,
414 1069 494 1153 post
510 1085 612 1155 quum
628 1087 696 1131 non
720 1069 776 1133 est
797 1063 882 1132 olio.
901 1063 1000 1132 Tune
1020 1064 1111 1132 enim
1135 1086 1231 1134 mene

57 1179 172 1239 nostra
193 1173 355 1262 assurgit
369 1177 407 1241 et
421 1171 575 1261 erigitur
590 1172 635 1241 ud
652 1173 789 1241 beatem
807 1171 1074 1256 sublimitatem,
1093 1170 1230 1262 quondo

58 1280 177 1349 viderie
192 1285 363 1347 unitatem
379 1293 412 1345 et
429 1277 575 1346 monada
600 1279 712 1347 Verbi.
732 1279 801 1348 Sed
818 1279 981 1371 quonium
998 1300 1093 1347 mene
1109 1284 1231 1346 nostre

57 1389 203 1457 mrssior
224 1395 342 1456 terroe
366 1385 520 1476 alligato
541 1391 597 1454 est
618 1391 654 1454 et
676 1385 761 1454 limo
785 1385 1176 1476 (oorpori)·oommi1to,
1195 1393 1232 1456 et

58 1517 158 1584 purus
181 1494 314 1563 visioni
337 1493 517 1564 intendero
540 1515 608 1562 nou
632 1499 759 1584 potest;
786 1493 869 1563 hino
885 1515 947 1583 per
963 1501 1133 1583 ooguutes
1157 1517 1229 1562 eor·

58 1603 125 1692 pori
148 1625 212 1672 suo
235 1601 522 1692 pulobritudines
544 1623 649 1670 manu
672 1601 779 1672 duote
802 1602 995 1672 oonditoris
1012 1602 1230 1692 operationes

57 1709 260 1794 oonsidsrot,
277 1710 431 1801 bonoque
448 1709 601 1797 (divino)
618 1708 760 1778 interim
776 1731 819 1778 ex
835 1709 1020 1778 effectibus
1037 1709 1227 1800 eognosoit,

58 1823 94 1885 nt
115 1817 164 1886 sio
187 1817 362 1908 paulatim
385 1823 490 1886 sueta
503 1819 615 1906 possit
635 1815 827 1908 aliquando
845 1815 891 1883 od
908 1819 1019 1905 ipsam
1034 1819 1162 1884 nodam
1177 1815 1230 1884 di-

57 1929 232 1992 vinitorem
243 1927 457 2015 pertingere.
477 1951 494 1987 e

117 2032 236 2102 Oonlis
259 2032 497 2103 subiioiendee
520 2031 636 2102 odbuo
651 2039 736 2102 sunt
762 2031 957 2102 sententiae
973 2031 1227 2121 chrysostomi,

59 2141 135 2231 quis
156 2141 197 2208 de
219 2139 285 2208 illo
308 2139 419 2208 maior
442 2139 531 2209 solet
553 2161 629 2208 esse
651 2139 828 2210 dubitatio
850 2162 893 2208 ex
916 2139 1003 2208 loeis
1027 2139 1128 2223 aliis,
1154 2139 1229 2232 qui·

59 2247 119 2316 bus
139 2246 476 2337 eomprebeusionem
499 2247 565 2317 Dei
589 2249 633 2317 ab
655 2247 887 2316 Eunomisnis
919 2247 1087 2316 e'ssertsm
1118 2247 1228 2337 impu·

59 2355 177 2443 guerit
190 2355 370 2446 (Vosquer
387 2353 419 2424 1.
432 2355 470 2423 P.
486 2355 577 2446 disp.
590 2353 646 2423 37.
660 2378 692 2424 o.
703 2355 766 2440 3.).
782 2356 943 2446 Loquens
960 2354 1230 2444 chrysostomus

60 2461 96 2529 de
119 2461 251 2530 risione
273 2461 409 2551 gloriae
431 2460 568 2530 Christi
591 2463 629 2530 iu
652 2461 730 2531 sius
753 2461 1081 2552 transfiguratione,
1103 2489 1118 2526 u
1138 2462 1229 2554 quod

60 2569 86 2634 si
109 2569 243 2652 Petrus,
261 2569 393 2661 inquit,
411 2569 592 2638 obscurem
617 2569 790 2661 quendem
814 2568 938 2639 videns
962 2570 1151 2658 imaginem
1174 2571 1228 2638 fu·

59 2683 207 2746 tororum
231 2677 348 2744 omnio
370 2678 492 2746 stetim
514 2677 638 2747 reieoit
660 2678 705 2746 ub
727 2677 842 2745 unimo
864 2678 907 2746 ob
929 2677 1079 2746 inditum
1103 2700 1144 2746 ex
1162 2676 1228 2746 teli

61 2783 183 2852 risione
198 2783 431 2873 voluptutem:
449 2783 535 2876 quid
551 2783 702 2869 dioebur,
723 2784 863 2874 quondo
880 2786 959 2872 ipsu
973 2807 1086 2851 rerum
1101 2787 1229 2852 veritos

61 2887 176 2970 oderit,
201 2890 341 2982 quaudo
365 2894 497 2980 opertio
520 2889 662 2958 aedibus
683 2894 792 2980 regiis
825 2894 956 2958 intueri
978 2891 1096 2960 iicebit
1118 2915 1229 2982 regem

61 2999 159 3082 ipsum
181 3023 250 3064 noe
278 2997 429 3087 amplius
453 3001 490 3064 in
514 3002 710 3088 aenigmate
736 3021 845 3090 neque
863 3021 928 3087 per
952 2999 1147 3088 speculum,
1171 2998 1229 3066 sed

57 3102 145 3188 forie
166 3103 371 3193 adfaciem,
389 3129 457 3170 noo
475 3105 625 3194 amplios
639 3128 701 3192 per
721 3104 822 3193 fidem
845 3104 904 3172 sed
918 3129 980 3196 per
1002 3109 1144 3196 speeiem
1161 3108 1228 3195 (vi-

60 3209 226 3299 sionem)u
252 3211 297 3281 ud
324 3213 495 3284 Theodor.
515 3213 605 3304 lupe.
628 3212 735 3282 n.10.
759 3211 969 3282 Constantes
993 3214 1142 3284 invioem
1170 3236 1227 3305 op-

61 3319 147 3404 ponit
169 3321 405 3410 segnitionsm
425 3320 508 3391 fidei
533 3321 569 3389 in
594 3320 661 3390 huo
682 3320 760 3388 vita
783 3325 820 3390 eb
846 3324 1011 3387 visionem
1036 3321 1167 3388 olorum
1190 3321 1227 3390 in

60 3423 179 3512 dora,
204 3427 453 3517 cogitationem
478 3429 659 3496 obseurem
682 3432 719 3497 et
740 3427 852 3517 ipsum
875 3427 1099 3515 manifestam
1129 3451 1226 3518 eupe-

61 3535 213 3599 rientiem
235 3533 273 3602 in
297 3556 404 3624 regno
427 3535 602 3604 ooslornn
630 3533 662 3619 (t
683 3535 776 3599 ἔννοια
797 3527 917 3626 ἀμυδρα
932 3571 955 3582 -
973 3531 1052 3603 doro
1072 3529 1228 3625 ἠπειραῆ

61 3637 427 3730 ooegofflpraeeentium
442 3639 487 3708 od
510 3637 621 3708 Deum
646 3639 702 3707 bio
718 3643 808 3708 siout
823 3641 862 3706 in
879 3643 971 3706 atrio
989 3655 1021 3707 et
1032 3665 1097 3732 pes·
1106 3639 1224 3731 fidem,

62 3745 104 3810 ibi
123 3747 227 3836 faeie
243 3745 292 3814 od
309 3747 444 3836 sociem
461 3747 511 3834 (2)
527 3747 568 3816 11.
587 3771 636 3821 oo.

114 3959 155 4035 (1)
170 3963 276 4018 todem
295 3961 377 4016 modo
390 3962 419 4016 Β.
427 3963 563 4018 inurens
578 3967 609 4017 et
620 3964 802 4018 lioretienur
813 3965 893 4019 lbos.
904 3963 1046 4017 visionem
1057 3962 1226 4017 intuitivum

63 4049 149 4106 deut
167 4055 302 4108 οἰιίοικπ
323 4053 430 4108 Putris.

116 4140 155 4216 (Ι)
170 4143 211 4200 'Os
233 4147 261 4198 ds
280 4147 378 4198 domos
396 4139 460 4196 cirre
478 4139 599 4198 innuba
617 4142 679 4198 ἄντι
696 4142 747 4198 ι’κει
764 4165 835 4216 peres
852 4163 897 4198 του
920 4143 1050 4212 βασιλευς
1071 4143 1132 4207 εἰσι,
1152 4141 1226 4210 rqiero

65 4235 157 4294 μαλλον
174 4253 218 4286 ees
238 4231 389 4304 ἔγγυτφον,
405 4227 434 4286 io
447 4236 492 4286 dm
512 4232 619 4288 ιἰσοδου
641 4231 839 4307 (prosperiore
855 4233 984 4289 lemni
1001 4247 1036 4288 tx
1056 4233 1141 4288 uiuo
1156 4230 1224 4288 oud.

66 4323 194 4375 neurus
210 4323 243 4376 in
259 4317 289 4376 iu
307 4317 568 4392 1ιαίιδους),ὄυδισ
581 4343 702 4386 πιστιυς,
719 4320 795 4377 ἄλλα
808 4343 955 4394 reorum,
970 4335 1044 4392 φησι,
1064 4342 1126 4393 προς
1145 4339 1225 4392 προσ·

67 4427 120 4460 era
138 4409 168 4462 iu
187 4410 266 4464 Phil.
279 4409 394 4464 homi.
408 4425 438 4462 n.
451 4409 477 4464 8.
