3224 5068
905 371 942 386 ..
963 337 1023 400 280
1045 371 1082 385 -

406 445 520 515 ctione
543 444 709 529 limitata,
734 467 776 514 ex
800 445 1046 516 demonstratis
1069 465 1138 513 non
1154 451 1209 515 eat
1223 445 1427 515 abstractus
1442 447 1577 513 tantum

406 557 603 642 eonoeptus,
622 551 682 621 sed
704 559 759 622 est
788 575 830 620 ex
858 553 1051 622 intrinseca
1080 552 1288 622 necessitate
1323 551 1473 621 realiter
1507 549 1577 618 exi·

404 667 501 730 stans
516 661 579 749 (1);
597 683 665 729 non
688 667 742 731 est
764 685 827 731 neo
850 685 924 732 esse
947 667 1062 752 potest
1084 661 1239 732 essentia
1261 667 1401 730 tantum
1416 660 1458 728 in
1476 663 1572 728 statu

406 768 525 852 ideali,
544 768 603 838 aed
626 775 680 838 eat
702 771 817 860 ipsum
840 770 931 837 reale
961 771 1049 838 Erec
1081 771 1176 858 (Epo
1201 793 1275 836 aum
1298 771 1362 859 qui
1388 773 1480 856 sum)
1492 793 1506 848 ,·
1528 775 1579 834 est

406 889 507 952 utun
535 901 640 946 verus
663 885 698 947 et
721 879 883 946 infinitus
898 879 1003 948 Deus.
1018 879 1114 968 Ergo
1130 879 1320 947 intrinsece
1332 882 1524 968 repugnat,
1542 884 1579 942 nt
1600 911 1601 980 i

408 985 566 1054 divinum
582 985 667 1054 Esse
691 985 887 1056 absolutum
913 985 1181 1076 multiplicetur,
1199 1005 1240 1054 ac
1263 1007 1428 1053 numerus
1449 983 1578 1074 aliquis
1600 983 1601 1068 l

408 1094 458 1163 sit
479 1093 642 1163 Deorum.
664 1094 781 1184 oIpsa
805 1095 937 1163 veritas
960 1115 1052 1163 unus
1075 1099 1129 1163 est
1150 1093 1266 1179 Deus,
1292 1093 1412 1185 inquit
1435 1091 1477 1161 S.
1497 1091 1576 1159 Ful·

406 1199 548 1290 gentius
570 1200 615 1268 ad
638 1201 812 1269 Donatum
837 1223 867 1270 o.
885 1201 927 1286 4;
945 1205 982 1268 et
1013 1200 1107 1269 sient
1141 1205 1286 1290 excepta
1323 1222 1394 1268 nne
1427 1197 1601 1267 veritatel

406 1329 476 1376 non
499 1313 553 1376 est
575 1307 648 1376 alia
671 1307 816 1392 veritae,
839 1309 889 1376 sic
912 1307 1041 1400 absque
1057 1329 1127 1376 uno
1145 1329 1228 1376 vero
1244 1307 1315 1376 Deo
1331 1329 1400 1375 non
1416 1311 1473 1376 est
1488 1305 1576 1373 alius

408 1435 514 1484 verne
537 1415 687 1484 Deus...
706 1421 742 1484 et
764 1415 816 1484 ita
838 1438 906 1484 non
929 1421 1076 1505 possunt
1098 1415 1166 1484 duo
1189 1415 1267 1484 veri
1301 1413 1368 1482 Dei
1404 1412 1575 1483 veraciter

407 1521 490 1606 diei,
509 1521 602 1592 siout
625 1545 697 1592 une
718 1523 797 1612 ipsa
818 1523 953 1592 veritus
975 1520 1188 1592 naturaliter
1211 1527 1268 1608 (ex
1303 1521 1499 1590 intrinseca
1526 1517 1573 1586 rei

407 1632 551 1714 natura)
575 1651 643 1698 non
667 1635 783 1720 potest
805 1627 932 1698 dividi.
954 1655 970 1690 n

474 1735 565 1804 Sane
589 1735 619 1804 si
642 1735 711 1804 duo
734 1735 875 1804 infinita
897 1742 934 1805 et
957 1755 1045 1828 quae
1069 1734 1142 1803 sint
1164 1733 1277 1825 ipsius
1299 1733 1388 1802 Esse
1423 1732 1571 1802 absoluti

407 1843 600 1934 plenitudo,
619 1867 687 1914 non
710 1843 852 1936 inquam
876 1848 990 1912 mente
1013 1842 1189 1932 concipias
1212 1841 1263 1926 (id
1286 1843 1378 1911 enim
1405 1841 1483 1910 fieri
1505 1861 1567 1908 non

407 1957 549 2042 potest),
575 1953 635 2022 sed
658 1953 774 2021 verbis
798 1951 970 2034 enunties,
989 1950 1115 2020 dixisti
1132 1973 1239 2018 unum
1255 1971 1330 2018 esse
1343 1949 1483 2018 infinite
1498 1971 1567 2040 per·

408 2060 550 2143 lectum,
569 2061 626 2130 cui
650 2059 742 2130 desit
764 2059 906 2128 infinita
929 2059 1108 2149 perfectio,
1127 2080 1216 2150 quae
1239 2065 1294 2128 est
1316 2059 1353 2126 in
1377 2057 1511 2143 alter03
1538 2061 1568 2122 et

407 2165 472 2234 hoo
494 2165 645 2236 alterum
668 2167 790 2236 itidem
813 2167 902 2236 dicis
937 2167 1049 2236 totius
1077 2167 1170 2236 eutis
1200 2165 1353 2234 absoluti
1388 2162 1568 2256 plenitudi-

407 2293 496 2356 nem,
520 2273 579 2342 oui
602 2273 695 2342 desit
716 2277 793 2342 tota
814 2272 907 2341 entis
930 2271 1083 2342 absoluti
1106 2271 1299 2362 plenitudo,
1319 2291 1407 2364 qnae
1423 2277 1476 2342 est
1487 2269 1562 2340 alte·

473 2543 515 2622 (1)
537 2547 690 2603 Abstracta
714 2547 829 2602 nomina
853 2547 1027 2601 adhibentur
1052 2545 1161 2614 duplici
1187 2545 1284 2613 modo,
1315 2545 1443 2614 apprime
1466 2544 1563 2600 distin·

408 2638 530 2706 prendo.
550 2639 712 2704 Designaut
724 2639 749 2690 l·
760 2638 960 2706 perlectionem
973 2637 1133 2692 formaliter
1145 2640 1178 2691 ut
1192 2637 1364 2692 abstractam
1379 2651 1413 2690 ea
1426 2633 1560 2696 creaturis,

409 2745 481 2798 quae
502 2730 542 2782 alt
559 2730 590 2782 ln
611 2730 729 2783 multia:
749 2729 801 2783 hou
819 2729 899 2782 modo
919 2729 1064 2783 abatraota
1083 2729 1197 2782 nomina
1212 2743 1322 2796 semper
1335 2727 1472 2782 exhibant
1484 2727 1562 2781 idean

409 2820 611 2886 universalem,
632 2819 713 2872 cuine
731 2821 871 2873 obiectum
890 2825 923 2874 nt
940 2821 1099 2872 coloniole
1117 2825 1201 2874 extra
1219 2820 1325 2874 mentia
1345 2825 1504 2888 conceptum
1522 2829 1562 2868 nee

408 2915 453 2964 ast
471 2926 522 2964 nac
540 2925 601 2964 esee
621 2909 758 2977 potentin
773 2910 869 2976 rebus,
885 2909 1027 2977 quidquid
1041 2910 1116 2964 euim
1136 2910 1249 2976 existit,
1265 2909 1414 2975 singulare
1427 2909 1480 2974 eat;
1494 2905 1562 2961 adeo

409 3015 463 3068 que
484 2999 515 3052 ln
534 2997 619 3052 rebus
633 2998 772 3051 obiectum
786 2997 867 3051 ideae
881 2998 1057 3051 universalis
1071 3002 1101 3052 et
1113 2998 1275 3052 abstractae
1289 3001 1334 3051 eat
1347 2997 1491 3065 singulare
1503 2995 1561 3050 nul·

408 3088 572 3156 tiplieatnm
590 3088 621 3140 ln
641 3087 766 3154 singulis
779 3088 851 3141 etin
870 3089 1050 3140 concretione
1068 3103 1130 3141 cum
1149 3088 1218 3142 eliis
1237 3089 1401 3142 rationibus
1419 3087 1559 3144 realitatis.

408 3177 547 3245 equibus
567 3176 643 3230 lacte
662 3181 707 3229 est
726 3175 893 3230 abstractio.
914 3175 960 3229 Sic
982 3177 1093 3244 concipi
1118 3180 1148 3230 et
1170 3178 1314 3230 nominari
1336 3179 1456 3246 possunt
1479 3189 1560 3228 omnes

407 3270 603 3320 ereaturarum
622 3263 813 3332 perlectionea
825 3279 850 3316 e.
863 3279 891 3328 g.
906 3263 1021 3318 bonitm
1033 3269 1137 3318 ereata¹
1153 3265 1180 3318 8·
1191 3265 1386 3319 Perlectionee
1406 3265 1559 3332 simpliciter

408 3354 554 3421 simplices
572 3356 694 3421 possunt
712 3351 870 3418 significari
889 3351 1001 3406 nomine
1020 3354 1166 3408 abstracto
1182 3369 1239 3406 non
1252 3353 1414 3408 formaliter
1425 3359 1457 3407 rt
1469 3371 1485 3407 a
1497 3367 1558 3407 erea-

408 3445 482 3499 tnrie
503 3447 674 3510 abstractae,
696 3443 745 3498 sed
765 3443 799 3498 ad
818 3443 1021 3510 designandam
1042 3447 1182 3500 rationem
1201 3445 1362 3498 absolutam
1381 3451 1411 3500 et
1428 3445 1557 3513 perlectio·

408 3551 470 3590 nem
483 3552 537 3602 per
553 3551 596 3598 ae,
619 3549 691 3602 quae
709 3549 764 3586 uon
784 3539 829 3588 est
848 3535 1023 3604 participata
1035 3536 1067 3589 in
1080 3536 1190 3603 multia,
1211 3534 1260 3588 aed
1274 3536 1484 3603 supereminens
1495 3535 1556 3602 prin·

406 3625 511 3692 eiplum
530 3623 763 3692 participationis
782 3627 811 3676 et
830 3644 951 3694 προουσα
971 3625 1116 3695 drepanum
1141 3641 1173 3679 au
1191 3621 1346 3679 darocam.
1370 3627 1414 3680 lta
1438 3626 1556 3679 obiectum

406 3715 486 3768 ideae
505 3729 561 3766 non
581 3717 626 3766 est
645 3714 809 3766 universale
829 3713 878 3766 aed
898 3715 1018 3769 maxime
1037 3716 1193 3782 singulare,
1215 3732 1271 3769 non
1290 3719 1335 3770 est
1348 3719 1439 3770 solum
1452 3717 1480 3769 in
1494 3717 1554 3767 statu

406 3803 495 3858 ideali
514 3803 563 3857 sed
582 3803 703 3856 realiter
721 3807 751 3855 et
770 3804 930 3858 necessario
943 3805 1081 3872 existens,
1096 3807 1195 3860 licata
1208 3807 1468 3874 nobislmperlecte
1485 3803 1557 3870 signi·

405 3893 505 3946 licetur
524 3907 574 3960 per
593 3891 703 3944 modum
716 3891 821 3946 formae
835 3893 1007 3947 abstractae.
1024 3923 1055 3932 —
1069 3893 1111 3947 Ex
1128 3895 1175 3948 bie
1189 3896 1275 3948 aimnl
1288 3899 1378 3963 patet,
1395 3900 1429 3948 ut
1441 3895 1470 3948 id
1481 3895 1554 3948 obiter

408 3995 547 4046 moneam,
572 3997 628 4048 qua
646 3997 676 4034 re
697 3983 859 4036 erraverint
876 3983 1019 4037 Platonici
1042 3983 1205 4052 etquidem
1225 3984 1388 4038 defensores
1408 3984 1491 4038 realia
1507 3980 1553 4034 uui·

408 4071 479 4125 tatia
497 4075 618 4124 uatnrae
637 4073 782 4140 specificae
802 4072 893 4126 medio
913 4090 992 4138 aevo,
1015 4075 1065 4141 qui
1084 4074 1212 4128 docuisse
1231 4075 1366 4128 teruntur
1378 4075 1486 4128 obiecta
1496 4073 1545 4124 idea

407 4176 468 4215 rum
489 4161 694 4214 universalium
714 4168 798 4216 extra
816 4167 937 4216 mentem
956 4179 1017 4218 esse
1037 4167 1070 4217 nt
1087 4164 1193 4218 lormas
1213 4165 1394 4219 universales
1408 4180 1458 4232 per
1470 4176 1552 4216 secon-

408 4251 558 4315 aietentes,
581 4251 624 4304 ita
643 4255 675 4305 ut
693 4254 858 4307 humanitas
878 4270 902 4307 e.
918 4271 945 4320 g.
962 4269 1018 4308 uon
1041 4255 1132 4308 solum
1158 4253 1333 4320 cogitatione
1358 4259 1389 4308 et
1407 4252 1503 4320 traseae
1517 4248 1552 4303 sed

407 4339 567 4406 catologice
586 4343 615 4392 at
634 4343 665 4395 in
684 4358 713 4396 se
732 4358 788 4396 una
807 4344 848 4396 sit
866 4341 898 4416 (ὅ
917 4339 1091 4414 ἅνθρωπος),
1113 4359 1186 4412 quae
1208 4344 1429 4399 communiretur
1451 4339 1551 4407 singulis

407 4434 581 4490 bominibus.
601 4433 645 4488 Ol.
661 4434 775 4488 Suana.
789 4433 951 4504 iletaphya.
966 4433 1040 4504 disp.
1052 4435 1103 4490 VI.
