3444 5054
911 328 949 342 -
970 297 1031 360 225
1052 328 1090 343 -

408 408 484 472 tum
499 406 555 472 est
568 401 707 471 infinite
724 402 982 492 cognoscibilis;
1001 402 1093 471 unde
1110 400 1234 493 utique
1251 399 1353 470 velut
1376 423 1419 469 ex
1443 398 1577 491 obliquo

409 509 581 602 sequitur,
608 509 778 580 visionem
802 512 876 579 fore
899 511 1003 582 etiem
1029 511 1212 576 encitotiee
1234 531 1296 598 per
1320 507 1453 597 gradus
1486 506 1577 575 inde·

409 618 528 687 linitos
550 641 590 687 eo
612 618 865 709 perfectiorem,
893 640 959 711 quo
983 618 1156 688 intensius
1191 621 1227 686 et
1260 617 1452 706 perfectius
1484 613 1579 684 videt

409 725 580 795 obiectum
603 726 794 795 infinitum.
812 725 879 794 His
903 725 1096 817 suppositis
1120 723 1281 794 dicimus:
1302 724 1396 792 sieut
1417 723 1515 790 intra
1530 743 1577 791 re·

409 831 538 902 tionem
561 833 653 902 entis
677 833 787 902 creati
811 855 871 902 seu
895 838 1033 902 creatae
1056 830 1282 922 perfeetionis
1297 851 1366 897 non
1382 830 1488 898 datur
1503 851 1578 918 gre·

410 940 476 1012 dus
487 965 680 1033 supremus,
695 941 792 1010 ultra
807 963 907 1032 quern
923 941 1016 1010 alius
1032 964 1101 1008 non
1117 940 1166 1008 sit
1180 937 1369 1030 possibilis;
1387 938 1447 1006 sed
1464 959 1578 1027 eupre-

409 1073 501 1118 mum
517 1070 577 1118 ens
593 1054 648 1118 est
663 1047 853 1134 infinitum,
872 1053 977 1141 atque
993 1053 1095 1116 extra
1111 1054 1147 1117 et
1159 1068 1267 1139 supra
1279 1053 1391 1116 totam
1412 1045 1578 1115 rationem

409 1157 500 1225 entis
525 1158 635 1226 creati
650 1179 711 1226 ens
734 1156 918 1226 divinum:
938 1156 990 1226 ita
1012 1155 1151 1225 omnino
1172 1156 1270 1224 intra
1292 1156 1464 1224 rationem
1488 1174 1579 1223 crea·

408 1271 464 1335 tae
488 1265 637 1336 visionis
660 1265 725 1334 Dei
746 1287 816 1340 ,non
840 1265 945 1334 datur
969 1287 1150 1355 supremus
1169 1264 1302 1356 gradus
1327 1261 1575 1354 perfectionis;

409 1374 469 1442 sed
492 1395 653 1464 suprema
675 1372 767 1443 visio
791 1379 846 1442 est
868 1373 1009 1442 infinita
1026 1362 1127 1443 'sicut
1150 1373 1323 1442 obiectum
1352 1371 1504 1444 visionis
1528 1377 1579 1440 est

407 1481 585 1551 infinitum
602 1489 705 1575 etque
727 1482 805 1551 ideo
828 1481 966 1550 infinite
996 1481 1247 1572 cognoscibile,
1266 1503 1307 1551 ao
1325 1481 1474 1571 proinde
1497 1479 1579 1548 haee

408 1588 500 1658 visio
531 1611 692 1680 suprema
722 1596 777 1658 est
806 1596 908 1658 extra
935 1596 972 1658 et
994 1613 1101 1682 supra
1127 1595 1237 1659 totam
1268 1589 1438 1659 rationem
1475 1588 1578 1658 visio-

408 1698 464 1764 nis
498 1703 656 1784 createe;
687 1703 807 1788 estque
842 1696 910 1765 soli
943 1698 1014 1766 Deo
1048 1698 1214 1788 propria,
1243 1704 1279 1767 et
1309 1703 1494 1766 creaturae
1514 1717 1579 1764 non

409 1803 521 1894 magis
544 1804 840 1873 communicabilis
864 1827 967 1897 quem
989 1804 1104 1895 ipsum
1129 1803 1273 1873 formale
1293 1805 1382 1874 Eece
1403 1803 1576 1872 divinum.

407 1912 502 1982 Haec
532 1918 648 1982 autem
679 1912 771 1980 visio
806 1911 998 2005 adaequate
1033 1913 1245 2002 respondens
1282 1909 1580 2002 cognoscibilitati

408 2023 534 2092 obiecti
558 2016 616 2092 'est
649 2024 789 2114 proprie
816 2030 852 2092 et
882 2025 1006 2093 stricto
1041 2045 1145 2092 sensu
1182 2024 1479 2112 comprehensiva,
1513 2043 1580 2112 que

408 2132 543 2200 scilieet
581 2131 753 2200 obiectum
788 2139 961 2224 quatenns
991 2133 1216 2222 eoqnoscibiie
1229 2181 1239 2214 ‚
1277 2137 1319 2200 ut
1352 2131 1579 2222 Augustinus

406 2239 567 2332 loquitur
591 2239 682 2328 (civ.
702 2241 768 2310 Dei
782 2241 867 2309 XII.
887 2241 1139 2328 18.)‚scieneis
1170 2240 1473 2330 comprehensione
1497 2242 1579 2330 fini·

410 2363 478 2417 tur.
508 2349 616 2418 Nemo
650 2372 814 2442 umquem
837 2349 1037 2434 affirmavit,
1063 2350 1108 2418 ad
1133 2350 1454 2438 comprehensionem
1480 2369 1579 2437 gene·

407 2458 512 2527 ratim
535 2465 570 2527 et
593 2481 655 2548 per
678 2481 714 2528 se
737 2464 928 2548 spectatam
951 2459 1087 2551 requiri
1110 2480 1305 2548 supremum
1329 2457 1576 2547 perfectionem

405 2565 553 2635 visionis
570 2589 610 2632 en
626 2581 731 2654 porte
752 2580 866 2648 octus,
881 2571 918 2634 et
940 2571 1188 2656 consequenter
1204 2571 1321 2634 aetum
1342 2564 1482 2632 infinite
1508 2587 1578 2654 per-

405 2673 534 2742 fectum
550 2672 625 2761 (1);
645 2673 703 2743 vel
725 2672 858 2765 requiri
882 2679 999 2742 actum
1024 2674 1206 2739 entitotioe
1228 2671 1407 2764 aequalem
1442 2673 1577 2741 obiecto

374 2774 376 2778 ’
404 2781 669 2872 comprehenso,
690 2787 795 2874 atque
818 2782 902 2851 adeo
925 2787 1043 2850 actum
1066 2779 1334 2850 substantialem
1356 2780 1401 2848 ad
1425 2801 1575 2872 compra-

402 2887 603 2959 bensionem
627 2890 871 2976 snbstantio03
898 2911 1001 2982 quam
1031 2889 1239 2959 sententiam
1267 2909 1348 2957 sane
1383 2889 1572 2958 absurdam

403 2997 572 3068 Petevius
588 2999 760 3068 immerito
775 2999 905 3068 tribuit
921 2998 1150 3068 Scholasticis
1166 3021 1206 3068 ac
1222 2998 1427 3067 nominatim
1443 2997 1576 3068 Didaco

403 3104 493 3174 Ruiz
508 3106 572 3194 (2).
590 3106 646 3174 Ex
670 3114 817 3198 utroque
840 3105 931 3175 enim
955 3127 1165 3197 consequens
1189 3110 1300 3190 esset,
1325 3103 1464 3174 nullum
1489 3105 1578 3174 obie-

470 3339 512 3416 (1)
529 3343 696 3397 Nomineles
714 3343 794 3396 inter
812 3347 935 3411 quatuor
952 3343 1058 3410 modos,
1081 3343 1186 3410 quibus
1199 3344 1287 3396 Deum
1301 3341 1402 3396 dicunt
1420 3343 1577 3411 incompre-

405 3433 577 3487 hensibilem
596 3437 761 3500 creaturae,
782 3437 893 3502 ponunt
913 3434 1027 3501 quidem
1047 3435 1135 3488 etism
1154 3435 1241 3502 buno,
1264 3434 1313 3487 sed
1332 3449 1390 3487 non
1409 3435 1494 3486 velut
1511 3447 1577 3500 pro-

404 3523 496 3592 priam
521 3524 663 3578 rationem
691 3525 829 3578 attributi
857 3524 1215 3592 incomprehensibilitati·
1240 3521 1325 3596 (vide
1352 3523 1492 3578 Dominio.
1514 3523 1578 3576 Soio

404 3615 436 3668 in
454 3615 482 3667 4.
496 3614 566 3667 dist.
580 3615 625 3666 49.
640 3629 669 3681 q.
679 3613 705 3668 3.
722 3629 748 3668 a.
763 3615 787 3681 1;
810 3615 940 3681 vasquez
959 3613 1034 3681 disp.
1048 3615 1093 3666 oo.
1109 3631 1132 3669 c.
1143 3609 1195 3684 3.).

469 3699 511 3778 (2)
530 3705 604 3758 Rnin
623 3703 656 3758 de
676 3705 779 3759 scient.
795 3705 848 3757 Dei
867 3703 944 3772 disp.
959 3706 1007 3759 VI.
1026 3708 1097 3759 sect.
1109 3705 1136 3758 4.
1152 3705 1266 3758 omnino
1288 3705 1513 3772 praeclarorum
1533 3717 1578 3754 ex·

404 3795 495 3863 plicet
514 3793 609 3847 tribus
628 3795 883 3861 propositionibus.
908 3796 1004 3848 aDico
1025 3796 1051 3847 1·
1070 3795 1101 3846 id
1124 3795 1198 3862 qnod
1224 3794 1259 3848 eb
1279 3793 1409 3847 omnibus
1434 3796 1578 3860 tamqnnm

405 3885 585 3950 exploratum
604 3887 792 3951 supponitur:
808 3883 844 3938 ad
864 3885 1144 3952 conprehensionem
1159 3901 1216 3938 non
1235 3885 1397 3952 requiritur
1414 3883 1578 3950 aequalitas

404 3975 435 4027 in
455 3990 559 4040 genere
577 3974 653 4028 entis
672 3977 752 4028 inter
770 3977 962 4042 cognitionem
982 3978 1012 4028 st
1029 3976 1214 4030 obiectum...
1230 3976 1301 4028 Nam
1314 3975 1405 4028 maior
1422 3977 1474 4027 ant
1486 3973 1578 4025 minor

403 4065 542 4132 perfectio
560 4065 592 4118 iu
611 4080 714 4131 genere
734 4067 813 4119 entis
832 4081 888 4120 non
907 4067 1068 4134 requiritur
1083 4065 1119 4120 ud
1132 4065 1422 4133 comprehensionem,
1438 4064 1499 4116 nisi
1512 4077 1576 4130 qua·

403 4158 488 4208 tenus
507 4155 598 4208 maior
616 4155 780 4222 penetratio
799 4156 994 4222 perfectioque
1013 4155 1188 4222 cognitionis
1209 4157 1293 4208 tante
1311 4170 1369 4208 non
1388 4157 1485 4220 potest
1503 4165 1578 4218 repe·

402 4243 457 4297 riri
476 4245 539 4299 sine
558 4245 660 4298 maiori
679 4245 854 4314 perfectione
873 4246 905 4299 in
925 4261 1028 4312 genere
1047 4247 1134 4300 entis.
1149 4247 1175 4299 2·
1189 4245 1259 4298 Inde
1278 4245 1386 4298 factum
1407 4245 1461 4310 est,
1483 4245 1517 4294 nt
1535 4254 1575 4292 so-

402 4335 460 4388 line
479 4336 533 4389 Dei
552 4336 765 4404 conprehensio
791 4336 923 4404 requiret
940 4339 972 4390 in
994 4337 1159 4403 cognitione
1186 4339 1297 4390 tunimo
1320 4334 1526 4404 perfectionem
1545 4331 1574 4382 in

403 4437 505 4488 genere
525 4425 603 4478 entis
614 4464 621 4494 ,
642 4427 752 4494 quanta
770 4428 817 4478 est
836 4425 1061 4494 perfectuum,
1083 4424 1218 4492 quonium
1242 4423 1382 4494 perfectio
1402 4417 1575 4490 cognitionis
