3230 5072
535 381 573 396 ..
596 351 656 412 393
677 382 714 395 -

53 475 118 520 vam
139 454 314 545 aliquan,
339 454 520 524 scientiam
544 477 646 539 vero,
672 475 760 545 quas
788 476 850 544 per
880 454 1016 523 modum
1038 453 1128 524 artis
1159 453 1209 522 sit

50 560 201 648 practica,
216 584 342 628 onnon
356 567 392 630 et
408 561 595 630 secuudum
612 567 722 630 totam
738 558 1005 650 amplitudinem
1018 583 1094 630 esse
1105 563 1208 627 scisn-

50 670 123 734 tion
144 669 416 758 approbationis.

70 849 74 858 ,
104 776 256 846 Seientia
285 777 400 867 igitur
431 777 692 868 approbationis
723 777 760 846 in
784 783 860 844 tota
889 799 953 846 sua
975 777 1208 868 amplitudine

47 883 144 952 istim
167 891 265 974 patet
280 907 383 977 quam
398 885 546 954 seientia
562 885 730 976 practica;
748 883 980 954 nihilominus
997 886 1081 978 quia
1096 885 1208 953 omnis

46 991 182 1060 scientia
189 993 346 1082 practica
354 993 564 1062 estscieutia
575 992 845 1084 approbationis,
858 991 1049 1061 &Thomas
1058 992 1203 1084 (1.q.14.

45 1119 74 1166 s.
86 1099 133 1187 8.)
156 1099 364 1190 simpliciter
385 1101 449 1185 ait,
475 1102 652 1168 scientiam
675 1102 864 1188 practicam
890 1099 961 1168 dici
984 1101 1205 1170 consuevisse

45 1209 212 1272 insatiam
234 1207 507 1296 approbationis.
522 1207 642 1297 Neque
664 1207 755 1276 enim
779 1228 884 1297 opera
899 1206 1037 1276 Domini
1061 1215 1206 1298 possunt

44 1335 108 1383 esse
122 1315 192 1384 nisi
209 1317 309 1385 bona.
330 1345 348 1382 s
362 1317 489 1388 Tecum
505 1317 679 1407 sapientis
692 1323 768 1401 tua,
788 1337 876 1408 qnae
891 1316 992 1385 novit
1007 1337 1112 1406 opera
1126 1323 1202 1402 tua,

45 1443 123 1512 quae
144 1429 181 1493 et
203 1424 310 1494 affuit
330 1431 427 1510 tuna,
455 1447 532 1494 oum
555 1425 669 1494 orbem
691 1429 865 1493 terrarum
889 1425 1038 1510 faceres,
1063 1431 1100 1494 et
1121 1425 1204 1494 scie·

46 1528 115 1614 bat,
139 1531 224 1622 quid
252 1539 345 1601 esset
367 1531 535 1622 placitum
558 1531 669 1601 oeulis
692 1531 778 1618 tuis,
802 1537 839 1601 et
861 1531 946 1624 quid
969 1531 1138 1601 directum
1168 1532 1205 1600 in

46 1638 228 1728 praeceptis
250 1639 325 1708 tuis
345 1665 361 1701 s
387 1639 470 1729 Sap.
495 1639 561 1708 IX.
587 1638 620 1706 9.
645 1638 857 1708 Praesertim
880 1660 963 1707 vero
992 1638 1131 1708 novisse
1153 1637 1204 1708 di·

45 1743 128 1812 citur
149 1747 244 1814 Deus
266 1745 395 1816 amicos
418 1769 518 1832 suos,
544 1770 630 1839 quos
653 1747 782 1837 gratiis
806 1745 939 1816 suiset
966 1746 1148 1838 praevenit
1169 1753 1206 1815 et

45 1851 278 1943 subsequitur;
304 1851 394 1922 unde
417 1852 619 1944 plerumque
642 1853 679 1921 in
702 1851 809 1938 locis,
823 1853 896 1922 ubi
919 1851 960 1922 de
990 1851 1057 1922 hac
1087 1851 1205 1943 cogni·

45 1956 130 2027 tione
143 1957 278 2049 agitur,
293 1959 441 2028 seientia
454 1967 530 2030 tum
546 1962 693 2028 visionis
709 1961 866 2051 practica
881 1981 942 2052 per
957 1960 1095 2030 modum
1111 1953 1204 2030 oeno·

44 2067 186 2136 uomicae
203 2067 407 2157 sapientiae,
424 2075 500 2138 tum
515 2070 684 2160 simplicis
700 2069 956 2158 intellipcntiae
974 2067 1131 2159 practica
1144 2089 1205 2159 per

45 2173 168 2242 nodum
193 2173 399 2244 efficientiae
421 2175 526 2244 simul
543 2175 782 2266 coniungitur.
804 2204 822 2240 c
838 2175 931 2245 Novi
946 2181 981 2244 te
996 2197 1038 2244 ex
1054 2176 1202 2260 nomine,

44 2287 74 2347 et
96 2271 261 2350 invenisti
284 2269 435 2372 gratiam
459 2304 573 2352 eoram
596 2307 680 2353 men
698 2281 810 2352 Exod.
828 2281 1002 2350 XXXIII.
1018 2280 1073 2369 12;
1099 2287 1204 2373 atque

45 2385 173 2456 inverso
196 2389 330 2458 ordine:
358 2388 555 2458 sinvenisti
578 2389 731 2479 gretiam
755 2413 868 2460 coram
891 2411 955 2475 me,
975 2395 1012 2458 et
1031 2395 1066 2458 te
1090 2389 1204 2480 ipsum

44 2495 117 2562 novi
132 2519 172 2565 ex
190 2497 358 2564 nomines
375 2497 423 2565 ib.
434 2521 470 2566 v.
482 2496 537 2566 17.
550 2526 567 2562 c
582 2497 693 2567 Novit
707 2497 877 2566 Dominus
892 2497 985 2567 viam
1001 2497 1201 2566 iustarum»

44 2599 308 2674 Festinavit
314 2603 483 2674 Dominus
496 2605 572 2675 dies
581 2605 879 2674 immaculatorum
889 2602 1201 2672 »remma

46 2709 269 2804 «Priusquam
284 2719 319 2782 ts
336 2713 519 2782 formarem
533 2712 572 2781 in
587 2720 699 2799 utero,
716 2713 801 2783 novi
816 2719 851 2782 te
867 2739 884 2776 c
901 2711 971 2780 Iar.
981 2710 1012 2778 Ι.
1023 2712 1056 2779 5.
1072 2739 1088 2776 s
1103 2709 1205 2779 Oculi

44 2812 172 2886 Domini
203 2841 308 2910 super
334 2821 496 2892 timentes
518 2843 597 2891 eum
625 2848 641 2884 o
668 2819 807 2911 passim.
836 2819 890 2889 Oi.
914 2819 972 2894 Iu.
1002 2817 1049 2887 X.
1078 2816 1140 2906 14;
1167 2816 1201 2886 2.

45 2921 124 2994 iim.
150 2927 200 2996 Π.
226 2927 282 2996 19.
631 2963 633 2968 -
930 2937 933 2946 ’

99 3034 253 3102 ficientia
275 3035 500 3123 speculativa,
525 3039 697 3128 quatenus
720 3039 774 3103 est
796 3035 955 3116 visionis,
979 3039 1016 3102 et
1037 3033 1202 3101 bonorum

44 3141 257 3212 sistentiam
279 3142 454 3233 supponit,
480 3141 689 3234 simpliciter
712 3139 930 3210 coniunctam
954 3139 1060 3208 habet
1081 3160 1204 3230 appro-

46 3247 217 3319 bationem.
237 3249 374 3320 ..vidit
387 3251 482 3319 Dens
497 3256 635 3335 aunem,
654 3269 742 3341 quae
766 3249 908 3332 iecerat,
928 3252 964 3315 et
978 3253 1080 3316 erant
1101 3244 1205 3315 valde

46 3352 120 3422 bona
137 3383 154 3418 s
180 3355 269 3424 Gen.
287 3355 318 3425 I.
338 3355 520 3439 Quatenus
536 3379 619 3427 vero
642 3354 791 3426 seientia
812 3354 1027 3444 speonlatisa
1050 3359 1104 3422 est
1125 3357 1204 3420 sin·

42 3459 135 3544 plicis
159 3462 417 3552 inteliipsntias
439 3463 497 3534 val
519 3461 644 3546 nodia,
661 3484 739 3532 cum
755 3483 796 3530 ea
815 3458 979 3529 cohaeret
1000 3459 1205 3550 approbatio

47 3567 147 3638 uiuus
170 3569 312 3661 proprio
334 3591 450 3658 sensu,
477 3571 557 3640 boni
579 3569 747 3640 videlieet
767 3573 906 3638 tentum
930 3567 1119 3658 possibilis,
1146 3565 1205 3638 vel

47 3677 125 3764 quod
147 3679 241 3746 iuret
262 3677 328 3746 sub
351 3677 473 3772 eliqua
495 3679 705 3748 conditione.

100 3783 206 3853 Porro
237 3784 387 3854 seientia
416 3785 638 3876 speculativa
660 3790 736 3852 tum
757 3783 904 3849 cisionis
927 3785 1004 3849 tum
1034 3779 1204 3868 simplicis

48 3889 291 3982 inteilipentias
311 3899 386 3962 tum
416 3893 529 3960 nodia
550 3891 656 3963 etiam
679 3889 724 3959 ad
747 3909 788 3958 ea
811 3889 984 3970 refertur,
1010 3905 1098 3976 quae
1121 3888 1207 3951 sunt
1292 3903 1295 3912 ’

48 3991 238 4088 simpliciter
262 3998 355 4068 mela
366 3998 429 4088 (1);
448 3998 601 4092 haecque
623 4001 678 4066 est
699 3996 847 4064 scientia
870 3991 1146 4082 improbationis.
1163 3988 1206 4058 In

103 4160 142 4236 (l)
161 4165 246 4218 dics
263 4164 327 4232 ipso
346 4163 422 4232 quad
446 4163 625 4230 renascitur
650 4160 779 4231 aliquid,
799 4157 978 4226 assuescitur
997 4155 1059 4210 eius
1078 4152 1205 4223 privatin

51 4255 76 4304 tt
89 4255 145 4308 sius
166 4256 351 4309 conmuium.
375 4254 456 4310 Unde
485 4269 547 4310 oum
565 4255 641 4308 Deus
666 4253 772 4308 habeat
793 4251 938 4319 proprian
959 4247 1151 4313 cognitionem
1171 4245 1206 4298 de

52 4343 164 4398 omnbus
181 4344 244 4399 suis
262 4343 421 4414 effectibus,
441 4343 675 4412 unumquodque,
696 4343 772 4398 deut
790 4343 836 4395 est
852 4340 883 4392 iu
903 4353 954 4392 sus
972 4341 1080 4392 ustura
1102 4335 1207 4390 distin·

52 4433 121 4500 tun,
139 4450 324 4504 mnesteus,
344 4437 457 4504 oportet
475 4433 551 4504 quad
569 4448 665 4488 omues
683 4431 850 4498 ascensum
869 4431 899 4482 et
917 4427 1095 4497 privationes
1114 4439 1204 4496 oppo-
