3280 5070
555 375 733 440 -619-

64 481 101 545 at
111 477 156 546 ab
167 499 209 548 ea
218 477 487 549 excluderentur
497 479 561 548 alii
573 482 1232 572 reprobandi,satisdemcnstravimus.

61 584 226 652 Attamen
242 584 461 654 concedimus
477 593 513 656 et
527 586 749 670 affirmemus,
768 588 877 656 Deum
900 588 1114 657 antecedente
1129 590 1234 659 etism

60 691 235 760 voluntate
258 693 349 762 velle
372 693 551 785 aliquibus
575 717 658 785 prae
675 695 759 764 aliis
779 696 924 786 speciali
943 697 1130 768 dilectione
1155 699 1235 767 sub·

59 797 230 870 limicrem
256 801 391 891 glorias
418 803 566 892 gradum
589 804 786 891 (dummodo
809 806 877 896 ipsi
897 806 1027 896 gratiis
1051 808 1237 878 conceden-

62 905 114 974 dis
137 930 208 976 non
230 908 435 994 defuerint).
462 910 556 980 Haec
584 915 699 980 tamen
724 911 835 980 maior
864 912 1006 982 dilectio
1029 914 1237 984 antecedens

61 1018 95 1082 et
123 1014 291 1084 voluntas
326 1016 567 1086 conditionata
597 1017 747 1109 amplior
777 1041 847 1087 non
878 1026 933 1088 est
963 1020 1120 1112 aequalis
1151 1044 1237 1112 erga

61 1143 187 1209 omues,
213 1125 274 1216 qui
297 1124 420 1193 divina
442 1125 626 1196 voluntate
649 1135 882 1220 consequente
905 1129 1234 1218 praedestinantur3

60 1253 120 1300 nec
144 1255 206 1321 per
228 1254 304 1300 eam
326 1233 441 1303 adhuc
464 1233 507 1303 fit
528 1235 696 1304 discretio
711 1237 805 1306 inter
820 1236 1099 1327 praedestinatos
1115 1245 1151 1306 et
1167 1259 1237 1306 non

61 1339 352 1428 praedestinatos.
372 1341 564 1433 Colligitur
579 1353 697 1414 autem
713 1344 799 1414 talis
815 1346 978 1435 specialis
994 1343 1133 1414 dilectio
1152 1368 1238 1435 erga

62 1445 198 1539 aliquos
221 1471 262 1518 ex
286 1448 531 1539 singularibus
554 1451 666 1536 donis,
693 1452 820 1544 quibus
843 1452 924 1521 inde
948 1453 992 1521 ab
1007 1453 1163 1522 infantie
1179 1451 1237 1521 vel

61 1563 180 1644 postea
204 1558 295 1626 citra
318 1581 415 1628 omne
439 1559 602 1629 meritum
625 1559 905 1651 praeveniuntur
927 1567 964 1631 et
993 1560 1095 1629 miris
1125 1560 1238 1629 modis

62 1665 104 1733 ad
127 1665 311 1736 sublimem
334 1669 560 1738 sanctitatem
584 1668 838 1759 perducuntur,
857 1670 901 1738 ad
918 1691 1020 1764 quam
1037 1670 1102 1739 alii
1118 1690 1238 1761 perve-

63 1773 136 1843 nire
168 1797 238 1844 non
268 1783 415 1866 possunt
438 1776 550 1864 (Vide
577 1775 736 1846 Lessiam
766 1785 851 1848 sect.
878 1779 911 1848 5.
937 1801 973 1847 n.
999 1777 1059 1867 965
1091 1783 1176 1850 sect.
1202 1777 1236 1846 6.

63 1901 96 1950 a.
124 1881 204 1952 150.
232 1881 340 1970 151.).

151 1992 297 2074 Quando
320 2014 403 2061 vero
426 1991 610 2085 quaeritur
634 1993 675 2062 de
698 1992 845 2083 speciali
862 1991 1045 2063 dilectione
1060 1993 1127 2062 Dei
1143 2006 1239 2062 ante·

65 2095 197 2166 cedente
218 2122 303 2190 erga
326 2124 436 2168 omnes
458 2101 757 2190 praedestinatos,
783 2101 957 2191 imprimis
987 2123 1155 2192 negemus
1185 2124 1239 2170 ra·

64 2204 192 2276 tionem
222 2229 262 2277 ac
292 2231 446 2276 normam
478 2208 742 2278 distributionis
769 2209 968 2300 gratiarnm
999 2233 1074 2280 esse
1105 2219 1240 2281 antece·

66 2310 202 2385 dentem
224 2315 419 2386 absolutam
443 2317 796 2407 praedestinationem
819 2317 864 2386 ad
887 2317 1049 2407 gloriem3
1069 2317 1133 2388 hoc
1149 2318 1241 2387 enim

67 2422 180 2509 posito
204 2431 474 2516 consequeretur
490 2447 552 2516 pro
568 2448 637 2494 non
653 2425 927 2516 praedestinatis
944 2432 1087 2516 propter
1107 2431 1242 2495 antece·

67 2529 201 2601 dentem
217 2533 421 2622 negativam
439 2534 714 2625 reprobationem
731 2535 772 2604 de
789 2534 969 2604 industria
985 2534 1092 2625 seligi
1105 2535 1242 2626 gratias

67 2640 227 2710 effectum
251 2664 319 2710 non
342 2641 539 2728 habituras,
567 2665 673 2736 eoque
697 2645 772 2735 ipsc
795 2643 957 2713 doctrina
980 2643 1178 2712 certissima
1201 2643 1243 2712 de

67 2747 329 2819 universalitate
350 2730 588 2821 antecedentis
604 2751 802 2822 voluntatis
818 2749 998 2819 salvificae
1014 2749 1155 2819 defendi
1172 2772 1242 2818 am·

68 2855 162 2944 plius
186 2882 254 2929 non
276 2868 403 2952 posset.
430 2860 673 2931 Nihilominus
689 2869 828 2930 tuemur
844 2860 881 2928 iu
897 2858 1149 2928 distributione
1162 2881 1242 2949 gra-

68 2964 198 3036 tiarum
220 2968 400 3058 specialem
423 2965 638 3036 dilectionem
661 2983 693 3035 et
710 2966 970 3058 procidentiam
993 2963 1242 3034 antecedentem

70 3091 150 3164 erpa
174 3074 458 3164 praedestinatae.
483 3075 580 3145 Deus
603 3074 760 3144 decernit
782 3077 825 3144 ab
841 3081 983 3144 aeterno
998 3079 1035 3143 et
1052 3075 1190 3144 confert
1206 3073 1244 3142 in

69 3185 220 3274 tempore
242 3206 359 3254 omnes
382 3206 464 3254 suas
487 3183 625 3274 gratias
649 3207 727 3254 cam
751 3183 935 3252 voluntate
959 3181 1187 3284 antecedente
1208 3187 1245 3250 et

72 3309 147 3360 cnm
175 3321 191 3356 a
216 3291 354 3362 intenso
378 3292 562 3377 desiderio,
591 3318 607 3356 n
633 3298 675 3360 ut
697 3290 807 3360 libere
830 3290 896 3359 fiat
918 3290 962 3358 ab
986 3289 1124 3358 homine
1157 3309 1246 3379 opus

72 3394 207 3484 bonum,
222 3399 266 3468 ad
284 3381 374 3492 quod
391 3399 511 3489 gratia
526 3397 723 3467 ordinetur.
742 3397 795 3466 At
810 3396 892 3465 dum
907 3396 1004 3465 Deus
1020 3417 1243 3486 cognoscens,

72 3500 243 3576 hominem
266 3507 298 3574 si
319 3507 407 3577 talis
422 3507 543 3597 gratia
560 3506 705 3575 daretur
721 3527 783 3575 suo
799 3505 890 3576 vitio
906 3505 939 3574 ei
955 3505 1175 3590 restiturum,
1194 3507 1246 3572 ni-

74 3609 264 3685 bilominus
279 3613 369 3685 hanc
386 3615 468 3684 vult
484 3615 567 3684 dare
583 3619 620 3684 et
634 3637 702 3683 non
717 3613 824 3685 aliam
844 3615 1008 3683 effectum
1032 3612 1245 3698 babituram,

74 3745 157 3812 quae
181 3725 335 3815 profecto
353 3723 542 3792 secandam
559 3722 826 3814 amplitudinem
844 3721 1114 3812 omnipotentiae
1131 3721 1163 3788 ei
1179 3741 1249 3788 non

75 3823 215 3915 deesset;
231 3827 396 3898 voluntas
412 3826 477 3896 illa
493 3827 617 3898 divina
632 3828 841 3897 antecedens
857 3825 972 3916 operis
989 3825 1069 3893 boni
1085 3847 1127 3894 ex
1145 3821 1250 3913 culpa

74 3929 222 4004 bominis
246 3941 363 4004 manet
384 3933 562 4020 inefficax,
592 3939 629 4003 et
655 3934 813 4004 succedit
836 3931 1001 4002 voluntas
1024 3929 1249 4022 permittendi

75 4043 318 4112 resistentiam.
346 4042 476 4111 Contra
490 4039 571 4110 dum
586 4042 682 4110 Dens
698 4043 836 4110 confert
850 4039 1004 4130 gratiam
1024 4037 1250 4129 praelucente

77 4150 281 4240 cognitione,
308 4149 481 4220 hominem
504 4149 536 4219 si
559 4171 600 4218 ea
631 4149 749 4239 gretia
773 4149 930 4232 daretur,
957 4152 1247 4238 cooperaturum

78 4259 239 4329 voluntas
261 4258 469 4328 antecedens
480 4257 612 4326 transit
623 4257 659 4326 in
672 4255 899 4325 intentionem
923 4254 1118 4324 absolutam
1135 4253 1249 4343 operis

80 4361 165 4436 boni.
189 4367 272 4437 Ideo
290 4367 328 4436 in
345 4367 531 4438 collatione
553 4366 702 4457 gratiae,
728 4386 833 4458 qaam
857 4363 956 4434 videt
976 4365 1050 4432 tore
1065 4363 1247 4448 efficacem,

81 4473 110 4541 si
131 4477 287 4564 daretur,
313 4475 424 4547 maior
445 4480 483 4546 et
513 4473 677 4568 specialis
706 4482 760 4543 est
790 4471 934 4542 dilectio
964 4493 1050 4563 erga
1079 4470 1251 4541 hominem
