3292 5062
899 319 1076 380 ..134-

882 519 1025 579 THESIS
1047 519 1104 578 XI.

511 646 762 706 Demonstrotur
783 661 954 705 consensus
974 642 1007 702 S.
1022 644 1206 720 Augustini
1226 659 1299 702 cum
1319 641 1472 701 doctrino

832 747 972 805 oliorum
995 743 1145 803 Patrem.

469 937 662 988 anselmus
684 936 801 988 Patrum
822 934 968 988 doctrines
982 935 1150 987 nullatenus
1163 936 1305 1000 repugnet
1324 931 1472 984 sententis
1485 929 1581 983 Μι-

405 1025 546 1091 „gustinl
564 1025 598 1078 de
618 1025 811 1078 intellectuali
831 1029 930 1077 nostru
947 1023 1110 1089 cognitione
1128 1039 1161 1075 ec
1180 1019 1213 1074 dc
1233 1021 1328 1088 modo,
1351 1037 1406 1090 qno
1424 1023 1514 1076 Deum
1533 1039 1579 1075 cc-

406 1117 612 1182 agnoscimus„
634 1131 698 1168 nens
716 1117 742 1166 1·
759 1129 815 1167 nou
834 1115 920 1166 ulium
939 1129 990 1180 pro
1009 1115 1171 1180 praesentis
1189 1113 1268 1166 vitoe
1286 1117 1365 1166 stetu
1384 1114 1579 1178 cognitionem

406 1205 486 1258 »Dei
506 1205 603 1258 docuit
621 1205 801 1270 Augustinus
821 1219 904 1272 quem
923 1202 1075 1256 medistsnr
1095 1207 1124 1256 et
1142 1203 1317 1268 snslcgieem
1336 1219 1370 1256 ex
1390 1205 1579 1270 pmiutells-

406 1317 418 1344 s
434 1296 489 1348 otis
503 1295 729 1362 perfectionibus
743 1292 855 1346 ordinis
867 1293 958 1346 oresti
969 1295 999 1344 et
1012 1307 1047 1344 ex
1060 1292 1235 1346 veritatibus
1248 1293 1359 1346 ordinis
1372 1295 1578 1360 metspbysIci,

406 1401 506 1452 „quse
525 1385 556 1436 iu
570 1399 599 1436 se
620 1389 689 1437 sunt
706 1400 724 1436 u
736 1383 910 1450 perfectione
930 1386 960 1436 et
978 1383 1103 1436 veritetc
1122 1383 1311 1436 substantiali
1327 1383 1380 1435 Dei
1399 1384 1516 1436 omnino
1535 1384 1579 1436 di·

407 1495 418 1520 »
435 1489 550 1538 versae,
568 1475 594 1525 s·
609 1473 696 1526 Deum
710 1472 902 1540 exemplos-ires·
915 1475 945 1524 st
957 1471 1112 1538 efficientes
1124 1487 1180 1524 nou
1194 1475 1288 1524 sutem
1301 1472 1466 1538 formaliter
1480 1475 1579 1526 lumen

408 1577 530 1615 »rerum
553 1559 806 1626 cognoscendsrum
828 1561 971 1614 etlumen
991 1561 1128 1613 mentium
1149 1577 1212 1614 esse
1230 1551 1339 1627 docuit,
1361 1561 1434 1614 uude
1453 1561 1482 1613 3·
1501 1561 1579 1630 quod

406 1649 513 1703 »dixit
531 1666 610 1704 omne
635 1667 732 1704 uerum
755 1667 772 1704 e
795 1651 877 1704 nobis
899 1651 1029 1716 cognosci
1051 1649 1082 1703 in
1103 1651 1330 1704 incommutabili
1351 1651 1476 1704 seritste
1496 1657 1528 1702 st
1548 1653 1579 1703 iu

406 1739 595 1792 cretionibus
618 1741 759 1804 oeternis,
781 1739 810 1791 id
831 1755 887 1792 non
907 1739 941 1792 de
961 1738 1052 1792 medic
1071 1739 1244 1804 cognitionis
1264 1739 1313 1792 sed
1334 1739 1367 1792 de
1384 1754 1470 1792 censs
1491 1741 1579 1794 lumi·

406 1849 418 1876 s
434 1829 481 1880 uls
502 1827 713 1880 intellectualis
733 1827 956 1894 intelligendum
971 1832 1025 1882 est.
1039 1849 1052 1876 s

470 2023 665 2093 Secundum
688 2024 833 2092 Petrum
857 2023 1050 2092 doctrinam
1072 2023 1111 2090 in
1133 2023 1305 2112 superiori
1327 2022 1420 2092 thesi
1438 2027 1578 2115 exposi-

402 2140 474 2202 sam
498 2139 633 2202 veteres
656 2131 811 2219 theologi
834 2133 937 2200 etiem
961 2130 1136 2221 explicere
1159 2131 1316 2200 solebant
1338 2131 1375 2200 S.
1398 2133 1577 2221 Angusti-

403 2261 497 2324 uum,
507 2237 826 2330 quemreceutiores
839 2237 997 2306 nonnulli
1007 2239 1101 2326 (iude
1113 2237 1279 2305 elabente
1291 2237 1428 2306 soeculo
1435 2238 1577 2322 XVII.)

299 2387 303 2402 ι
404 2347 636 2414 immediatam
659 2345 724 2413 Dei
748 2344 970 2414 intuitionem
995 2345 1096 2414 velut
1118 2367 1271 2412 normam
1290 2335 1335 2412 vstc
1358 2345 1577 2434 principium

403 2454 514 2524 totius
538 2452 750 2543 cognitionis
773 2451 1024 2522 intellectualis
1047 2453 1155 2522 ruenti
1178 2453 1347 2522 humanae
1375 2453 1576 2522 vindicasse

403 2562 628 2644 contendunt,
654 2567 690 2629 et
711 2582 752 2628 eo
775 2561 912 2652 quidem
936 2559 1143 2644 securitate,
1170 2568 1212 2628 ut
1234 2561 1356 2628 minori
1378 2582 1415 2628 se
1438 2560 1574 2646 dicent,

402 2669 467 2737 hoc
491 2669 623 2737 factum
646 2667 789 2735 evidens
812 2667 849 2733 in
873 2667 1021 2734 historie
1056 2665 1294 2756 philosophice
1317 2673 1353 2736 et
1375 2667 1576 2758 theologiae

403 2799 424 2844 e
447 2775 606 2867 quopiam
630 2773 667 2840 in
698 2773 969 2841 controversiam
1000 2774 1131 2842 vocari.
1152 2774 1204 2842 At
1226 2773 1479 2862 praeiudicium
1510 2775 1575 2842 ins-

403 2883 526 2974 primis
549 2889 602 2950 est
625 2881 767 2969 triplex,
793 2882 883 2974 quod
906 2905 969 2950 uos
992 2883 1087 2971 cogit
1110 2881 1271 2950 dubitare
1293 2883 1334 2950 de
1357 2889 1493 2950 asserta
1508 2881 1575 2949 ills

402 2991 590 3062 evidentis.
610 2989 698 3058 Nem
722 2993 757 3074 o)
776 3011 843 3056 nou
867 2988 972 3058 iueile
996 2987 1180 3073 credimus,
1210 2987 1451 3076 Augustinum
1474 3009 1499 3054 e.
1520 3011 1574 3056 ee·

403 3099 491 3168 teris
513 3095 678 3166 Patribus
701 3097 742 3162 de
765 3095 831 3162 hec
854 3117 890 3163 re
913 3093 1108 3184 theologice
1142 3094 1404 3182 disputantibus
1439 3094 1574 3162 dissen-

404 3207 503 3274 sisse.
515 3205 556 3290 Ι»)
573 3203 639 3272 Est
653 3203 768 3272 adhuc
784 3203 896 3291 magis
912 3201 1127 3286 incredibile,
1146 3201 1379 3270 Scholasticos
1394 3199 1484 3270 hauc
1498 3225 1574 3270 sen·

403 3312 561 3394 tentiam,
587 3311 617 3378 si
641 3331 682 3378 ee
704 3317 758 3378 est
780 3319 851 3376 tum
875 3308 1036 3391 evidens,
1055 3331 1122 3374 uon
1139 3307 1269 3376 vidisse
1293 3308 1331 3376 iu
1353 3307 1572 3395 Augustino,

403 3441 502 3512 quem
526 3439 658 3506 semper
682 3416 880 3484 habueruut
905 3415 1002 3484 velut
1025 3416 1146 3484 ducem
1170 3422 1205 3484 et
1227 3415 1416 3505 principem
1447 3416 1573 3484 Docto-

403 3551 498 3610 rem,
524 3533 559 3594 et
581 3525 683 3594 cuius
705 3525 898 3592 doctrinam
922 3523 1054 3591 sincere
1077 3523 1114 3590 iu
1139 3545 1219 3590 suos
1240 3523 1376 3590 rivulos
1411 3522 1574 3594 derivare

403 3657 517 3706 omues
540 3633 763 3702 studuerunt.
782 3637 812 3718 o)
835 3631 943 3700 Iidem
970 3629 1040 3698 viri
1062 3630 1215 3714 eruditi,
1242 3628 1303 3720 qui
1334 3629 1375 3697 de
1405 3630 1471 3698 huc
1500 3631 1572 3699 evi·

402 3744 521 3813 dentis
544 3743 747 3834 loquuntur,
773 3748 981 3810 coacervent
1003 3739 1187 3807 citationes
1217 3761 1258 3806 ex
1289 3737 1371 3806 eliis
1406 3738 1573 3806 Patribus

402 3853 446 3920 ed
468 3851 610 3919 eandem
633 3849 841 3916 sententium
864 3845 1147 3937 persuadendum,
1165 3845 1201 3911 iu
1220 3844 1346 3935 quibus
1362 3851 1478 3912 tsmsn
1490 3846 1572 3913 illos

402 3957 684 4028 manifestissime
707 3956 866 4045 deceptos
900 3975 973 4024 esse
1008 3953 1173 4020 vidimus.
1192 3950 1423 4041 Inspiciamus
1458 3953 1571 4042 igitur

403 4089 505 4158 quem
530 4064 731 4133 brevissime
755 4062 832 4130 fieri
855 4069 990 4151 potest,
1016 4061 1127 4149 ipsum
1149 4059 1344 4150 Augustini
1363 4059 1568 4128 doctrinam.

469 4173 694 4262 Augustinus
717 4171 890 4260 triplicem
914 4169 1106 4258 distinguit
1128 4167 1357 4256 cognitionem
1381 4189 1443 4234 seu
1467 4167 1570 4236 visio·

404 4301 492 4362 nem,
518 4301 664 4370 querum
688 4277 833 4366 primum
856 4275 1012 4367 appellet
1046 4273 1252 4362 corporalem
1283 4273 1320 4357 (i.
1339 4297 1371 4341 e.
1390 4295 1570 4362 corporum

405 4386 638 4472 praesentium
663 4383 913 4474 perceptionem
935 4405 995 4472 per
1025 4401 1147 4450 sensus
1181 4383 1398 4468 corporeos),
1423 4379 1569 4448 ultonem
