3224 5068
546 371 584 385 -
605 340 666 399 313
687 372 724 385 -

73 440 218 508 rationem
243 441 336 510 eutis
359 441 474 512 divini
498 449 534 512 et
556 443 699 513 divinae
724 443 886 528 unitatis,
907 443 1080 536 reliquum
1099 449 1163 530 est,
1183 451 1224 514 ut

73 547 204 616 dicamus
227 548 270 618 de
294 549 447 619 veritate
470 557 506 619 et
531 551 697 620 bonitate.

123 655 244 724 Verum
261 662 296 726 et
312 657 446 727 veritas
462 658 653 749 tripliciter
666 659 810 729 dicitur:
826 666 862 750 a)
872 661 1077 749 formaliter
1089 661 1222 731 veritas
1251 663 1253 670 “

71 769 112 830 est
129 763 332 856 adaequatio
355 765 557 834 intellectus
581 789 656 836 cum
679 791 717 836 re
740 768 933 856 intellecta;
961 771 993 854 b)
1013 767 1222 856 frmrdamen-

71 869 170 936 taliter
191 892 325 956 vernm,
351 878 406 940 est
420 894 477 941 res
500 873 578 963 ipsa
601 873 849 963 intelligenda,
876 875 952 945 sive
977 883 1030 944 est
1056 897 1115 943 ens
1139 897 1222 966 qua-

68 983 152 1044 tenus
174 983 228 1046 est
250 979 489 1068 intelligibile,
510 980 587 1050 sive
603 987 657 1050 est
674 1004 734 1048 ens
753 1006 830 1050 cum
853 983 1097 1052 connotatione
1119 983 1221 1052 intel·

68 1083 172 1168 lectus,
185 1085 222 1152 in
239 1107 306 1177 qno
322 1087 371 1154 sit
387 1094 452 1156 aut
467 1111 542 1156 esse
558 1090 670 1178 possit
694 1090 920 1158 conformatio
945 1090 989 1158 ad
1014 1113 1086 1158 rem
1110 1091 1220 1181 ipsam

68 1215 115 1259 sen
134 1194 266 1262 veritas
282 1195 455 1282 formalis;
475 1199 504 1284 o)
521 1198 701 1264 moraliter
717 1197 850 1268 veritas
868 1199 974 1267 estin
991 1199 1221 1288 significando

67 1300 145 1386 (vide
168 1299 204 1368 S.
220 1300 287 1369 Th.
301 1301 345 1370 de
367 1303 472 1373 verit.
486 1329 519 1396 q.
536 1305 568 1373 1.
584 1327 615 1374 a.
630 1306 692 1392 1.).
719 1305 841 1388 Quoad
865 1307 954 1376 hanc
978 1307 1138 1375 ultimam
1161 1329 1219 1378 no-

66 1406 175 1474 tionem
201 1409 387 1478 veritatem
402 1434 522 1502 nempe
538 1415 710 1496 moralem,
728 1413 904 1504 distingui
921 1419 1037 1504 potest
1053 1419 1221 1482 veracitas

67 1523 94 1581 et
112 1519 245 1584 amitae.
265 1517 447 1600 Quatenus
465 1521 612 1590 veritati
633 1522 773 1590 formali
796 1527 993 1612 perceptae,
1013 1522 1047 1590 h.
1065 1547 1094 1592 e.
1116 1545 1221 1592 verae

66 1625 249 1711 cognitioni,
266 1628 454 1718 respondet
465 1629 631 1699 voluntas
649 1636 800 1700 stactus
818 1631 960 1700 eandem
974 1632 1217 1716 manifestans,

66 1725 135 1798 laec
150 1731 219 1800 dici
235 1741 352 1822 potest
365 1738 549 1818 veracitet·
561 1737 598 1804 in
610 1737 688 1825 ipsa
699 1744 816 1806 autem
828 1738 1114 1807 manifestatione
1124 1743 1169 1825 (e.
1182 1763 1217 1826 g.

65 1857 113 1922 per
126 1860 312 1909 sermonem
328 1841 459 1910 dictum
476 1843 534 1912 vel
550 1845 735 1932 scriptum)
745 1844 977 1934 respondente
994 1843 1140 1914 veritati
1151 1845 1219 1911 for·

65 1946 149 2032 nali,
173 1971 261 2040 quae
285 1951 527 2022 manifestatio
550 1975 571 2020 a
595 1951 790 2022 veracitate
820 1952 990 2042 originem
1015 1952 1140 2038 habet,
1167 1958 1222 2020 est

65 2057 173 2122 veritae
188 2059 331 2124 moralis
348 2059 411 2146 (1).

117 2163 169 2232 Ad
191 2163 284 2234 hunc
306 2166 421 2234 locum
437 2168 594 2258 quaestio
610 2168 652 2236 de
667 2168 821 2238 veritate
844 2169 968 2237 divina
985 2168 1097 2236 solum
1113 2191 1220 2238 sensu

66 2271 194 2340 secundo
217 2274 357 2363 proprie
381 2275 587 2364 pertineret,
615 2275 646 2342 si
671 2275 761 2342 enim
785 2282 965 2366 spectetur
989 2275 1126 2344 veritas
1150 2277 1219 2345 for·

65 2377 160 2464 nalis,
177 2379 219 2449 da
236 2403 278 2448 ea
292 2383 514 2450 tractandum
537 2388 631 2452 esset
645 2382 684 2450 in
701 2403 741 2450 ea
756 2389 867 2472 parte,
886 2383 946 2450 ubi
971 2383 1013 2452 do
1034 2382 1219 2452 intellectu

66 2481 165 2554 divino
180 2493 216 2555 et
231 2487 273 2556 de
289 2488 438 2556 scientia
451 2489 516 2556 Dei
531 2489 666 2578 agitur,
682 2512 783 2580 quem
800 2489 955 2558 ordinem
972 2489 1165 2558 S.Thomas
1182 2489 1218 2556 in

66 2597 192 2686 utraque
211 2595 353 2664 Summa
377 2601 519 2664 secutus
536 2603 601 2666 est.
617 2596 765 2686 Propter
780 2596 940 2665 intimam
954 2603 1071 2665 tamen
1096 2619 1219 2664 conne-

65 2698 179 2768 xionem
202 2704 279 2772 reri
294 2703 568 2772 fundamentalis
592 2709 627 2771 et
650 2703 813 2774 veritatis
838 2703 1009 2787 formalis,
1035 2709 1219 2793 utramque

64 2805 211 2876 rationem
228 2808 287 2878 hic
303 2809 409 2878 simul
422 2810 667 2900 spectabimus3
687 2809 729 2878 de
745 2810 938 2878 veracitate
954 2815 1070 2878 autem
1087 2809 1117 2876 si
1134 2809 1218 2900 quid

65 2912 277 2986 elucidatione
292 2918 440 3006 indiget,
459 2918 496 2986 id
520 2917 729 2986 commodius
753 2917 990 3006 intelligetur,
1009 2917 1070 2984 ubi
1086 2915 1218 2986 dicturi

65 3043 163 3092 sumus
185 3025 227 3094 de
251 3025 417 3112 bonitate,
444 3032 616 3117 quatenns
641 3031 695 3094 est
718 3027 903 3093 sanctitas.
931 3024 1135 3116 Spectamus
1160 3047 1217 3092 ve·

64 3127 185 3200 ritatem
205 3133 364 3204 divinam
375 3141 451 3202 tum
467 3135 504 3203 in
520 3158 558 3204 se
574 3140 610 3204 et
626 3133 797 3219 absolute,
815 3140 891 3202 tum
907 3133 943 3202 in
963 3134 1219 3224 comparatione

65 3257 126 3304 enm
146 3241 295 3311 veritate
318 3243 469 3332 analoga
492 3249 528 3312 et
542 3241 767 3334 participata.

115 3346 142 3415 I.
167 3349 285 3416 Veram
302 3354 497 3440 spectatum
513 3349 551 3430 in
565 3349 669 3418 rebus
685 3347 778 3417 nihil
797 3354 851 3417 est
867 3347 965 3418 aliud
983 3369 1085 3440 quam
1102 3348 1218 3440 ipsum

64 3473 111 3520 ens
131 3477 203 3524 cnm
227 3457 470 3527 connotatione
497 3456 722 3542 intellectus,
749 3455 811 3547 qai
834 3457 867 3525 ei
900 3457 1137 3526 conformetur
1160 3455 1218 3526 vel

63 3563 250 3634 conformari
266 3564 391 3655 possit,
410 3587 472 3634 seu
490 3563 610 3636 verbis
627 3563 663 3634 S.
680 3564 844 3632 Thomas:
866 3593 883 3628 c
897 3564 1033 3634 veritas
1051 3586 1141 3656 quaa
1165 3569 1219 3634 est

112 3807 149 3881 (1)
170 3811 315 3864 Vmaeitae
340 3811 470 3878 pertinet
487 3811 654 3877 formaliter
680 3809 716 3864 ad
738 3811 935 3876 voluntatem,
961 3809 1149 3862 materialiter
1172 3809 1219 3862 vel

58 3901 275 3967 mammaeam
295 3901 331 3954 ad
348 3901 544 3967 intellectum,
569 3901 673 3952 aeriter
699 3900 735 3953 ad
758 3902 849 3954 solun
872 3901 1054 3954 intellectum
1081 3899 1217 3952 retertur.

61 3983 121 4040 Hinc
136 3991 160 4042 ri
178 3992 305 4057 cognitio
326 3989 539 4044 manifestanda
558 3994 635 4043 esset
655 3990 740 4056 false,
762 3989 952 4043 nihilominus
974 3993 1072 4056 posset
1095 4003 1157 4040 esee
1177 4003 1221 4038 ae·

63 4076 148 4129 accitae
165 4081 320 4133 latitantis
340 4081 371 4132 iu
392 4081 543 4133 voluntate
557 4077 704 4152 (constans
721 4081 856 4133 voluntas
874 4077 1080 4132 manifestandi
1095 4075 1216 4150 varum),

65 4163 267 4223 tractantem
285 4170 351 4237 ipso
360 4168 568 4223 manifestandi
586 4168 701 4236 falsum,
719 4173 818 4236 posset
837 4183 899 4222 esse
919 4169 1010 4220 colum
1031 4168 1168 4220 veracitas
1182 4182 1221 4230 ιο,

68 4255 166 4308 modum
184 4261 262 4326 qaid.
279 4259 320 4312 at
331 4259 436 4312 eae-ritae
448 4259 480 4312 in
500 4259 735 4314 manifestatione
753 4259 824 4312 falsi
837 4258 918 4311 nullo
932 4257 1012 4311 modo
1033 4273 1094 4311 esse
1109 4259 1215 4325 potest.

69 4337 111 4401 Qu
124 4343 187 4402 dicit
205 4347 319 4418 falsum,
344 4349 419 4418 quod
440 4355 538 4405 censet
560 4364 621 4404 esea
643 4365 759 4418 verum,
780 4347 931 4402 semotam
950 4348 1020 4416 quial
1043 4363 1133 4404 verax
1155 4350 1216 4412 eet,

50 4417 109 4564 pet
123 4447 171 4488 aaa
189 4437 251 4492 ua
269 4438 343 4493 uere
358 4455 461 4496 aarum
