3230 5072
529 403 566 416 -
589 369 646 431 421
670 403 707 415 -

89 475 139 546 Π.
157 479 261 548 Lioet
275 476 359 547 haee
375 477 429 546 ita
444 475 529 561 sint,
546 476 699 545 nondum
715 479 871 565 apparet,
891 496 1000 568 quare
1014 474 1110 545 Deus
1129 497 1197 544 non

33 585 234 676 praevideat
257 608 373 655 omnes
395 589 498 655 aetus
519 583 649 654 liberos
672 583 710 652 in
733 607 796 653 suo
819 583 937 676 aliquo
959 583 1119 654 absoluto
1142 587 1200 655 de·

32 699 138 779 orato,
164 716 234 786 quo
256 715 325 761 non
347 693 418 760 iam
447 695 565 760 aetum
588 689 739 781 primum
769 711 895 760 causae
925 692 1113 780 assandus,
1139 694 1200 763 sed

31 801 139 892 ipsum
164 816 278 870 aarum
299 799 479 868 seeundum
501 799 745 893 praedefiniat.

29 1055 133 1121 positos
151 1073 171 1110 a
186 1055 294 1110 moieli
314 1055 407 1110 divisa
428 1056 461 1110 in
482 1071 523 1124 ee,
545 1055 621 1132 quod
641 1055 762 1110 modulis
782 1056 934 1122 composito
956 1057 1092 1112 enuntiat
1110 1059 1200 1125 possi·

34 1145 115 1198 bilem
138 1163 204 1202 ease
224 1147 450 1202 coniunctionem
478 1146 639 1215 praedicati
658 1163 719 1200 eum
737 1146 776 1200 ils
795 1147 940 1214 omnibus,
966 1163 1038 1215 quaa
1057 1153 1203 1216 ponuntur

32 1251 63 1288 ex
80 1240 166 1303 parte
180 1237 313 1304 subireti5
335 1252 399 1302 ag.
414 1236 445 1290 in
463 1235 517 1290 bae
536 1237 747 1304 propositione:
768 1237 884 1290 Petrum
894 1235 1140 1304 praedestinatum
1155 1236 1203 1290 da·

33 1326 121 1378 unsri
141 1327 189 1378 eat
207 1325 358 1394 possibile,
373 1325 480 1380 dloitur
493 1324 644 1393 possibilia
656 1324 819 1380 ooniunetio
838 1324 1033 1378 damnationis
1045 1341 1108 1379 eum
1123 1341 1203 1394 prae-

34 1413 242 1482 destinatione;
263 1430 336 1484 quae
358 1415 520 1470 uoniuuetio
540 1415 731 1490 impossibilis
748 1418 814 1480 est,
844 1418 930 1482 atqua
956 1413 1025 1469 adso
1045 1416 1204 1483 propositio

35 1508 75 1557 ert
93 1504 298 1574 impossibilis.
316 1504 356 1559 At
375 1505 406 1558 in
422 1504 529 1560 modali
548 1504 642 1558 divisa
660 1520 707 1560 rea
720 1505 809 1558 aliter
828 1520 858 1558 se
878 1505 982 1572 bebet;
1001 1521 1066 1559 nam
1084 1507 1141 1560 etsi
1153 1507 1203 1560 lm-

36 1598 162 1660 portetur
182 1595 351 1664 eompositio
370 1595 510 1665 aliqualis
530 1609 565 1650 ex
585 1598 668 1662 parte
690 1594 813 1649 subiecti
844 1611 906 1648 oum
934 1610 990 1648 uno
1019 1598 1146 1650 extremo
1176 1600 1206 1650 et

36 1687 172 1750 potestate
193 1684 228 1740 ad
247 1687 370 1740 sitarum
389 1685 579 1753 eontrarium,
604 1700 676 1752 quae
697 1685 865 1753 compositio
886 1700 945 1739 non
969 1685 1042 1739 dieit
1059 1686 1205 1753 possibili-

37 1776 118 1828 tatem
130 1777 215 1829 illius
235 1777 356 1831 extremi
375 1776 426 1830 seri
444 1777 584 1831 actualem
597 1774 837 1843 pervenientium,
853 1790 910 1829 non
925 1779 1021 1829 tamen
1034 1777 1207 1844 importatur

38 1865 213 1930 possibilitas
238 1866 430 1933 eonlungeudt
456 1870 611 1935 utrumque
633 1871 799 1920 extromum.
823 1865 870 1919 sit
892 1869 1068 1935 exemplum,
1095 1871 1205 1921 utrem

38 1972 169 2022 ponamus
187 1960 222 2014 ob
242 1961 363 2028 oeulum,
377 1960 408 2012 in
421 1959 474 2013 bae
490 1959 703 2027 propositione:
725 1957 848 2011 liberum
865 1957 1019 2012 arbitrium
1039 1975 1057 2011 a
1074 1958 1132 2012 Deo
1151 1973 1205 2011 mo·

39 2049 91 2100 tum
110 2053 143 2102 et
159 2049 315 2103 exaltatum
332 2052 430 2116 potest
448 2048 615 2116 dissentire,
638 2050 752 2115 sumpta
770 2048 802 2100 in
819 2063 900 2100 sensu
913 2047 1013 2112 distre,
1034 2049 1207 2116 supponitur

40 2151 69 2187 ax
90 2141 173 2204 parte
193 2139 317 2193 aubieoti
330 2138 435 2206 duplex
457 2138 634 2207 pomposiae,
649 2139 744 2191 altera
764 2137 884 2191 erbitrii
904 2137 991 2191 liberi
1010 2145 1076 2192 cunr
1084 2138 1207 2192 motione

40 2229 65 2277 at
80 2228 253 2284 exeitetiona
272 2229 325 2283 Dei
346 2229 502 2283 actualitor
521 2229 661 2282 effioisute
679 2227 802 2281 liberum
825 2227 989 2295 arbitrium,
1011 2229 1104 2282 altera
1118 2229 1209 2282 totius

41 2316 157 2372 subieeti
180 2319 201 2374 l.
215 2334 241 2372 e.
261 2319 349 2373 liberi
369 2319 486 2374 arbitrii
512 2319 582 2372 moti
603 2334 621 2372 a
643 2319 701 2372 Deo
727 2319 757 2370 et
783 2317 905 2370 excitati
927 2313 1129 2390 (compositio)
1147 2332 1209 2371 oum

42 2411 178 2470 potestate
197 2407 408 2462 dissentiendi:
423 2407 473 2462 aed
493 2409 573 2462 nullo
587 2406 667 2462 modo
685 2407 859 2474 importetur
876 2411 1005 2474 potestas
1017 2407 1210 2474 coniungendi

44 2494 196 2552 tirrannum
215 2515 278 2553 eum
297 2499 422 2554 motione
438 2501 468 2552 st
486 2498 662 2552 exeitetione
682 2497 823 2551 divinas
846 2497 954 2552 Sensus
975 2513 1042 2564 ergo
1062 2503 1120 2552 eet:
1141 2499 1211 2551 liba-

44 2599 98 2640 mm
117 2589 270 2642 arbitrium
292 2589 368 2656 qood
387 2596 541 2641 utmorem
559 2606 577 2640 a
597 2591 666 2653 Deo,
683 2587 793 2641 retinet
812 2589 988 2656 potestatem
1008 2587 1211 2654 dissentiendi;

44 2675 86 2728 esd
104 2693 160 2732 non
178 2679 267 2732 babet
286 2680 458 2746 potestatem
477 2682 527 2746 ut,
549 2679 614 2731 dum
632 2686 671 2730 set
686 2686 806 2742 motam,
828 2679 893 2731 aotn
922 2677 1091 2730 dissentiet:
1111 2678 1214 2746 impos-

44 2765 121 2820 sibile
140 2767 216 2821 enim
234 2771 290 2836 est,
310 2771 344 2822 ut
357 2769 454 2823 atiteax
476 2767 528 2821 liei
541 2767 681 2822 excitatio
693 2769 724 2820 et
736 2765 889 2822 dissensus
901 2766 987 2820 simul
1001 2767 1104 2820 sintin
1118 2767 1213 2822 eodem

45 2853 172 2910 subleoto.

89 2945 247 3000 Diserlman
266 2945 346 3001 luter
364 2945 437 3000 bane
456 2944 615 3000 dormirem
633 2962 650 2999 a
668 2945 823 3000 eutholiois
844 2945 1014 2999 Doetorlbus
1037 2947 1211 3014 propositam

46 3036 70 3084 et
86 3034 241 3091 doctrinam
259 3037 459 3090 lantoniensem
478 3037 527 3090 vel
549 3037 779 3090 Protestantium
800 3039 929 3091 vetorum
942 3035 1035 3104 quoad
1048 3037 1210 3092 libertatem

47 3125 153 3178 ubitrii
164 3131 211 3180 est
221 3127 386 3180 mammam.
397 3125 542 3180 Haeretici
553 3125 630 3178 enim
640 3126 792 3193 affirmant,
805 3125 925 3179 liberum
939 3125 1091 3180 arbitrium
1106 3132 1211 3181 motum

49 3215 131 3269 sileo
149 3231 207 3269 non
227 3231 310 3283 posse
330 3214 496 3283 dissentire,
517 3215 649 3283 quemvis
667 3217 764 3282 posset
782 3229 840 3269 non
860 3215 937 3269 velle
950 3215 1034 3270 immo
1046 3231 1102 3270 non
1116 3221 1214 3284 posset

50 3305 125 3374 velle,
139 3305 165 3359 ai
183 3305 340 3360 excitatum
353 3309 383 3358 et
395 3307 501 3360 motum
523 3319 581 3358 non
595 3308 681 3372 esset;
695 3307 782 3373 atque
796 3304 861 3358 ideo
874 3305 1005 3359 latentur
1018 3309 1048 3359 et
1060 3308 1211 3374 affirmant,

50 3395 148 3447 nullm
162 3411 217 3448 ease
228 3396 279 3448 eut
292 3395 390 3462 pretio
401 3397 557 3448 libertatem
571 3395 609 3448 ed
620 3395 794 3448 utramlibet.
809 3393 849 3448 At
866 3395 1002 3450 Dootores
1020 3395 1069 3449 illi
1078 3397 1214 3451 catholiei

51 3481 157 3536 tuentur
175 3485 207 3537 tn
226 3485 387 3552 voluntate,
408 3483 580 3538 etiamdum
599 3483 745 3537 excitatur
763 3500 781 3538 a
798 3483 866 3552 Deo,
886 3499 998 3536 msam
1017 3484 1157 3552 intepram
1178 3485 1212 3536 lt-

52 3570 302 3628 intermistum
314 3584 381 3627 vero
393 3587 449 3641 qno
462 3573 648 3627 libertassnb
659 3572 1048 3640 gratteprasdeterminante
1058 3576 1212 3642 rehaberet,

53 3661 183 3727 explicare
200 3665 342 3718 sonantur
367 3661 554 3718 distinetione
576 3679 671 3716 seram
694 3662 841 3729 compositi
857 3667 888 3717 et
903 3679 998 3717 rassae
1020 3664 1120 3728 nisisi,
1142 3679 1215 3732 quae

52 3747 116 3815 ipsis
132 3752 287 3820 sstisiaeit3
300 3753 384 3807 nobis
397 3755 493 3807 autem
506 3752 624 3808 videtur
638 3753 750 3806 nulllus
763 3753 883 3822 retorta,
898 3754 958 3807 nisi
978 3755 1053 3808 torta
1065 3753 1215 3808 conradere

54 3841 136 3894 nolint
146 3858 208 3898 esse
219 3843 252 3896 tn
265 3843 359 3897 libera
369 3846 512 3912 potestate
521 3843 646 3897 bominis
656 3844 739 3896 illem
751 3842 1088 3911 praedeterminationem
1097 3843 1213 3912 habere,

55 3931 94 3982 val
110 3947 168 3986 esee
190 3933 223 3986 in
246 3932 309 3986 eiua
334 3933 429 3987 libera
454 3936 597 4002 potestate
625 3933 982 4001 praedetermiuetionem,
1004 3947 1077 4000 quae
1099 3933 1131 3984 in
1150 3936 1215 3986 autu

56 4019 133 4082 prino
148 4022 205 4076 tam
216 4021 308 4090 adest,
321 4023 439 4076 renero
457 4025 488 4075 et
499 4037 610 4090 negare
624 4036 801 4090 eonsensum,
816 4025 962 4076 utrarum
976 4021 1017 4074 stt
1028 4020 1112 4074 iuxta
1129 4022 1213 4076 tione.

57 4107 240 4166 'tridentinum
258 4111 336 4166 Sese.
351 4111 519 4181 V1.oap.5,
540 4111 614 4180 quod
632 4112 714 4166 bomo
732 4127 790 4165 non
808 4111 885 4165 nibil
907 4113 976 4176 agot
996 4111 1215 4178 inspirationem

59 4199 183 4266 resipiens
197 4222 212 4250 ι
225 4203 330 4271 quispe
356 4201 407 4270 pai
432 4203 515 4255 illam
542 4202 663 4255 obiicere
685 4200 987 4268 potest.»1iissansns
1011 4200 1111 4268 itaqua
1138 4202 1217 4254 inter

60 4287 196 4346 eetbolime
213 4291 363 4358 theologos
381 4305 438 4346 non
457 4295 502 4346 est
519 4291 595 4346 eires
613 4292 780 4346 libertatem
802 4307 841 4342 aa
858 4291 904 4355 ῆι,
926 4294 956 4344 et
967 4290 1032 4344 lieo
1052 4290 1216 4346 nonestis

63 4371 320 4449 temereternere
340 4381 390 4436 sed
408 4381 558 4435 dissensus
577 4384 623 4435 est
641 4381 718 4435 eirea
737 4380 901 4434 libertatem
921 4381 1058 4448 quomedo
1079 4382 1125 4445 sit,
1141 4383 1172 4434 et
1184 4379 1219 4434 de

65 4468 236 4532 explicatione
249 4470 403 4537 domatis.
416 4469 562 4526 sentimus
573 4487 624 4526 noa
634 4471 665 4524 in
676 4471 729 4524 beo
739 4485 769 4523 ro
778 4485 840 4524 eum
851 4470 953 4526 Fraus.
963 4469 1070 4527 trevio
1080 4471 1219 4539 Episeopo
