3224 5068
912 341 950 355 -
974 309 1034 372 303
1056 341 1093 354 -

484 413 584 496 Quod
607 415 649 484 de
672 419 754 484 actu
778 413 1001 504 intelligendi
1025 416 1169 500 dicitur,
1189 421 1287 506 patet
1302 438 1371 484 nou
1386 417 1500 484 minus
1514 439 1579 484 esse

418 545 539 590 verum
564 521 605 592 de
629 530 710 592 actu
735 521 886 592 volendi.
913 523 964 592 At
987 523 1024 592 in
1055 529 1138 592 actu
1161 523 1365 610 volitionis,
1392 525 1453 616 qui
1483 523 1580 591 libere

418 633 533 700 fertur
550 629 595 700 ad
611 638 723 716 extra,
740 632 902 722 specialis
925 632 1116 701 difficultas
1139 655 1211 700 sese
1228 632 1351 701 obiicit
1366 633 1580 722 imperfectae

416 745 555 808 nostrae
578 738 847 829 intelligentiae,
875 741 905 809 si
930 742 1128 832 quaerimus
1152 739 1315 832 quomodo
1342 743 1402 808 att.
1429 727 1602 810 Bactara-l

417 849 517 932 tioni,
532 855 705 939 quatenus
722 869 744 914 a
758 848 858 916 nobis
873 849 994 940 aliqua
1009 849 1087 916 dari
1104 854 1230 938 potest,
1247 847 1340 916 viam
1358 847 1582 937 complanabit

415 957 575 1025 doctrina
599 955 635 1024 S.
662 955 828 1045 Gregorii
849 956 1016 1045 Nyssani.
1049 956 1161 1024 uNon
1186 963 1226 1024 ut
1249 957 1287 1023 in
1318 955 1423 1040 aliis,
1450 955 1577 1047 inquit,

416 1062 544 1152 quibus
567 1085 589 1129 a
611 1067 739 1132 natura
762 1071 817 1132 est
841 1063 897 1132 vis
920 1063 1041 1155 aliqua
1067 1063 1219 1154 agendi,
1245 1061 1343 1132 aliud
1367 1063 1405 1131 iu
1435 1048 1603 1153 potentia*

415 1169 513 1238 aliud
532 1193 614 1238 vero
629 1171 667 1238 in
683 1177 783 1239 actus
806 1171 1003 1260 expletione
1027 1170 1270 1240 consideratur
1292 1171 1344 1256 (in
1355 1171 1455 1256 Deo):
1477 1194 1579 1262 quem·

418 1277 601 1346 admodum
625 1277 774 1367 exempli
797 1277 918 1367 gratia
942 1299 1074 1368 semper
1106 1277 1245 1370 quidem
1267 1277 1426 1368 potantia
1447 1271 1603 1346 navium

417 1385 662 1454 fabricatorem
677 1384 838 1470 dicimus,
850 1385 909 1477 qui
926 1407 967 1454 ea
982 1391 1060 1453 arte
1075 1385 1196 1475 pollet,
1211 1391 1287 1454 tum
1303 1408 1386 1454 vero
1402 1391 1485 1454 actu
1500 1408 1577 1466 esse,

415 1493 551 1584 quando
574 1492 642 1559 iam
667 1492 703 1560 in
735 1514 839 1583 opera
869 1494 946 1584 ipsa
969 1515 1066 1562 snam
1090 1492 1272 1562 scientiam
1305 1493 1487 1584 impendit.
1511 1493 1578 1562 Non
1603 1538 1604 1598 ,

417 1601 468 1668 ita
491 1623 548 1670 res
571 1600 676 1669 babet
699 1600 736 1669 in
761 1603 862 1670 beata
884 1601 949 1668 illa
973 1602 1062 1687 vita,
1088 1601 1147 1670 sed
1171 1607 1284 1670 totum
1308 1601 1399 1693 quod
1415 1601 1454 1670 in
1476 1623 1515 1670 ea
1536 1603 1578 1669 in·
1603 1609 1604 1614 ’

417 1707 609 1798 telligitur,
628 1723 706 1774 actu
730 1725 780 1776 ert
803 1725 836 1776 ct
859 1715 963 1792 cotio,
981 1709 1060 1776 dnm
1083 1711 1242 1777 noluntas
1266 1711 1362 1776 nullo
1388 1713 1579 1798 interposito

418 1815 525 1881 medio
549 1813 595 1882 ud
613 1821 862 1906 praestitutam
888 1821 993 1907 finem
1022 1821 1151 1884 transit
1169 1846 1185 1881 n
1204 1817 1267 1904 (1).
1293 1819 1388 1888 Haec
1410 1817 1579 1908 Nyssenns

418 1931 508 1992 cont.
531 1924 677 1993 Eunom.
697 1926 781 1995 XII.
803 1951 836 2017 p.
862 1926 939 1995 340.
969 1929 1009 1994 In
1026 1928 1097 1996 Deo
1123 1927 1236 2018 igitur
1261 1927 1426 1996 voluntas
1449 1931 1579 1992 nonest

417 2031 569 2100 facultas
593 2033 750 2117 volendi,
777 2057 864 2126 quae
888 2035 986 2103 modo
1002 2035 1062 2119 sit,
1081 2035 1179 2104 modo
1203 2057 1271 2102 nou
1294 2035 1344 2104 sit
1365 2035 1404 2102 in
1428 2040 1509 2103 actu
1530 2056 1577 2100 vc·
1604 2026 1605 2088 l

416 2139 572 2225 litionis;
598 2163 691 2210 nunc
721 2141 833 2210 sicin
866 2141 941 2226 hoc,
968 2165 1060 2210 nunc
1083 2141 1121 2210 iu
1144 2141 1215 2210 alio
1238 2149 1321 2211 actu
1346 2139 1505 2211 volendi:
1528 2139 1578 2208 sed
1604 2137 1605 2140 ’

417 2248 582 2318 voluntas
612 2255 665 2318 est
688 2257 788 2318 actus
819 2249 940 2318 volens
971 2273 1062 2318 nnus
1095 2273 1228 2340 semper
1250 2251 1288 2318 iu
1312 2273 1347 2320 se
1378 2253 1489 2336 idem,
1513 2274 1578 2318 cun

417 2359 570 2426 essentia
592 2365 629 2426 et
651 2358 850 2427 substantia
881 2357 1005 2427 divina
1028 2359 1105 2448 ipsa
1128 2381 1189 2447 per
1212 2381 1247 2426 se
1271 2359 1320 2427 sit
1349 2359 1490 2428 infinita
1512 2357 1577 2426 sub

418 2466 599 2534 stantialis
616 2465 751 2536 volitio.
769 2465 888 2558 Neque
903 2469 993 2536 enim
1017 2465 1169 2536 essentia
1184 2471 1220 2536 et
1238 2465 1403 2535 voluntas
1417 2473 1577 2558 tamquam
1605 2516 1606 2550 ,

417 2574 612 2643 subiectum
642 2573 889 2664 perficiendum
913 2581 948 2644 et
980 2577 1091 2644 forma
1114 2571 1317 2664 perficiens,
1343 2597 1405 2644 nec
1429 2576 1577 2644 voluntas
1605 2553 1606 2602 ¹

420 2679 583 2767 (boul-ope)
611 2689 647 2750 et
671 2681 795 2751 volitio
832 2678 999 2768 (decimat)
1035 2687 1210 2774 tamquam
1243 2680 1397 2750 facultas
1427 2688 1466 2751 et
1494 2689 1577 2750 actus

416 2791 701 2880 distinguuntur;
721 2791 780 2860 scd
804 2792 966 2874 assentis,
987 2791 1163 2874 voluntas,
1182 2790 1347 2860 voluntas
1365 2792 1403 2860 in
1426 2813 1491 2859 suo
1511 2797 1576 2860 actu

416 2921 477 2968 sen
495 2898 629 2982 volitio,
645 2923 681 2967 re
698 2921 804 2968 untrm
818 2907 911 2984 sunt,
931 2907 967 2968 et
983 2899 1093 2966 solum
1111 2899 1299 2968 secundnm
1316 2899 1442 2968 mentis
1454 2905 1576 2967 nostrae

416 3005 723 3074 considerationem
748 3007 1031 3098 distinguuntur.
1052 3039 1068 3072 a
1090 3007 1178 3076 Nam
1203 3007 1295 3076 sicut
1318 3005 1456 3074 omnino
1479 3013 1519 3074 tu
1538 3027 1575 3084 es,

416 3119 456 3178 tn
480 3110 548 3180 scis
573 3111 686 3196 solus,
714 3111 774 3204 qui
798 3135 834 3180 es
859 3111 1192 3180 incommutabiliter
1216 3117 1252 3178 et
1281 3111 1336 3178 vis
1369 3111 1576 3180 incommuta·

417 3217 549 3286 biliter.
576 3219 625 3288 Et
656 3221 800 3286 essentia
826 3233 885 3284 tau
919 3223 984 3284 ecit
1016 3235 1047 3284 rt
1078 3219 1152 3284 unilt
1190 3217 1524 3298 incommutabiliter,
1550 3223 1576 3282 et

415 3327 559 3390 scientia
584 3339 644 3392 tuo
668 3340 715 3390 est
740 3340 770 3390 et
802 3325 875 3391 uicit
909 3325 1244 3406 incommutabiliter,
1276 3332 1312 3392 at
1343 3325 1500 3392 volcmar
1528 3339 1574 3388 tau

418 3445 465 3496 est
490 3447 519 3496 et
544 3435 608 3496 scit
633 3431 992 3498 incommutabilium
1012 3433 1108 3520 Aug.
1127 3429 1282 3500 ConfeSS.
1297 3431 1401 3498 XIH.
1422 3455 1452 3500 c.
1468 3431 1518 3498 16.

484 3537 557 3606 Iam
582 3539 776 3630 quaeritur,
796 3540 961 3630 quomodo
978 3562 1054 3608 curn
1073 3539 1138 3607 bac
1156 3538 1342 3606 identitate
1359 3545 1462 3608 actus
1476 3535 1574 3606 volen-

415 3645 464 3713 tis
476 3646 691 3716 eteesentiae
708 3645 861 3735 divinae,
879 3649 1088 3739 proindeque
1103 3671 1179 3716 cum
1195 3647 1296 3736 plena
1307 3641 1574 3715 incommutabili·

415 3759 489 3821 tate
505 3763 541 3824 et
557 3755 762 3824 necessitate
779 3762 879 3824 actus
897 3756 934 3823 iu
951 3779 986 3823 se
1004 3756 1082 3845 ipso
1103 3755 1291 3823 consistere
1306 3755 1419 3844 possit
1434 3755 1572 3822 libertas.

415 3861 615 3952 Explicatio
641 3862 787 3952 petenda
802 3869 912 3932 estex
935 3863 1012 3954 ipsa
1038 3861 1216 3930 infinitate
1239 3868 1351 3930 actus.
1370 3861 1471 3932 Sicut
1491 3857 1571 3928 intel·

481 4056 583 4128 (l)'(ln
603 4083 655 4132 pap
678 4059 764 4132 ὥσπερ
792 4057 833 4114 im
858 4081 903 4112 των
929 4061 1023 4116 ἀλλων,
1041 4062 1079 4122 ire
1099 4083 1136 4123 τις
1163 4082 1291 4132 πρακτική
1314 4065 1424 4134 derupta,-
1445 4059 1471 4113 ir
1492 4073 1571 4128 eoum:

421 4147 486 4208 iuer,
508 4169 536 4198 το
557 4169 603 4218 μεν
625 4154 731 4221 danapri
753 4149 889 4221 Senecione
914 4171 941 4202 το
963 4155 988 4204 δε
1012 4171 1082 4204 κατα
1104 4173 1149 4208 την
1173 4172 1218 4212 της
1241 4147 1373 4221 timpum
1401 4149 1571 4222 inlapsum

417 4233 470 4308 ὀυχ
492 4237 571 4299 iatum·
592 4259 634 4290 act
656 4235 697 4294 im
720 4261 766 4300 της
791 4261 922 4312 parapter
943 4239 1018 4314 ζωης,
1035 4239 1097 4306 ἀλλ’
1116 4239 1176 4296 ὅλον
1195 4241 1218 4304 i,
1242 4263 1267 4292 τι
1287 4262 1336 4312 περ
1358 4238 1432 4296 icum
1459 4241 1482 4296 in
1503 4237 1568 4292 iiior

418 4343 563 4395 occupatior,
584 4325 684 4398 impysc
707 4349 748 4380 aar
777 4329 869 4399 πραξις
896 4325 975 4386 ἔστιν.
996 4325 1103 4400 ipsunt
1125 4349 1169 4382 του
1193 4329 1367 4400 Βουληματος
1387 4351 1450 4402 προς
1469 4349 1495 4382 tn
1514 4345 1568 4378 ιατι

419 4414 543 4486 seobreo
567 4423 640 4478 τελος
664 4415 872 4491 {ardroverperum
