3280 5070
552 468 590 483 -
613 436 673 500 611
698 469 736 484 -·

65 541 248 625 intendere,
272 543 349 612 sive
373 543 564 634 efficaciter
586 544 672 612 nelle
698 567 728 614 e.
764 569 800 636 g.
834 543 935 635 prius
961 543 1083 627 finem,
1117 541 1241 611 deinde

63 651 172 720 media
204 649 385 741 proxima,
418 655 590 740 postremo
615 650 726 720 media
750 652 958 735 remotiora,
986 671 1073 740 qnae
1097 649 1172 717 sint
1194 649 1240 718 ad

63 759 161 828 finem
185 765 221 827 et
244 755 385 848 propter
408 757 530 845 finem3
557 759 623 828 hao
638 758 716 848 ipsa
729 759 922 829 intentione
938 760 1107 826 mercatio
1125 760 1240 824 activa

62 873 135 937 tota
157 871 214 937 eat
235 866 412 951 absoluta,
437 873 474 936 et
497 867 582 959 quin
605 866 704 936 aliud
728 868 765 936 in
789 873 903 936 mente
920 866 1044 936 divina
1060 865 1240 956 intelliga-

63 982 131 1060 tur,
155 974 222 1044 hoc
245 975 321 1066 ipso
345 974 492 1065 incipiet
514 975 551 1044 in
575 981 729 1066 tempore
754 978 923 1043 exsecutio
935 979 1079 1066 passiva
1096 974 1172 1042 aiva
1188 995 1241 1042 re·

62 1107 135 1154 rum
158 1082 361 1154 existentia.
388 1083 505 1152 Huius
528 1082 738 1152 existentiae
761 1084 845 1153 ordo
862 1083 898 1152 in
915 1091 1068 1174 tempore
1084 1082 1155 1152 erit
1170 1081 1240 1152 uti·

63 1215 124 1285 que
147 1192 325 1274 inversus,
352 1191 488 1284 quoties
511 1191 548 1260 in
571 1191 766 1262 intentione
789 1191 965 1262 antecedit
988 1189 1150 1260 absoluta
1182 1210 1241 1258 vo·

63 1302 182 1370 luntas
205 1301 287 1369 finis
310 1299 480 1370 efficiendi
505 1322 566 1390 per
589 1299 721 1387 media;
746 1323 809 1370 neo
833 1322 919 1390 opus
944 1305 1009 1383 est,
1036 1306 1078 1368 ut
1099 1298 1136 1367 in
1153 1297 1238 1383 Deo,

63 1418 243 1503 postquam
266 1407 452 1479 efficaciter
475 1407 590 1476 voluit
612 1408 835 1478 existentiam
859 1408 941 1478 finis
964 1415 1001 1477 et
1015 1407 1241 1478 existentiam

63 1517 263 1600 mediorum,
289 1537 378 1609 quae
401 1515 474 1585 aiut
497 1515 541 1584 ad
564 1515 667 1584 finem
691 1524 727 1585 et
750 1525 893 1607 propter
916 1515 1040 1599 finem,
1069 1514 1159 1584 satis
1182 1514 1240 1583 ab·

64 1625 165 1696 surda
189 1623 347 1714 fingatur
370 1645 462 1692 nova
485 1623 593 1694 series
618 1623 839 1708 volitionum,
867 1644 936 1715 qna
960 1621 1081 1692 ordine
1098 1620 1240 1691 inverso

64 1733 191 1802 iterum
217 1731 305 1801 velit
328 1731 554 1800 existentiam
578 1732 763 1802 eorundem
787 1731 978 1801 mediorum
1009 1729 1053 1800 ad
1078 1729 1180 1799 finam
1205 1736 1243 1800 et

64 1839 286 1910 existentiam
310 1839 403 1908 finis.
426 1837 527 1909 Certe
550 1839 675 1909 Patres
698 1837 1243 1928 intentionempraedestinantem

65 1956 99 2018 at
120 1950 366 2016 exsecutionem
392 1949 595 2014 antinomia
617 1961 725 2016 ments
748 1945 870 2014 divina
893 1969 962 2016 non
985 1945 1092 2016 aliter
1116 1945 1242 2015 distin·

64 2064 211 2140 xerunt,
238 2076 341 2148 qnam
365 2053 553 2124 secundum
577 2055 855 2125 coarctationem
881 2053 1048 2138 termini,
1074 2061 1181 2142 prout
1204 2051 1242 2120 in

65 2186 99 2232 se
121 2164 238 2234 adhuc
261 2165 407 2234 iuturus
437 2168 511 2249 est,
545 2163 603 2235 vel
633 2163 703 2233 iam
735 2163 773 2233 in
801 2167 956 2254 tempore
986 2159 1138 2232 efficitur
1170 2161 1239 2249 (cf.

65 2269 115 2341 th.
129 2271 277 2361 LVH.).

130 2381 164 2467 b)
189 2379 322 2450 Ceteris
344 2380 565 2471 argumentis
587 2379 694 2451 etiam
718 2378 881 2470 sepositis
904 2377 1034 2447 sufficit
1048 2376 1242 2469 legerePa·

65 2493 156 2559 trum
180 2487 393 2572 testimonia,
420 2511 563 2580 quorum
588 2489 710 2582 aliqua
733 2489 895 2578 superins
917 2485 1178 2575 descripsimus,
1201 2492 1244 2554 ut

66 2596 217 2666 absurda
238 2619 312 2666 esse
336 2596 562 2687 intelligatur
586 2595 806 2688 hypothesis,
833 2595 923 2690 quod
947 2593 1061 2663 sancti
1092 2593 1148 2661 illi
1177 2593 1243 2662 Dc·

68 2709 177 2772 stores
190 2701 541 2793 praedestinationem
556 2701 691 2792 gloriae
704 2701 911 2770 admiserint
925 2699 1127 2768 antecedere
1146 2719 1244 2788 praa·

66 2809 233 2879 visionem
257 2809 472 2892 meritorum,
498 2817 534 2878 et
557 2808 668 2878 solum
692 2808 729 2877 in
752 2807 977 2879 exsecutione
991 2805 1243 2898 (quovismodo

66 2916 305 3008 intelligatur)
328 2916 544 2986 voluntatem
571 2916 772 2987 conferendi
801 2915 951 3007 gloriam
983 2914 1140 2983 dixerint
1169 2937 1244 2984 esse

67 3031 313 3118 consequenter
336 3025 380 3095 ad
403 3023 541 3094 merita.
566 3024 656 3094 Nam
679 3023 748 3094 ΡΡ.
774 3031 927 3115 negant,
954 3022 1244 3114 praedestinatio·

66 3154 140 3202 nem
164 3133 210 3202 ad
233 3132 387 3224 praemia
410 3139 555 3202 aeterna
577 3155 652 3202 esse
675 3132 830 3226 aliquam
846 3131 918 3200 nisi
934 3138 1184 3223 consequenter
1199 3128 1244 3202 ad

68 3243 317 3334 praevisionem
341 3243 557 3328 meritorum,
583 3243 664 3312 vide
687 3263 716 3311 e.
744 3266 780 3334 g.
799 3240 1022 3310 Ambrosium
1038 3249 1074 3309 et
1091 3239 1245 3310 Theodo-

68 3358 181 3421 retum
203 3351 244 3420 ll.
270 3375 320 3423 cc.
345 3352 460 3445 Atqui
483 3353 514 3422 si
537 3353 575 3422 in
598 3352 774 3423 sententia
797 3351 963 3432 fuissent,
983 3371 1084 3443 qnam
1101 3348 1245 3441 fingunt

68 3457 274 3542 adversarii,
289 3480 418 3549 negare
431 3457 530 3528 nullo
544 3459 641 3530 modo
658 3459 869 3550 potuissent,
887 3479 963 3529 esse
975 3456 1128 3550 aliquam
1147 3479 1243 3548 pras·

69 3565 335 3636 destinationem
358 3575 441 3638 ante
458 3568 711 3658 praevisionem
729 3565 943 3636 meritorum.
961 3565 1111 3657 Insuper
1123 3566 1192 3635 ΡΡ.
1207 3567 1244 3635 in

68 3673 190 3746 iisdem
212 3676 435 3745 contextibus
455 3674 640 3760 affirmant,
660 3675 1010 3771 praedestinationem
1029 3673 1174 3764 praemii
1190 3694 1244 3742 eo·

70 3783 141 3854 dem
166 3784 265 3854 modo
288 3806 362 3854 ease
385 3807 453 3852 non
477 3790 557 3854 anta
581 3783 641 3853 aad
670 3791 750 3874 post
781 3774 945 3876 praeviso
974 3783 1119 3864 merita,
1152 3779 1246 3850 sicut

69 3891 263 3982 reprobatio
276 3891 352 3962 sive
369 3892 645 3984 praedestinatio
657 3913 785 3983 porum
798 3902 852 3961 est
863 3911 1075 3982 consequens
1088 3887 1132 3956 od
1145 3907 1244 3978 prae·

71 3998 145 4068 visa
168 4007 322 4090 peccata.
355 3999 468 4094 Atqui
497 4023 565 4069 non
598 3999 697 4069 modo
721 3999 759 4068 in
782 3997 902 4068 ordine
925 3995 1159 4066 exsecutionis
1184 3993 1244 4064 sed

71 4107 171 4178 etiam
194 4109 232 4178 in
256 4109 376 4178 ordine
393 4108 725 4201 praedestinationis
744 4129 851 4198 poena
866 4105 1150 4197 praedestinatur
1167 4125 1245 4174 con·
1277 4165 1279 4174 ,

72 4222 250 4310 sequenter
273 4216 317 4285 ad
341 4217 505 4308 praevisa
521 4222 675 4309 peccata.
693 4215 790 4306 Ergo
806 4215 896 4284 idem
914 4221 1099 4283 senserunt
1115 4212 1182 4281 PP.
1202 4212 1245 4281 de

72 4325 384 4412 praedestinatione
407 4326 554 4418 praemii
578 4329 828 4418 consequenter
849 4322 894 4392 ed
918 4322 1082 4412 praevisa
1105 4319 1242 4390 merita.

73 4431 158 4504 Vide
180 4457 211 4504 e.
244 4459 280 4524 g.
314 4433 496 4503 Irenaeum
527 4437 563 4504 et
591 4431 821 4523 Fulgentium
844 4429 885 4499 ll.
912 4453 961 4502 co.
988 4430 1030 4499 In
1055 4425 1244 4497 summani

73 4537 213 4611 Petrum
236 4541 378 4612 illorum
402 4541 587 4612 sententiis
609 4538 884 4633 praedestinatio
912 4537 955 4609 ad
985 4537 1135 4630 gloriam
1166 4542 1245 4629 poet

1079 4663 1097 4704 ἲ
