3394 5056
898 365 936 380 ..
958 333 999 394 50
1020 366 1057 380 ..

396 437 484 510 dunt
510 461 552 508 ac
575 439 734 529 probant.
756 439 831 508 Hes
852 439 1085 528 cogitationes
1101 447 1305 508 accusantes
1323 463 1366 509 ao
1384 397 1569 510 defenden-

397 555 451 616 tes
471 570 538 614 non
561 568 635 615 esse
651 555 747 614 ortas
770 571 810 616 ex
837 547 956 639 aliqua
970 545 1061 637 legis
1081 547 1294 616 revelatione
1319 549 1395 618 sive
1417 548 1572 618 Mosaios

398 655 472 724 sive
496 653 587 738 alia,
614 662 711 744 patet
729 678 769 724 ex
797 679 848 738 eo,
874 655 964 746 quod
989 654 1121 724 Paulus
1144 655 1208 723 boo
1231 656 1469 724 testimonium
1493 679 1572 725 con·

399 761 565 830 scientiae
589 759 727 828 inducit
750 759 794 828 ad
820 759 1061 830 declarandam
1089 762 1313 850 scriptionem
1329 762 1421 852 legis
1438 764 1475 830 in
1498 785 1572 832 oor·

400 869 502 938 dibus
519 867 688 958 gentium.
708 869 868 951 Quatnor
883 869 996 937 incisa
1012 869 1055 936 ad
1071 869 1213 936 eandem
1230 891 1300 936 rem
1313 869 1572 956 declarandam,
1682 957 1683 960 Ἴ

400 983 675 1046 connectuntur:
701 977 829 1068 absque
861 975 937 1066 iege
962 975 1118 1044 revelata
1143 977 1279 1044 faciunt
1307 983 1459 1059 natura,
1485 997 1575 1068 quae

401 1081 492 1170 legis
516 1089 609 1166 suut;
636 1082 725 1150 uude
750 1082 921 1172 sequitur,
950 1103 1010 1168 pro
1033 1078 1191 1149 revelata
1214 1079 1291 1170 lege
1314 1101 1372 1148 eos
1395 1079 1576 1172 sibiipsis

402 1210 477 1258 esse
500 1187 632 1277 iegem3
659 1189 721 1257 boc
752 1189 953 1258 declaratur
977 1210 1037 1277 per
1060 1185 1176 1271 aliud,
1194 1188 1286 1278 quod
1309 1187 1421 1278 legem
1445 1188 1577 1256 babent
1684 1261 1685 1266 ,

404 1293 568 1383 scriptam
592 1295 627 1362 iu
651 1293 890 1363 intellectibus
907 1293 1000 1378 snie;
1021 1293 1084 1362 boc
1099 1293 1236 1362 demum
1254 1295 1476 1363 manifestum
1501 1295 1577 1363 red·
1685 1381 1686 1390 ἵ

403 1399 501 1470 ditur
524 1402 724 1470 testimonio
747 1403 898 1492 ipsorum
927 1402 1171 1486 conscientiae,
1197 1401 1280 1470 dom
1303 1401 1578 1494 cogitationibus
1685 1397 1686 1400 '

404 1507 636 1576 rationalibus
652 1509 688 1576 in
705 1534 741 1578 se
761 1511 849 1600 ipsis
865 1513 952 1578 bona
967 1513 1171 1600 approbant,
1192 1511 1283 1578 mala
1297 1511 1541 1579 condemnant.

470 1617 608 1706 Duplex
631 1624 685 1685 est
708 1617 823 1707 igitur
847 1619 954 1687 series
978 1619 1250 1702 sententiarum,
1276 1619 1314 1686 in
1338 1639 1485 1711 quarum
1511 1641 1582 1685 uua

405 1725 598 1794 affirmatur
621 1724 764 1794 moralis
787 1725 877 1816 legis
901 1727 1094 1810 revelatio,
1123 1727 1181 1796 ubi
1204 1747 1271 1794 uon
1296 1748 1464 1816 negamus
1487 1726 1580 1818 Apo
1688 1742 1689 1772 l

405 1821 531 1902 stoloni
551 1853 633 1922 prae
650 1831 761 1901 oculis
775 1833 900 1903 habere
917 1833 1098 1924 speciatim
1116 1833 1362 1904 revelationem
1376 1833 1580 1903 Mosaicam:
1689 1896 1690 1908 ,

410 1969 426 2005 a
444 1939 650 2033 quicumque
667 1941 702 2008 in
719 1941 796 2032 iege
813 1953 1085 2032 peccaverunt...
1100 1942 1278 2012 auditores
1294 1941 1427 2033 legis...
1445 1943 1584 2034 requie·

407 2049 477 2118 sois
501 2051 537 2118 iu
560 2047 679 2139 lege...
705 2050 903 2121 instructus
932 2049 1175 2139 (κατηχουμενος)
1195 2050 1430 2142 perlegam...
1450 2049 1585 2118 habena

409 2155 553 2224 formam
575 2157 732 2250 (reprom
748 2160 878 2228 claram
894 2160 1163 2250 expressionem)
1182 2157 1349 2229 scientiae
1364 2164 1401 2226 et
1418 2157 1586 2228 veritatis

409 2265 446 2332 in
469 2263 558 2353 lege.
576 2291 593 2326 a
611 2265 654 2334 In
677 2267 791 2337 altera
815 2270 905 2336 serie
928 2267 1087 2358 opposita
1112 2291 1179 2336 uon
1203 2267 1314 2336 solum
1331 2274 1482 2356 negatur
1497 2267 1587 2336 baec

409 2370 570 2460 specialis
600 2372 754 2444 Mosaios
776 2375 946 2444 revelatio
979 2399 1039 2466 pro
1075 2375 1260 2466 gentibus;
1287 2373 1347 2442 sed
1382 2373 1588 2443 declaratur

408 2479 620 2571 principium
643 2483 855 2573 cognitionis
890 2485 965 2567 ita,
992 2493 1034 2552 ut
1056 2483 1208 2574 positiva
1238 2483 1384 2574 quaevis
1415 2480 1588 2550 revelatio

409 2589 501 2678 legis
524 2589 566 2655 ab
591 2591 652 2658 icc
673 2595 827 2680 pontiam
850 2594 1044 2681 coquitione
1059 2589 1279 2660 excludatur:
1301 2619 1316 2654 a
1335 2599 1457 2680 gentes
1472 2589 1588 2680 legem

410 2719 478 2765 nou
503 2697 668 2768 habentes
690 2699 903 2768 naturaliter
927 2699 1076 2782 faciunt,
1103 2721 1191 2790 quae
1214 2697 1305 2788 legis
1328 2705 1453 2768 sunt...
1472 2697 1588 2788 legem

410 2827 478 2874 nou
502 2805 669 2874 habentes
692 2807 759 2897 ipsi
784 2807 852 2874 sibi
868 2817 951 2874 sunt
965 2805 1065 2874 lex...
1085 2806 1274 2875 ostendunt
1288 2828 1376 2897 opus
1393 2805 1484 2896 legis
1500 2804 1589 2876 scri-

411 2923 510 3005 ptam
523 2915 560 2982 in
572 2913 735 2984 cordibus
750 2915 866 2982 suis...
885 2913 1122 2984 testimonium
1140 2913 1305 2984 reddente
1321 2913 1396 2982 iliis
1411 2912 1589 2984 conscien-

412 3021 477 3108 tia,
491 3029 527 3090 et
538 3025 631 3091 inter
643 3047 679 3093 se
691 3023 839 3092 invicem
857 3022 1130 3111 cogitationibus
1144 3023 1389 3092 accusantibus
1404 3021 1590 3090 autetiam

413 3129 693 3200 defendentibus.
715 3159 731 3194 a

479 3237 621 3308 llaueat
643 3239 763 3332 itaque
787 3241 924 3308 omniuo
948 3247 1061 3309 ratum
1086 3263 1127 3308 ac
1144 3241 1265 3322 fixum,
1282 3237 1513 3328 abApostoio
1529 3235 1591 3306 do

415 3349 486 3416 ceri
511 3369 576 3414 uon
601 3347 668 3414 iam
694 3347 865 3415 humanae
889 3349 1036 3416 rationis
1053 3347 1255 3416 facultatem
1273 3346 1317 3414 ad
1333 3343 1592 3434 suscipiendam

416 3641 463 3716 (nt
481 3644 555 3712 apud
575 3643 693 3696 Panium
717 3647 747 3694 st
760 3655 844 3707 saepe
866 3639 938 3693 aiibi
955 3639 1007 3692 boc
1026 3653 1125 3692 nomen
1148 3655 1196 3688 cer
1215 3631 1369 3706 accipitur)
1387 3651 1421 3687 aa
1443 3641 1525 3703 parte
1544 3636 1593 3687 iro

416 3738 504 3791 minis
526 3737 601 3790 uibii
624 3737 669 3788 eet
686 3733 776 3797 aliud,
802 3747 886 3800 qnam
904 3731 1052 3798 acquirere
1073 3727 1266 3794 coguitionem
1291 3725 1378 3792 legin
1401 3741 1492 3792 neque
1516 3725 1593 3778 euim

418 3829 500 3884 homo
521 3825 623 3880 scribit
640 3825 730 3890 legem
756 3822 916 3874 naturalem
939 3825 972 3872 ut
991 3817 1143 3884 legislator
1161 3819 1192 3869 et
1210 3817 1309 3870 auctor
1329 3815 1407 3881 eius,
1426 3814 1476 3866 aed
1503 3815 1595 3879 legem

419 3923 564 3972 aeternam
588 3914 692 3968 scribIt
712 3913 742 3964 iu
764 3917 857 3966 moute
887 3927 939 3964 sua
956 3907 1003 3980 (si
1023 3909 1080 3962 iarn
1101 3907 1149 3960 bic
1168 3904 1267 3960 modus
1296 3903 1433 3972 loquendi
1452 3918 1595 3969 aucune

418 4001 595 4080 praeplacet)
608 4021 640 4058 eo
660 4005 751 4070 unice,
773 4001 847 4070 quod
861 4000 967 4066 incipit
981 3999 1064 4052 iiiam
1082 4010 1263 4063 conoscere:
1285 3996 1376 4060 legem
1393 3997 1423 4046 et
1436 3993 1595 4046 universim

419 4095 572 4150 veritatem
592 4092 762 4145 obiectivam
782 4103 831 4144 seu
851 4103 899 4140 res
917 4085 1125 4153 cognoscibiles
1145 4097 1229 4156 mens.
1242 4082 1367 4135 hnmana
1384 4095 1440 4134 nou
1463 4083 1542 4132 creat
1563 4085 1597 4132 ut

421 4185 496 4255 apud
514 4185 700 4249 flascilones,
722 4181 771 4234 sed
790 4177 984 4234 tantummodo
1003 4174 1158 4241 cognoscit.
1180 4173 1273 4238 Quare
1292 4175 1325 4223 ut
1343 4169 1409 4238 quia
1424 4170 1515 4234 legen
1532 4169 1595 4222 aira·

419 4277 535 4346 pliciter
553 4274 662 4330 scribat
684 4273 715 4325 in
735 4275 830 4324 mente
848 4270 877 4322 h.
891 4285 916 4322 e.
935 4267 1056 4332 primam
1075 4265 1138 4318 eius
1156 4260 1348 4328 cognitionem
1369 4257 1516 4326 acquirat¹
1538 4272 1596 4312 uon

424 4370 514 4424 solum
528 4382 584 4420 uon
598 4366 763 4434 postulator
774 4359 945 4428 praehabita
964 4355 1102 4410 dictiacta
1116 4352 1241 4418 cognitio
1254 4351 1338 4418 legia)
1354 4348 1404 4404 aed
1417 4349 1501 4402 immo
1516 4361 1596 4416 prae·

425 4457 597 4524 supponitur
612 4459 646 4507 nt
665 4451 791 4506 conditio
811 4450 871 4500 siae
890 4463 945 4512 qao
964 4461 1037 4506 coc,
1059 4443 1174 4508 negatio
1193 4439 1367 4504 cognitionis
1387 4435 1595 4504 praecedentis.
