3262 5076
538 370 576 384 ..
596 337 657 398 529
679 371 716 384 -

61 467 124 515 esse
146 445 182 512 in
204 443 275 512 Deo
299 442 621 536 voluntatemque
644 445 876 514 antecedenter
899 447 943 515 ad
967 447 1220 536 praevisionem

61 554 181 644 peccati
203 553 295 624 velit
318 551 470 622 alicuius
486 552 637 623 hominis
653 562 828 624 aeternam
845 557 1112 626 damnationem.
1138 558 1221 626 Pro·

60 673 168 756 pterea
184 663 353 733 tractatio
376 661 418 731 de
441 660 507 730 hac
531 663 714 732 voluntate
732 659 799 733 Dei
823 665 910 734 iusti
933 671 968 736 et
991 666 1117 751 sancti,
1133 689 1221 758 quae

59 770 148 839 unice
171 771 353 862 pertinens
370 769 414 838 ad
431 768 649 838 voluntatem
667 777 930 864 consequentem
950 774 1145 862 reprobatio
1169 773 1220 840 di-

58 881 160 965 citur,
185 877 384 946 immediate
408 901 486 946 oum
511 879 750 968 superioribus
773 881 1005 949 connectitur.
1032 881 1100 950 Sed
1128 881 1221 950 ratio

57 987 229 1076 potissima
256 985 294 1052 in
312 983 375 1053 hoo
404 985 517 1076 capite
545 985 794 1075 praemittendi
817 986 1011 1056 doctrinam
1038 987 1080 1055 de
1107 1012 1221 1076 repro·

58 1098 196 1178 batione,
215 1095 316 1163 nobis
331 1099 386 1162 est
401 1117 512 1162 nexus
535 1093 683 1163 intimus
705 1095 783 1164 veri
805 1117 846 1164 ae
870 1095 1017 1184 genuini
1034 1103 1220 1187 conceptus

56 1203 303 1296 reprobationis
329 1226 406 1271 cum
434 1202 669 1273 declaratione
693 1203 804 1288 modi,
831 1227 899 1296 quo
922 1227 958 1273 se
981 1203 1087 1274 habet
1111 1230 1220 1272 conee-

55 1337 150 1404 qaene
173 1310 240 1379 Dei
264 1308 430 1380 voluntas
453 1309 614 1378 salvifica
637 1310 867 1400 particularis
892 1317 927 1380 et
944 1310 1220 1400 praedestinatio

55 1421 92 1489 ad
114 1421 226 1489 vitam
250 1423 439 1486 aeternam:
458 1439 545 1510 quae
562 1417 701 1509 quidem
717 1417 910 1487 declaratio
932 1420 1220 1510 praedestinatio·

54 1527 102 1594 nis
124 1548 250 1616 scopus
272 1530 327 1592 eet
350 1528 386 1591 et
407 1527 652 1612 argumentum
676 1523 789 1591 totius
812 1524 919 1592 huius
936 1525 1076 1615 capitis.
1096 1525 1138 1593 In
1155 1525 1220 1594 hoo

55 1635 161 1725 itaque
184 1631 299 1724 primo
322 1629 473 1699 articulo
499 1629 732 1698 indicabimus
755 1635 792 1699 et
814 1630 1038 1700 excludemus
1061 1631 1221 1700 notiones

55 1743 153 1811 falsas
181 1742 225 1809 de
255 1738 519 1830 reprobatione,
555 1737 682 1830 quibus
710 1739 870 1808 doctrina
900 1740 978 1830 ipsa
1007 1741 1048 1808 de
1080 1743 1220 1832 praede·

55 1851 240 1918 stinatione
264 1848 322 1918 vel
346 1847 564 1938 pervertitur
594 1847 731 1914 omnino
763 1847 820 1916 vel
841 1853 935 1917 certe
961 1848 1037 1917 eine
1068 1849 1221 1918 declare-

53 1957 97 2024 tio
127 1956 247 2024 minus
278 1955 415 2023 sincera
444 1953 653 2042 exhibetur3
693 1953 846 2023 exclusis
875 1961 991 2024 autem
1019 1957 1221 2025 notionibus

54 2064 146 2133 falsis
162 2088 226 2156 per
243 2087 279 2133 se
303 2068 533 2155 consequetur
557 2086 662 2132 verus
686 2063 728 2131 de
750 2063 993 2152 reprobatione
1018 2071 1217 2155 conceptus,

53 2195 111 2262 quo
134 2179 215 2241 tota
242 2173 315 2241 fere
342 2170 534 2240 declaratio
564 2171 898 2262 praedestinationis
929 2178 1152 2242 sustentatur
1180 2197 1219 2242 ac

53 2281 197 2372 regitur.
856 2263 864 2310 '¹

110 2389 140 2458 I.
177 2388 322 2459 Sincere
352 2385 503 2478 primum
538 2409 746 2477 exponemus
779 2393 851 2456 tam
880 2389 1221 2478 erepralapeariorctm

52 2520 145 2589 quam
170 2497 510 2588 infralapearc'oram
541 2495 735 2564 sententias
748 2547 756 2582 ,
784 2495 946 2585 deinceps
970 2518 1011 2564 ex
1035 2495 1221 2586 principiis

52 2607 113 2674 iam
129 2603 365 2698 praestructis
382 2603 576 2672 earumdem
590 2601 844 2671 sententiarum
857 2602 1071 2692 impietatem
1084 2603 1219 2671 demon-

53 2713 213 2784 straturi.

109 2824 153 2892 1⁰.
180 2819 323 2893 calvini
346 2819 502 2889 haeresis
518 2820 560 2889 de
577 2819 896 2910 praedestinatione
912 2824 947 2889 et
964 2819 1218 2908 reprobatione,

51 2937 86 3001 ut
99 2955 173 3001 eam
189 2937 267 3000 tum
282 2928 370 2997 alibi
385 2933 460 2996 tum
473 2927 621 2996 maxime
634 2928 671 2994 in
684 2927 908 2995 Institution.
920 2927 945 2994 l.
958 2926 1027 2994 ΙΙΙ.
1041 2926 1217 2996 acal-24.

50 3037 236 3129 explicuit,
262 3035 416 3105 adhaec
441 3035 559 3125 eapite
582 3034 687 3103 redit.
715 3037 750 3121 a)
774 3035 939 3103 Homines
966 3035 1031 3102 alii
1056 3040 1221 3104 creantur

51 3148 212 3216 advitam
224 3151 414 3230 aeternam,
432 3145 495 3212 alii
511 3143 555 3212 ad
572 3143 827 3212 damnationem
845 3149 1034 3214 aeternam:
1056 3143 1218 3236 citaque,

52 3254 172 3346 inquit,
200 3257 306 3344 prout
329 3255 366 3317 t'n
390 3251 595 3318 alterutram
611 3239 716 3340 finem
740 3253 886 3342 quicque
909 3249 1064 3318 conditae
1090 3267 1150 3334 eet,
1168 3253 1221 3320 ite

50 3363 100 3429 vel
123 3363 167 3432 ad
192 3361 305 3430 vitam
329 3359 387 3428 vel
411 3360 456 3428 ad
480 3365 625 3428 mortem
640 3359 938 3450 praedestinatum
955 3359 1105 3430 dicimus
1119 3388 1135 3422 e
1149 3361 1217 3429 l.c.

52 3493 77 3538 c.
90 3470 145 3538 21.
158 3493 196 3539 n.
212 3469 245 3537 5.
264 3467 359 3537 Haec
383 3465 497 3558 igitur
520 3467 586 3537 Dei
610 3467 882 3558 praedestinatio
910 3473 946 3537 et
973 3469 1148 3538 ordinatio
1176 3471 1221 3539 ad

52 3586 188 3648 mortem
212 3583 390 3645 aeternam
405 3599 473 3644 non
491 3599 590 3646 secus
613 3598 654 3645 ac
677 3575 721 3645 ad
747 3576 856 3645 vitam
874 3578 1076 3647 continetur
1091 3578 1128 3645 in
1144 3578 1220 3668 ipso

52 3686 190 3754 consilio
221 3684 344 3754 divino
375 3683 518 3753 creandi
549 3683 733 3752 hominem.
767 3683 867 3754 Unde
900 3687 933 3772 b)
966 3686 1145 3754 ordinatio
1178 3685 1221 3752 ed
1296 3677 1304 3694 '

52 3801 187 3864 mortem
211 3817 280 3862 non
303 3797 357 3861 est
380 3816 581 3884 consequens
604 3795 648 3862 ad
672 3799 864 3883 peceatum,
891 3794 951 3863 sed
975 3794 1079 3861 immo
1103 3793 1220 3883 ipsum

52 3909 226 3991 peccatum
240 3900 340 3972 Adae
356 3905 391 3970 et
406 3901 551 3970 humani
566 3901 708 3992 generis
728 3901 765 3971 in
781 3902 845 3971 illo
867 3902 972 3970 ruina
994 3907 1050 3970 est
1072 3901 1220 3970 effeetus

55 4031 259 4104 consequeus
282 4016 318 4079 et
345 4031 552 4100 permanans
578 4033 621 4079 ex
652 4010 729 4100 ipsa
761 4011 825 4078 illa
855 4007 1070 4077 antecedente
1100 4007 1222 4076 divina

49 4117 360 4204 praedestinatione
381 4117 568 4186 multorum
595 4116 641 4184 ad
663 4132 801 4184 martem
820 4132 1006 4185 aeternam.
1031 4116 1219 4207 Frigidum

55 4233 274 4295 commentum
289 4225 446 4316 appellat
463 4223 643 4309 Calvinus,
658 4225 749 4316 quod
765 4226 860 4294 Deus
877 4227 1028 4316 primum
1046 4226 1221 4294 hominem

54 4353 114 4399 non
135 4333 213 4424 ipso
237 4333 401 4418 oonsilio,
428 4355 595 4426 quocum
623 4355 740 4402 creare
768 4334 902 4420 voluit,
931 4335 1154 4403 ordinaverit
1177 4333 1221 4402 ad

57 4441 272 4528 peccandum,
298 4446 333 4509 et
356 4463 423 4510 non
448 4439 564 4511 eodem
588 4441 735 4510 oonsilio
752 4443 979 4514 antecedente
1002 4443 1140 4512 ruinam
1164 4465 1222 4532 ge·

191 4571 347 4624 Frenulin
1039 4572 1074 4626 et
