<?xml version="1.0" encoding="UTF-8"?>
<!DOCTYPE html PUBLIC "-//W3C//DTD XHTML 1.0 Transitional//EN"
    "http://www.w3.org/TR/xhtml1/DTD/xhtml1-transitional.dtd">
<html xmlns="http://www.w3.org/1999/xhtml" xml:lang="en" lang="en">
 <head>
  <title>
</title>
<meta http-equiv="Content-Type" content="text/html;charset=utf-8" />
  <meta name='ocr-system' content='tesseract 3.04.00' />
  <meta name='ocr-capabilities' content='ocr_page ocr_carea ocr_par ocr_line ocrx_word'/>
</head>
<body>
  <div class='ocr_page' id='page_1' title='image "./ioannisbaptfran01frangoog_0072.png"; bbox 0 0 3394 5056; ppageno 0'>
   <div class='ocr_carea' id='block_1_1' title="bbox 108 371 1279 886">
    <p class='ocr_par' dir='ltr' id='par_1_1' title="bbox 609 371 767 428">
     <span class='ocr_line' id='line_1_1' title="bbox 609 371 767 428; baseline 0 -14"><span class='ocrx_word' id='word_1_1' title='bbox 609 401 647 414; x_wconf 91' lang='grc'>..</span> <span class='ocrx_word' id='word_1_2' title='bbox 669 371 708 428; x_wconf 86' lang='lat'>55</span> <span class='ocrx_word' id='word_1_3' title='bbox 731 402 767 414; x_wconf 89' lang='lat'>-</span> 
     </span>
    </p>

    <p class='ocr_par' dir='ltr' id='par_1_2' title="bbox 108 470 1279 886">
     <span class='ocr_line' id='line_1_2' title="bbox 111 470 1273 557; baseline 0.003 -19"><span class='ocrx_word' id='word_1_4' title='bbox 111 470 230 540; x_wconf 87' lang='lat' dir='ltr'>ultimo</span> <span class='ocrx_word' id='word_1_5' title='bbox 246 473 471 542; x_wconf 81' lang='lat' dir='ltr'>fundamento</span> <span class='ocrx_word' id='word_1_6' title='bbox 487 487 657 555; x_wconf 83' lang='lat' dir='ltr'>carerent,</span> <span class='ocrx_word' id='word_1_7' title='bbox 676 477 746 542; x_wconf 90' lang='lat' dir='ltr'>nisi</span> <span class='ocrx_word' id='word_1_8' title='bbox 762 476 931 544; x_wconf 79' lang='lat' dir='ltr'>existeret</span> <span class='ocrx_word' id='word_1_9' title='bbox 947 497 1117 543; x_wconf 86' lang='lat' dir='ltr'>summum</span> <span class='ocrx_word' id='word_1_10' title='bbox 1138 477 1273 557; x_wconf 87' lang='lat' dir='ltr'>bonnm,</span> 
     </span>
     <span class='ocr_line' id='line_1_3' title="bbox 108 579 1278 672; baseline 0.003 -28"><span class='ocrx_word' id='word_1_11' title='bbox 108 584 247 646; x_wconf 84' lang='lat' dir='ltr'>sanctus</span> <span class='ocrx_word' id='word_1_12' title='bbox 268 586 305 646; x_wconf 91' lang='lat' dir='ltr'>et</span> <span class='ocrx_word' id='word_1_13' title='bbox 328 579 446 662; x_wconf 90' lang='lat' dir='ltr'>iustus</span> <span class='ocrx_word' id='word_1_14' title='bbox 469 581 652 670; x_wconf 85' lang='lat' dir='ltr'>legislator</span> <span class='ocrx_word' id='word_1_15' title='bbox 674 605 715 650; x_wconf 88' lang='lat' dir='ltr'>ac</span> <span class='ocrx_word' id='word_1_16' title='bbox 739 582 844 650; x_wconf 87' lang='lat' dir='ltr'>iudex</span> <span class='ocrx_word' id='word_1_17' title='bbox 860 605 1054 672; x_wconf 88' lang='lat' dir='ltr'>supremus.</span> <span class='ocrx_word' id='word_1_18' title='bbox 1078 581 1179 650; x_wconf 86' lang='lat' dir='ltr'>Sicut</span> <span class='ocrx_word' id='word_1_19' title='bbox 1194 603 1278 670; x_wconf 87' lang='lat' dir='ltr'>ergo</span> 
     </span>
     <span class='ocr_line' id='line_1_4' title="bbox 108 684 1278 779; baseline 0.002 -27"><span class='ocrx_word' id='word_1_20' title='bbox 108 709 147 752; x_wconf 83' lang='lat' dir='ltr'>ex</span> <span class='ocrx_word' id='word_1_21' title='bbox 164 684 342 756; x_wconf 89' lang='lat' dir='ltr'>intellecto</span> <span class='ocrx_word' id='word_1_22' title='bbox 365 688 486 757; x_wconf 86' lang='lat' dir='ltr'>ordine</span> <span class='ocrx_word' id='word_1_23' title='bbox 502 687 650 778; x_wconf 84' lang='lat' dir='ltr'>physico</span> <span class='ocrx_word' id='word_1_24' title='bbox 666 689 759 756; x_wconf 83' lang='lat' dir='ltr'>ratio</span> <span class='ocrx_word' id='word_1_25' title='bbox 776 688 928 756; x_wconf 83' lang='lat' dir='ltr'>humane</span> <span class='ocrx_word' id='word_1_26' title='bbox 944 697 1059 779; x_wconf 86' lang='lat' dir='ltr'>potest</span> <span class='ocrx_word' id='word_1_27' title='bbox 1074 710 1278 778; x_wconf 79' lang='lat' dir='ltr'>cognoscere</span> 
     </span>
     <span class='ocr_line' id='line_1_5' title="bbox 109 793 1279 886; baseline 0.003 -27"><span class='ocrx_word' id='word_1_28' title='bbox 109 793 216 860; x_wconf 79' lang='grc' dir='ltr'><strong>ὓειιιιι</strong></span> <span class='ocrx_word' id='word_1_29' title='bbox 238 793 457 880; x_wconf 65' lang='lat' dir='ltr'>existentem</span> <span class='ocrx_word' id='word_1_30' title='bbox 484 795 536 864; x_wconf 85' lang='lat' dir='ltr'>ita</span> <span class='ocrx_word' id='word_1_31' title='bbox 559 805 672 884; x_wconf 88' lang='lat' dir='ltr'>potest</span> <span class='ocrx_word' id='word_1_32' title='bbox 695 819 737 866; x_wconf 87' lang='lat' dir='ltr'>ex</span> <span class='ocrx_word' id='word_1_33' title='bbox 762 797 954 886; x_wconf 74' lang='lat' dir='ltr'>perspectis</span> <span class='ocrx_word' id='word_1_34' title='bbox 977 795 1205 864; x_wconf 81' lang='lat' dir='ltr'>relationibus</span> <span class='ocrx_word' id='word_1_35' title='bbox 1229 817 1279 862; x_wconf 88' lang='lat' dir='ltr'>es·</span> 
     </span>
    </p>
   </div>
   <div class='ocr_carea' id='block_1_2' title="bbox 110 885 1408 994">
    <p class='ocr_par' dir='ltr' id='par_1_3' title="bbox 110 885 1408 994">
     <span class='ocr_line' id='line_1_6' title="bbox 110 885 1408 994; baseline -0.002 -24"><span class='ocrx_word' id='word_1_36' title='bbox 110 901 314 970; x_wconf 81' lang='lat' dir='ltr'>sentialibus</span> <span class='ocrx_word' id='word_1_37' title='bbox 324 903 460 972; x_wconf 82' lang='lat' dir='ltr'>ordinis</span> <span class='ocrx_word' id='word_1_38' title='bbox 474 904 615 974; x_wconf 86' lang='lat' dir='ltr'>moralis</span> <span class='ocrx_word' id='word_1_39' title='bbox 626 927 813 994; x_wconf 86' lang='lat' dir='ltr'>assurgere</span> <span class='ocrx_word' id='word_1_40' title='bbox 825 905 869 974; x_wconf 86' lang='lat' dir='ltr'>ad</span> <span class='ocrx_word' id='word_1_41' title='bbox 882 904 1154 992; x_wconf 87' lang='lat' dir='ltr'>cognoscendum</span> <span class='ocrx_word' id='word_1_42' title='bbox 1170 905 1279 970; x_wconf 89' lang='lat' dir='ltr'>Deum</span> <span class='ocrx_word' id='word_1_43' title='bbox 1385 909 1388 916; x_wconf 85' lang='lat'>&#39;</span> <span class='ocrx_word' id='word_1_44' title='bbox 1404 885 1408 896; x_wconf 47' lang='lat'>¹</span> 
     </span>
    </p>
   </div>
   <div class='ocr_carea' id='block_1_3' title="bbox 109 1010 1285 1642">
    <p class='ocr_par' dir='ltr' id='par_1_4' title="bbox 109 1010 1285 1642">
     <span class='ocr_line' id='line_1_7' title="bbox 109 1010 1283 1102; baseline -0.001 -25"><span class='ocrx_word' id='word_1_45' title='bbox 109 1010 238 1078; x_wconf 83' lang='lat' dir='ltr'>ordinis</span> <span class='ocrx_word' id='word_1_46' title='bbox 261 1032 402 1078; x_wconf 83' lang='lat' dir='ltr'>caueam</span> <span class='ocrx_word' id='word_1_47' title='bbox 426 1012 654 1102; x_wconf 82' lang='lat' dir='ltr'>exemplarem</span> <span class='ocrx_word' id='word_1_48' title='bbox 678 1021 713 1080; x_wconf 91' lang='lat' dir='ltr'>et</span> <span class='ocrx_word' id='word_1_49' title='bbox 736 1012 949 1082; x_wconf 88' lang='lat' dir='ltr'>efficientem.</span> <span class='ocrx_word' id='word_1_50' title='bbox 970 1012 1037 1080; x_wconf 87' lang='lat' dir='ltr'>Hic</span> <span class='ocrx_word' id='word_1_51' title='bbox 1060 1011 1196 1101; x_wconf 88' lang='lat' dir='ltr'>quidem</span> <span class='ocrx_word' id='word_1_52' title='bbox 1221 1031 1283 1100; x_wconf 89' lang='lat' dir='ltr'>per</span> 
     </span>
     <span class='ocr_line' id='line_1_8' title="bbox 109 1119 1283 1210; baseline 0 -24"><span class='ocrx_word' id='word_1_53' title='bbox 109 1141 142 1186; x_wconf 85' lang='lat' dir='ltr'>ee</span> <span class='ocrx_word' id='word_1_54' title='bbox 164 1125 220 1186; x_wconf 89' lang='lat' dir='ltr'>eet</span> <span class='ocrx_word' id='word_1_55' title='bbox 241 1141 359 1188; x_wconf 89' lang='lat' dir='ltr'>rerum</span> <span class='ocrx_word' id='word_1_56' title='bbox 382 1119 466 1188; x_wconf 92' lang='lat' dir='ltr'>ordo</span> <span class='ocrx_word' id='word_1_57' title='bbox 489 1120 694 1208; x_wconf 88' lang='lat' dir='ltr'>obiectivue;</span> <span class='ocrx_word' id='word_1_58' title='bbox 720 1121 873 1210; x_wconf 87' lang='lat' dir='ltr'>practice</span> <span class='ocrx_word' id='word_1_59' title='bbox 897 1128 1012 1189; x_wconf 83' lang='lat' dir='ltr'>tamen</span> <span class='ocrx_word' id='word_1_60' title='bbox 1035 1127 1071 1188; x_wconf 87' lang='lat' dir='ltr'>et</span> <span class='ocrx_word' id='word_1_61' title='bbox 1094 1120 1187 1188; x_wconf 85' lang='lat' dir='ltr'>facto</span> <span class='ocrx_word' id='word_1_62' title='bbox 1208 1119 1283 1207; x_wconf 90' lang='lat' dir='ltr'>ipso</span> 
     </span>
     <span class='ocr_line' id='line_1_9' title="bbox 111 1227 1283 1312; baseline 0.002 -20"><span class='ocrx_word' id='word_1_63' title='bbox 111 1227 307 1296; x_wconf 89' lang='lat' dir='ltr'>huiusmodi</span> <span class='ocrx_word' id='word_1_64' title='bbox 330 1227 488 1296; x_wconf 86' lang='lat' dir='ltr'>notiones</span> <span class='ocrx_word' id='word_1_65' title='bbox 510 1228 644 1296; x_wconf 89' lang='lat' dir='ltr'>ordinis</span> <span class='ocrx_word' id='word_1_66' title='bbox 668 1228 821 1312; x_wconf 86' lang='lat' dir='ltr'>moralis,</span> <span class='ocrx_word' id='word_1_67' title='bbox 849 1231 942 1297; x_wconf 88' lang='lat' dir='ltr'>sicut</span> <span class='ocrx_word' id='word_1_68' title='bbox 964 1228 1051 1296; x_wconf 88' lang='lat' dir='ltr'>alibi</span> <span class='ocrx_word' id='word_1_69' title='bbox 1068 1228 1222 1296; x_wconf 86' lang='lat' dir='ltr'>dicemus</span> <span class='ocrx_word' id='word_1_70' title='bbox 1242 1227 1283 1294; x_wconf 92' lang='lat' dir='ltr'>de</span> 
     </span>
     <span class='ocr_line' id='line_1_10' title="bbox 110 1335 1284 1426; baseline 0 -25"><span class='ocrx_word' id='word_1_71' title='bbox 110 1335 309 1403; x_wconf 90' lang='lat' dir='ltr'>notionibus</span> <span class='ocrx_word' id='word_1_72' title='bbox 333 1335 583 1426; x_wconf 77' lang='lat' dir='ltr'>metaphysicis</span> <span class='ocrx_word' id='word_1_73' title='bbox 607 1341 691 1406; x_wconf 79' lang='lat' dir='ltr'>neri.</span> <span class='ocrx_word' id='word_1_74' title='bbox 718 1339 812 1402; x_wconf 86' lang='lat' dir='ltr'>toni.</span> <span class='ocrx_word' id='word_1_75' title='bbox 840 1338 1040 1416; x_wconf 80' lang='lat' dir='ltr'>necessarii,</span> <span class='ocrx_word' id='word_1_76' title='bbox 1067 1358 1186 1406; x_wconf 84' lang='lat' dir='ltr'>censeo</span> <span class='ocrx_word' id='word_1_77' title='bbox 1210 1357 1284 1402; x_wconf 88' lang='lat' dir='ltr'>esse</span> 
     </span>
     <span class='ocr_line' id='line_1_11' title="bbox 112 1441 1285 1535; baseline -0.001 -25"><span class='ocrx_word' id='word_1_78' title='bbox 112 1441 374 1512; x_wconf 82' lang='lat' dir='ltr'>tundamentum</span> <span class='ocrx_word' id='word_1_79' title='bbox 399 1466 465 1512; x_wconf 91' lang='lat' dir='ltr'>non</span> <span class='ocrx_word' id='word_1_80' title='bbox 490 1444 534 1512; x_wconf 85' lang='lat' dir='ltr'>ad</span> <span class='ocrx_word' id='word_1_81' title='bbox 559 1445 703 1535; x_wconf 85' lang='lat' dir='ltr'>primam</span> <span class='ocrx_word' id='word_1_82' title='bbox 728 1445 960 1533; x_wconf 83' lang='lat' dir='ltr'>cognitionem</span> <span class='ocrx_word' id='word_1_83' title='bbox 984 1443 1205 1527; x_wconf 88' lang='lat' dir='ltr'>existentiae,</span> <span class='ocrx_word' id='word_1_84' title='bbox 1225 1441 1285 1510; x_wconf 87' lang='lat' dir='ltr'>sed</span> 
     </span>
     <span class='ocr_line' id='line_1_12' title="bbox 112 1549 1285 1642; baseline -0.002 -25"><span class='ocrx_word' id='word_1_85' title='bbox 112 1549 153 1617; x_wconf 75' lang='lat' dir='ltr'>nd</span> <span class='ocrx_word' id='word_1_86' title='bbox 182 1550 425 1640; x_wconf 86' lang='lat' dir='ltr'>expolitiorem</span> <span class='ocrx_word' id='word_1_87' title='bbox 456 1552 687 1642; x_wconf 82' lang='lat' dir='ltr'>cognitionem</span> <span class='ocrx_word' id='word_1_88' title='bbox 723 1550 946 1640; x_wconf 83' lang='lat' dir='ltr'>perfectionis</span> <span class='ocrx_word' id='word_1_89' title='bbox 974 1561 1012 1619; x_wconf 90' lang='lat' dir='ltr'>et</span> <span class='ocrx_word' id='word_1_90' title='bbox 1034 1550 1285 1618; x_wconf 83' lang='lat' dir='ltr'>attributorum</span> 
     </span>
    </p>
   </div>
   <div class='ocr_carea' id='block_1_4' title="bbox 114 1657 1286 1854">
    <p class='ocr_par' dir='ltr' id='par_1_5' title="bbox 114 1657 1286 1854">
     <span class='ocr_line' id='line_1_13' title="bbox 114 1657 1286 1748; baseline -0.002 -22"><span class='ocrx_word' id='word_1_91' title='bbox 114 1657 185 1726; x_wconf 85' lang='lat' dir='ltr'>Dei.</span> <span class='ocrx_word' id='word_1_92' title='bbox 205 1657 337 1727; x_wconf 83' lang='lat' dir='ltr'>Verum</span> <span class='ocrx_word' id='word_1_93' title='bbox 354 1659 397 1728; x_wconf 89' lang='lat' dir='ltr'>de</span> <span class='ocrx_word' id='word_1_94' title='bbox 413 1659 469 1726; x_wconf 87' lang='lat' dir='ltr'>bie</span> <span class='ocrx_word' id='word_1_95' title='bbox 485 1659 680 1748; x_wconf 88' lang='lat' dir='ltr'>disputatio</span> <span class='ocrx_word' id='word_1_96' title='bbox 695 1659 864 1748; x_wconf 88' lang='lat' dir='ltr'>prolixior</span> <span class='ocrx_word' id='word_1_97' title='bbox 879 1659 923 1725; x_wconf 84' lang='lat' dir='ltr'>ad</span> <span class='ocrx_word' id='word_1_98' title='bbox 940 1657 1194 1746; x_wconf 85' lang='lat' dir='ltr'>philosophiam</span> <span class='ocrx_word' id='word_1_99' title='bbox 1212 1677 1286 1746; x_wconf 91' lang='lat' dir='ltr'>per·</span> 
     </span>
     <span class='ocr_line' id='line_1_14' title="bbox 115 1762 1284 1854; baseline 0 -24"><span class='ocrx_word' id='word_1_100' title='bbox 115 1765 213 1834; x_wconf 83' lang='lat' dir='ltr'>tinet.</span> <span class='ocrx_word' id='word_1_101' title='bbox 239 1764 294 1834; x_wconf 78' lang='lat' dir='ltr'>cf.</span> <span class='ocrx_word' id='word_1_102' title='bbox 313 1765 520 1854; x_wconf 86' lang='lat' dir='ltr'>Hieronym.</span> <span class='ocrx_word' id='word_1_103' title='bbox 540 1767 576 1833; x_wconf 91' lang='lat' dir='ltr'>iu</span> <span class='ocrx_word' id='word_1_104' title='bbox 605 1765 685 1834; x_wconf 83' lang='lat' dir='ltr'>Gal.</span> <span class='ocrx_word' id='word_1_105' title='bbox 704 1765 734 1832; x_wconf 91' lang='lat' dir='ltr'>I.</span> <span class='ocrx_word' id='word_1_106' title='bbox 754 1765 795 1831; x_wconf 89' lang='grc' dir='ltr'>Τ.</span> <span class='ocrx_word' id='word_1_107' title='bbox 815 1765 897 1832; x_wconf 88' lang='lat' dir='ltr'>VII.</span> <span class='ocrx_word' id='word_1_108' title='bbox 927 1791 959 1853; x_wconf 89' lang='lat' dir='ltr'>p.</span> <span class='ocrx_word' id='word_1_109' title='bbox 985 1764 1074 1850; x_wconf 74' lang='lat'>3913</span> <span class='ocrx_word' id='word_1_110' title='bbox 1093 1762 1284 1852; x_wconf 81' lang='lat' dir='ltr'>&#39;Chrysost</span> 
     </span>
    </p>
   </div>
   <div class='ocr_carea' id='block_1_5' title="bbox 116 1871 1285 2044">
    <p class='ocr_par' dir='ltr' id='par_1_6' title="bbox 116 1871 1285 2044">
     <span class='ocr_line' id='line_1_15' title="bbox 116 1871 1285 2043; baseline -0.003 -103"><span class='ocrx_word' id='word_1_111' title='bbox 116 1873 442 2043; x_wconf 49' lang='lat' dir='ltr'>idvffinddibatos</span> <span class='ocrx_word' id='word_1_112' title='bbox 465 1897 494 1942; x_wconf 92' lang='lat' dir='ltr'>c.</span> <span class='ocrx_word' id='word_1_113' title='bbox 521 1874 554 1940; x_wconf 78' lang='grc'>8.</span> <span class='ocrx_word' id='word_1_114' title='bbox 587 1874 629 1942; x_wconf 83' lang='grc' dir='ltr'>Τ.</span> <span class='ocrx_word' id='word_1_115' title='bbox 648 1873 715 1940; x_wconf 90' lang='grc' dir='ltr'>ΙΠ.</span> <span class='ocrx_word' id='word_1_116' title='bbox 746 1897 779 1962; x_wconf 94' lang='lat' dir='ltr'>p.</span> <span class='ocrx_word' id='word_1_117' title='bbox 811 1873 905 1980; x_wconf 62' lang='lat'>4823</span> <span class='ocrx_word' id='word_1_118' title='bbox 937 1872 1128 1941; x_wconf 71' lang='lat' dir='ltr'>constitut.</span> <span class='ocrx_word' id='word_1_119' title='bbox 1163 1871 1285 1961; x_wconf 89' lang='lat' dir='ltr'>Apost.</span> 
     </span>
     <span class='ocr_line' id='line_1_16' title="bbox 131 2001 384 2044; baseline 0.008 -2"><span class='ocrx_word' id='word_1_120' title='bbox 131 2027 137 2042; x_wconf 93' lang='lat'>.</span> <span class='ocrx_word' id='word_1_121' title='bbox 250 2001 308 2044; x_wconf 93' lang='lat' dir='ltr'>.c.</span> <span class='ocrx_word' id='word_1_122' title='bbox 376 2028 384 2044; x_wconf 96' lang='lat'>.</span> 
     </span>
    </p>
   </div>
   <div class='ocr_carea' id='block_1_6' title="bbox 592 2199 811 2258">
    <p class='ocr_par' dir='ltr' id='par_1_7' title="bbox 592 2199 811 2258">
     <span class='ocr_line' id='line_1_17' title="bbox 592 2199 811 2258; baseline 0.009 -4"><span class='ocrx_word' id='word_1_123' title='bbox 592 2199 736 2258; x_wconf 73' lang='lat' dir='ltr'>russis</span> <span class='ocrx_word' id='word_1_124' title='bbox 760 2200 811 2258; x_wconf 94' lang='lat' dir='ltr'>lV.</span> 
     </span>
    </p>
   </div>
   <div class='ocr_carea' id='block_1_7' title="bbox 242 2359 1162 2534">
    <p class='ocr_par' dir='ltr' id='par_1_8' title="bbox 242 2359 1162 2534">
     <span class='ocr_line' id='line_1_18' title="bbox 242 2359 1162 2436; baseline 0.001 -22"><span class='ocrx_word' id='word_1_125' title='bbox 242 2359 442 2419; x_wconf 71' lang='lat' dir='ltr'>vindicatur</span> <span class='ocrx_word' id='word_1_126' title='bbox 464 2359 553 2420; x_wconf 80' lang='lat' dir='ltr'>Rom.</span> <span class='ocrx_word' id='word_1_127' title='bbox 576 2359 623 2419; x_wconf 89' lang='lat' dir='ltr'>II.</span> <span class='ocrx_word' id='word_1_128' title='bbox 651 2363 881 2436; x_wconf 81' lang='lat' dir='ltr'>interpretatio</span> <span class='ocrx_word' id='word_1_129' title='bbox 909 2361 948 2419; x_wconf 87' lang='lat' dir='ltr'>de</span> <span class='ocrx_word' id='word_1_130' title='bbox 977 2359 1162 2436; x_wconf 73' lang='lat' dir='ltr'>infidelibus</span> 
     </span>
     <span class='ocr_line' id='line_1_19' title="bbox 323 2457 1078 2534; baseline -0.003 -17"><span class='ocrx_word' id='word_1_131' title='bbox 323 2467 355 2517; x_wconf 86' lang='lat' dir='ltr'>et</span> <span class='ocrx_word' id='word_1_132' title='bbox 376 2457 415 2517; x_wconf 88' lang='lat' dir='ltr'>de</span> <span class='ocrx_word' id='word_1_133' title='bbox 435 2461 598 2518; x_wconf 81' lang='lat' dir='ltr'>rationali</span> <span class='ocrx_word' id='word_1_134' title='bbox 618 2461 806 2534; x_wconf 69' lang='lat' dir='ltr'>cognitione</span> <span class='ocrx_word' id='word_1_135' title='bbox 828 2461 907 2534; x_wconf 76' lang='lat' dir='ltr'>lepis</span> <span class='ocrx_word' id='word_1_136' title='bbox 928 2465 1078 2516; x_wconf 81' lang='lat' dir='ltr'>naturae.</span> 
     </span>
    </p>
   </div>
   <div class='ocr_carea' id='block_1_8' title="bbox 125 2663 1294 3188">
    <p class='ocr_par' dir='ltr' id='par_1_9' title="bbox 125 2663 1294 3188">
     <span class='ocr_line' id='line_1_20' title="bbox 171 2663 1292 2738; baseline -0.011 -13"><span class='ocrx_word' id='word_1_137' title='bbox 171 2669 361 2725; x_wconf 71' lang='lat' dir='ltr'>sonneensns</span> <span class='ocrx_word' id='word_1_138' title='bbox 381 2674 413 2724; x_wconf 90' lang='lat' dir='ltr'>in</span> <span class='ocrx_word' id='word_1_139' title='bbox 432 2672 672 2738; x_wconf 81' lang='lat' dir='ltr'>interpretatione</span> <span class='ocrx_word' id='word_1_140' title='bbox 691 2673 789 2722; x_wconf 79' lang='lat' dir='ltr'>textus</span> <span class='ocrx_word' id='word_1_141' title='bbox 809 2669 888 2720; x_wconf 81' lang='lat' dir='ltr'>Rom.</span> <span class='ocrx_word' id='word_1_142' title='bbox 901 2667 939 2719; x_wconf 90' lang='lat'>11.</span> <span class='ocrx_word' id='word_1_143' title='bbox 958 2665 1114 2718; x_wconf 78' lang='lat' dir='ltr'>14.15.ln</span> <span class='ocrx_word' id='word_1_144' title='bbox 1133 2663 1236 2727; x_wconf 82' lang='lat' dir='ltr'>babet,</span> <span class='ocrx_word' id='word_1_145' title='bbox 1258 2667 1292 2714; x_wconf 89' lang='lat' dir='ltr'>ut</span> 
     </span>
     <span class='ocr_line' id='line_1_21' title="bbox 125 2754 1291 2823; baseline -0.008 -11"><span class='ocrx_word' id='word_1_146' title='bbox 125 2761 245 2814; x_wconf 64' lang='lat' dir='ltr'>wallus</span> <span class='ocrx_word' id='word_1_147' title='bbox 257 2760 310 2814; x_wconf 80' lang='lat' dir='ltr'>SS.</span> <span class='ocrx_word' id='word_1_148' title='bbox 320 2761 438 2815; x_wconf 85' lang='lat' dir='ltr'>Petrum</span> <span class='ocrx_word' id='word_1_149' title='bbox 456 2764 487 2813; x_wconf 88' lang='lat' dir='ltr'>et</span> <span class='ocrx_word' id='word_1_150' title='bbox 504 2763 633 2813; x_wconf 80' lang='lat' dir='ltr'>veterum</span> <span class='ocrx_word' id='word_1_151' title='bbox 648 2760 844 2823; x_wconf 72' lang='lat' dir='ltr'>theologorum</span> <span class='ocrx_word' id='word_1_152' title='bbox 866 2759 952 2810; x_wconf 84' lang='lat' dir='ltr'>etiem</span> <span class='ocrx_word' id='word_1_153' title='bbox 967 2757 1094 2820; x_wconf 86' lang='lat' dir='ltr'>illorum,</span> <span class='ocrx_word' id='word_1_154' title='bbox 1110 2754 1161 2820; x_wconf 87' lang='lat' dir='ltr'>qui</span> <span class='ocrx_word' id='word_1_155' title='bbox 1174 2767 1209 2805; x_wconf 81' lang='lat' dir='ltr'>ex</span> <span class='ocrx_word' id='word_1_156' title='bbox 1221 2765 1291 2805; x_wconf 84' lang='lat' dir='ltr'>com·</span> 
     </span>
     <span class='ocr_line' id='line_1_22' title="bbox 126 2843 1292 2918; baseline -0.009 -14"><span class='ocrx_word' id='word_1_157' title='bbox 126 2852 301 2906; x_wconf 60' lang='lat' dir='ltr'>’nectutis</span> <span class='ocrx_word' id='word_1_158' title='bbox 321 2851 398 2904; x_wconf 81' lang='lat' dir='ltr'>Eetil</span> <span class='ocrx_word' id='word_1_159' title='bbox 417 2867 468 2918; x_wconf 89' lang='lat' dir='ltr'>pro</span> <span class='ocrx_word' id='word_1_160' title='bbox 486 2852 609 2905; x_wconf 72' lang='lat' dir='ltr'>adversa</span> <span class='ocrx_word' id='word_1_161' title='bbox 628 2851 774 2905; x_wconf 84' lang='lat' dir='ltr'>sententia</span> <span class='ocrx_word' id='word_1_162' title='bbox 793 2852 934 2914; x_wconf 79' lang='lat' dir='ltr'>citantur,</span> <span class='ocrx_word' id='word_1_163' title='bbox 954 2847 1083 2900; x_wconf 86' lang='lat' dir='ltr'>docuerit</span> <span class='ocrx_word' id='word_1_164' title='bbox 1105 2846 1195 2897; x_wconf 87' lang='lat' dir='ltr'>locum</span> <span class='ocrx_word' id='word_1_165' title='bbox 1220 2843 1292 2909; x_wconf 82' lang='lat' dir='ltr'>Apo·</span> 
     </span>
     <span class='ocr_line' id='line_1_23' title="bbox 127 2935 1293 3007; baseline -0.009 -13"><span class='ocrx_word' id='word_1_166' title='bbox 127 2943 216 2994; x_wconf 71' lang='lat' dir='ltr'>vetuli</span> <span class='ocrx_word' id='word_1_167' title='bbox 235 2957 295 2996; x_wconf 87' lang='lat' dir='ltr'>non</span> <span class='ocrx_word' id='word_1_168' title='bbox 315 2941 350 2994; x_wconf 85' lang='lat' dir='ltr'>ds</span> <span class='ocrx_word' id='word_1_169' title='bbox 375 2941 510 3007; x_wconf 86' lang='lat' dir='ltr'>gentibue</span> <span class='ocrx_word' id='word_1_170' title='bbox 530 2941 705 3006; x_wconf 80' lang='lat' dir='ltr'>infidelibus,</span> <span class='ocrx_word' id='word_1_171' title='bbox 727 2939 776 2992; x_wconf 87' lang='lat' dir='ltr'>sed</span> <span class='ocrx_word' id='word_1_172' title='bbox 795 2939 829 2992; x_wconf 90' lang='lat' dir='ltr'>de</span> <span class='ocrx_word' id='word_1_173' title='bbox 849 2940 920 2992; x_wconf 86' lang='lat' dir='ltr'>solis</span> <span class='ocrx_word' id='word_1_174' title='bbox 944 2937 1077 2989; x_wconf 84' lang='lat' dir='ltr'>fidelihus</span> <span class='ocrx_word' id='word_1_175' title='bbox 1096 2935 1174 2986; x_wconf 90' lang='lat' dir='ltr'>intcr</span> <span class='ocrx_word' id='word_1_176' title='bbox 1193 2936 1293 2998; x_wconf 78' lang='lat' dir='ltr'>gentes</span> 
     </span>
     <span class='ocr_line' id='line_1_24' title="bbox 128 3019 1294 3098; baseline -0.007 -16"><span class='ocrx_word' id='word_1_177' title='bbox 128 3029 248 3084; x_wconf 82' lang='lat' dir='ltr'>·debsre</span> <span class='ocrx_word' id='word_1_178' title='bbox 269 3031 412 3098; x_wconf 84' lang='lat' dir='ltr'>intelligi;</span> <span class='ocrx_word' id='word_1_179' title='bbox 434 3035 485 3084; x_wconf 78' lang='lat' dir='ltr'>eut</span> <span class='ocrx_word' id='word_1_180' title='bbox 501 3031 651 3097; x_wconf 73' lang='lat' dir='ltr'>negaverit</span> <span class='ocrx_word' id='word_1_181' title='bbox 670 3031 805 3083; x_wconf 83' lang='lat' dir='ltr'>notitiam</span> <span class='ocrx_word' id='word_1_182' title='bbox 826 3029 900 3094; x_wconf 85' lang='lat' dir='ltr'>legis</span> <span class='ocrx_word' id='word_1_183' title='bbox 920 3025 1073 3092; x_wconf 83' lang='lat' dir='ltr'>naturalis,</span> <span class='ocrx_word' id='word_1_184' title='bbox 1096 3039 1167 3090; x_wconf 81' lang='lat' dir='ltr'>quse</span> <span class='ocrx_word' id='word_1_185' title='bbox 1187 3021 1229 3074; x_wconf 93' lang='lat' dir='ltr'>ibi</span> <span class='ocrx_word' id='word_1_186' title='bbox 1248 3019 1294 3074; x_wconf 84' lang='lat' dir='ltr'>ds·</span> 
     </span>
     <span class='ocr_line' id='line_1_25' title="bbox 129 3113 1294 3188; baseline -0.007 -14"><span class='ocrx_word' id='word_1_187' title='bbox 129 3139 139 3160; x_wconf 66' lang='grc' dir='ltr'><strong>ι</strong></span> <span class='ocrx_word' id='word_1_188' title='bbox 152 3123 297 3188; x_wconf 83' lang='lat' dir='ltr'>scribitur,</span> <span class='ocrx_word' id='word_1_189' title='bbox 313 3137 376 3175; x_wconf 88' lang='lat' dir='ltr'>esse</span> <span class='ocrx_word' id='word_1_190' title='bbox 390 3122 562 3188; x_wconf 85' lang='lat' dir='ltr'>ecquisitam</span> <span class='ocrx_word' id='word_1_191' title='bbox 575 3123 682 3174; x_wconf 88' lang='lat' dir='ltr'>lumine</span> <span class='ocrx_word' id='word_1_192' title='bbox 696 3121 821 3173; x_wconf 85' lang='lat' dir='ltr'>rationis</span> <span class='ocrx_word' id='word_1_193' title='bbox 834 3119 908 3171; x_wconf 85' lang='lat' dir='ltr'>citrs</span> <span class='ocrx_word' id='word_1_194' title='bbox 927 3117 1087 3170; x_wconf 84' lang='lat' dir='ltr'>subsidium</span> <span class='ocrx_word' id='word_1_195' title='bbox 1105 3113 1294 3168; x_wconf 79' lang='lat' dir='ltr'>revelationle</span> 
     </span>
    </p>
   </div>
   <div class='ocr_carea' id='block_1_9' title="bbox 130 3205 1295 3458">
    <p class='ocr_par' dir='ltr' id='par_1_10' title="bbox 130 3205 1295 3458">
     <span class='ocr_line' id='line_1_26' title="bbox 130 3205 1293 3280; baseline -0.009 -16"><span class='ocrx_word' id='word_1_196' title='bbox 130 3213 238 3280; x_wconf 74' lang='lat' dir='ltr'>·ipesnr</span> <span class='ocrx_word' id='word_1_197' title='bbox 258 3215 352 3278; x_wconf 85' lang='lat' dir='ltr'>legem</span> <span class='ocrx_word' id='word_1_198' title='bbox 371 3213 570 3279; x_wconf 83' lang='lat' dir='ltr'>proponentis.</span> <span class='ocrx_word' id='word_1_199' title='bbox 589 3211 688 3278; x_wconf 77' lang='lat' dir='ltr'>Neque</span> <span class='ocrx_word' id='word_1_200' title='bbox 716 3210 809 3277; x_wconf 86' lang='lat' dir='ltr'>pluris</span> <span class='ocrx_word' id='word_1_201' title='bbox 838 3213 907 3262; x_wconf 87' lang='lat' dir='ltr'>snut</span> <span class='ocrx_word' id='word_1_202' title='bbox 931 3211 1115 3272; x_wconf 84' lang='lat' dir='ltr'>argumente,</span> <span class='ocrx_word' id='word_1_203' title='bbox 1137 3205 1241 3270; x_wconf 84' lang='lat' dir='ltr'>quibus</span> <span class='ocrx_word' id='word_1_204' title='bbox 1260 3217 1293 3255; x_wconf 83' lang='lat' dir='ltr'>ex</span> 
     </span>
     <span class='ocr_line' id='line_1_27' title="bbox 131 3291 1294 3368; baseline -0.01 -14"><span class='ocrx_word' id='word_1_205' title='bbox 131 3307 286 3356; x_wconf 83' lang='lat' dir='ltr'>·eoutextu</span> <span class='ocrx_word' id='word_1_206' title='bbox 315 3299 417 3368; x_wconf 87' lang='lat' dir='ltr'>petitis</span> <span class='ocrx_word' id='word_1_207' title='bbox 442 3299 543 3352; x_wconf 83' lang='lat' dir='ltr'>Estiue</span> <span class='ocrx_word' id='word_1_208' title='bbox 568 3298 738 3366; x_wconf 74' lang='lat' dir='ltr'>persuadere</span> <span class='ocrx_word' id='word_1_209' title='bbox 758 3297 868 3364; x_wconf 82' lang='lat' dir='ltr'>voluit,</span> <span class='ocrx_word' id='word_1_210' title='bbox 893 3296 952 3348; x_wconf 76' lang='lat' dir='ltr'>ude</span> <span class='ocrx_word' id='word_1_211' title='bbox 978 3294 1049 3347; x_wconf 88' lang='lat' dir='ltr'>solie</span> <span class='ocrx_word' id='word_1_212' title='bbox 1073 3293 1206 3346; x_wconf 82' lang='lat' dir='ltr'>fidelibus</span> <span class='ocrx_word' id='word_1_213' title='bbox 1234 3291 1294 3344; x_wconf 81' lang='lat' dir='ltr'>sive</span> 
     </span>
     <span class='ocr_line' id='line_1_28' title="bbox 132 3380 1295 3458; baseline -0.013 -12"><span class='ocrx_word' id='word_1_214' title='bbox 132 3391 261 3446; x_wconf 67' lang='lat' dir='ltr'>vehrlett</span> <span class='ocrx_word' id='word_1_215' title='bbox 282 3387 492 3458; x_wconf 79' lang='lat' dir='ltr'>praecesserint</span> <span class='ocrx_word' id='word_1_216' title='bbox 504 3387 660 3440; x_wconf 75' lang='lat' dir='ltr'>adveutum</span> <span class='ocrx_word' id='word_1_217' title='bbox 674 3386 736 3438; x_wconf 82' lang='lat' dir='ltr'>sive</span> <span class='ocrx_word' id='word_1_218' title='bbox 755 3385 847 3438; x_wconf 83' lang='lat' dir='ltr'>secuti</span> <span class='ocrx_word' id='word_1_219' title='bbox 866 3385 936 3448; x_wconf 85' lang='lat' dir='ltr'>sint,</span> <span class='ocrx_word' id='word_1_220' title='bbox 951 3405 962 3430; x_wconf 77' lang='lat' dir='ltr'>e</span> <span class='ocrx_word' id='word_1_221' title='bbox 978 3383 1066 3434; x_wconf 82' lang='lat' dir='ltr'>verbe</span> <span class='ocrx_word' id='word_1_222' title='bbox 1083 3380 1215 3448; x_wconf 79' lang='lat' dir='ltr'>Apostoli</span> <span class='ocrx_word' id='word_1_223' title='bbox 1234 3393 1295 3432; x_wconf 82' lang='lat' dir='ltr'>eme</span> 
     </span>
    </p>
   </div>
   <div class='ocr_carea' id='block_1_10' title="bbox 132 3479 382 3547">
    <p class='ocr_par' dir='ltr' id='par_1_11' title="bbox 132 3479 382 3547">
     <span class='ocr_line' id='line_1_29' title="bbox 132 3479 382 3547; baseline 0.004 -15"><span class='ocrx_word' id='word_1_224' title='bbox 132 3479 355 3547; x_wconf 71' lang='lat' dir='ltr'>·intelligends.</span> <span class='ocrx_word' id='word_1_225' title='bbox 371 3501 382 3526; x_wconf 75' lang='grc' dir='ltr'><strong>ι</strong></span> 
     </span>
    </p>
   </div>
   <div class='ocr_carea' id='block_1_11' title="bbox 134 3693 1341 4539">
    <p class='ocr_par' dir='ltr' id='par_1_12' title="bbox 134 3693 1341 4539">
     <span class='ocr_line' id='line_1_30' title="bbox 188 3693 1341 3800; baseline -0.02 -20"><span class='ocrx_word' id='word_1_226' title='bbox 188 3711 236 3780; x_wconf 87' lang='lat' dir='ltr'>Ut</span> <span class='ocrx_word' id='word_1_227' title='bbox 257 3717 376 3778; x_wconf 85' lang='lat' dir='ltr'>status</span> <span class='ocrx_word' id='word_1_228' title='bbox 399 3705 615 3800; x_wconf 82' lang='lat' dir='ltr'>quaestionis</span> <span class='ocrx_word' id='word_1_229' title='bbox 630 3703 832 3782; x_wconf 87' lang='lat' dir='ltr'>definiatur,</span> <span class='ocrx_word' id='word_1_230' title='bbox 851 3699 981 3786; x_wconf 87' lang='lat' dir='ltr'>triplex</span> <span class='ocrx_word' id='word_1_231' title='bbox 999 3693 1226 3765; x_wconf 85' lang='lat' dir='ltr'>discernenda</span> <span class='ocrx_word' id='word_1_232' title='bbox 1243 3696 1298 3759; x_wconf 90' lang='lat' dir='ltr'>est</span> <span class='ocrx_word' id='word_1_233' title='bbox 1339 3711 1341 3718; x_wconf 58' lang='lat'>‘</span> 
     </span>
     <span class='ocr_line' id='line_1_31' title="bbox 134 3799 1296 3908; baseline -0.02 -20"><span class='ocrx_word' id='word_1_234' title='bbox 134 3821 293 3908; x_wconf 80' lang='lat' dir='ltr'>quaestio.</span> <span class='ocrx_word' id='word_1_235' title='bbox 313 3816 446 3899; x_wconf 73' lang='lat' dir='ltr'>Quaeri</span> <span class='ocrx_word' id='word_1_236' title='bbox 468 3813 558 3882; x_wconf 90' lang='lat' dir='ltr'>euim</span> <span class='ocrx_word' id='word_1_237' title='bbox 583 3817 708 3902; x_wconf 89' lang='lat' dir='ltr'>potest,</span> <span class='ocrx_word' id='word_1_238' title='bbox 736 3808 769 3876; x_wconf 81' lang='lat'>1⁰</span> <span class='ocrx_word' id='word_1_239' title='bbox 786 3814 903 3875; x_wconf 91' lang='lat' dir='ltr'>utrum</span> <span class='ocrx_word' id='word_1_240' title='bbox 928 3809 1049 3894; x_wconf 85' lang='lat' dir='ltr'>gentes</span> <span class='ocrx_word' id='word_1_241' title='bbox 1079 3824 1147 3868; x_wconf 91' lang='lat' dir='ltr'>non</span> <span class='ocrx_word' id='word_1_242' title='bbox 1170 3799 1296 3866; x_wconf 87' lang='lat' dir='ltr'>haben·</span> 
     </span>
     <span class='ocr_line' id='line_1_32' title="bbox 134 3906 1297 4016; baseline -0.021 -22"><span class='ocrx_word' id='word_1_243' title='bbox 134 3931 181 3993; x_wconf 83' lang='lat' dir='ltr'>tes</span> <span class='ocrx_word' id='word_1_244' title='bbox 200 3925 311 4016; x_wconf 87' lang='lat' dir='ltr'>legem</span> <span class='ocrx_word' id='word_1_245' title='bbox 335 3923 373 3992; x_wconf 88' lang='lat' dir='ltr'>in</span> <span class='ocrx_word' id='word_1_246' title='bbox 395 3922 461 3990; x_wconf 91' lang='lat' dir='ltr'>hoc</span> <span class='ocrx_word' id='word_1_247' title='bbox 484 3919 587 3990; x_wconf 89' lang='lat' dir='ltr'>Pauli</span> <span class='ocrx_word' id='word_1_248' title='bbox 610 3919 684 3986; x_wconf 92' lang='lat' dir='ltr'>loco</span> <span class='ocrx_word' id='word_1_249' title='bbox 706 3913 957 4002; x_wconf 86' lang='lat' dir='ltr'>intelligantur</span> <span class='ocrx_word' id='word_1_250' title='bbox 981 3909 1048 3978; x_wconf 89' lang='lat' dir='ltr'>soli</span> <span class='ocrx_word' id='word_1_251' title='bbox 1074 3907 1192 3976; x_wconf 88' lang='lat' dir='ltr'>fideles</span> <span class='ocrx_word' id='word_1_252' title='bbox 1205 3906 1297 3972; x_wconf 89' lang='lat' dir='ltr'>inter</span> 
     </span>
     <span class='ocr_line' id='line_1_33' title="bbox 137 4016 1298 4120; baseline -0.022 -20"><span class='ocrx_word' id='word_1_253' title='bbox 137 4041 245 4118; x_wconf 81' lang='lat' dir='ltr'>gentes</span> <span class='ocrx_word' id='word_1_254' title='bbox 267 4033 306 4100; x_wconf 95' lang='lat' dir='ltr'>in</span> <span class='ocrx_word' id='word_1_255' title='bbox 330 4029 546 4120; x_wconf 84' lang='lat' dir='ltr'>oppositione</span> <span class='ocrx_word' id='word_1_256' title='bbox 562 4025 606 4093; x_wconf 91' lang='lat' dir='ltr'>ad</span> <span class='ocrx_word' id='word_1_257' title='bbox 624 4023 782 4104; x_wconf 85' lang='lat' dir='ltr'>Iudaeos,</span> <span class='ocrx_word' id='word_1_258' title='bbox 801 4027 842 4088; x_wconf 90' lang='lat' dir='ltr'>ut</span> <span class='ocrx_word' id='word_1_259' title='bbox 858 4021 1061 4109; x_wconf 78' lang='lat' dir='ltr'>frequenter</span> <span class='ocrx_word' id='word_1_260' title='bbox 1076 4016 1298 4102; x_wconf 88' lang='lat' dir='ltr'>opponuntur</span> 
     </span>
     <span class='ocr_line' id='line_1_34' title="bbox 139 4125 1298 4216; baseline -0.016 -14"><span class='ocrx_word' id='word_1_261' title='bbox 139 4133 245 4206; x_wconf 86' lang='lat' dir='ltr'>ludaei</span> <span class='ocrx_word' id='word_1_262' title='bbox 268 4144 306 4206; x_wconf 87' lang='lat' dir='ltr'>et</span> <span class='ocrx_word' id='word_1_263' title='bbox 329 4135 468 4216; x_wconf 83' lang='lat' dir='ltr'>Graeci,</span> <span class='ocrx_word' id='word_1_264' title='bbox 487 4130 705 4201; x_wconf 90' lang='lat' dir='ltr'>circumcisio</span> <span class='ocrx_word' id='word_1_265' title='bbox 728 4134 764 4195; x_wconf 87' lang='lat' dir='ltr'>et</span> <span class='ocrx_word' id='word_1_266' title='bbox 788 4125 1006 4215; x_wconf 88' lang='lat' dir='ltr'>praeputium</span> <span class='ocrx_word' id='word_1_267' title='bbox 1031 4129 1113 4205; x_wconf 87' lang='lat' dir='ltr'>etc.;</span> <span class='ocrx_word' id='word_1_268' title='bbox 1139 4143 1206 4187; x_wconf 92' lang='lat' dir='ltr'>non</span> <span class='ocrx_word' id='word_1_269' title='bbox 1238 4139 1298 4184; x_wconf 85' lang='lat' dir='ltr'>au·</span> 
     </span>
     <span class='ocr_line' id='line_1_35' title="bbox 140 4223 1299 4335; baseline -0.018 -24"><span class='ocrx_word' id='word_1_270' title='bbox 140 4249 199 4310; x_wconf 80' lang='lat' dir='ltr'>tem</span> <span class='ocrx_word' id='word_1_271' title='bbox 220 4245 353 4335; x_wconf 84' lang='lat' dir='ltr'>possint</span> <span class='ocrx_word' id='word_1_272' title='bbox 376 4239 532 4328; x_wconf 88' lang='lat' dir='ltr'>intelligi</span> <span class='ocrx_word' id='word_1_273' title='bbox 557 4239 633 4306; x_wconf 84' lang='lat' dir='ltr'>eive</span> <span class='ocrx_word' id='word_1_274' title='bbox 668 4235 733 4304; x_wconf 89' lang='lat' dir='ltr'>soli</span> <span class='ocrx_word' id='word_1_275' title='bbox 756 4232 932 4314; x_wconf 87' lang='lat' dir='ltr'>infideles,</span> <span class='ocrx_word' id='word_1_276' title='bbox 966 4229 1041 4296; x_wconf 86' lang='lat' dir='ltr'>sive</span> <span class='ocrx_word' id='word_1_277' title='bbox 1065 4223 1299 4296; x_wconf 86' lang='lat' dir='ltr'>indistinctim</span> 
     </span>
     <span class='ocr_line' id='line_1_36' title="bbox 143 4329 1298 4430; baseline -0.019 -11"><span class='ocrx_word' id='word_1_278' title='bbox 143 4357 206 4418; x_wconf 85' lang='lat' dir='ltr'>tum</span> <span class='ocrx_word' id='word_1_279' title='bbox 229 4349 386 4420; x_wconf 86' lang='lat' dir='ltr'>infideles</span> <span class='ocrx_word' id='word_1_280' title='bbox 409 4355 483 4418; x_wconf 91' lang='lat' dir='ltr'>tum</span> <span class='ocrx_word' id='word_1_281' title='bbox 501 4345 558 4414; x_wconf 93' lang='lat' dir='ltr'>illi</span> <span class='ocrx_word' id='word_1_282' title='bbox 574 4343 694 4414; x_wconf 86' lang='lat' dir='ltr'>fideles</span> <span class='ocrx_word' id='word_1_283' title='bbox 710 4344 747 4411; x_wconf 92' lang='lat' dir='ltr'>in</span> <span class='ocrx_word' id='word_1_284' title='bbox 763 4342 841 4430; x_wconf 90' lang='lat' dir='ltr'>lege</span> <span class='ocrx_word' id='word_1_285' title='bbox 856 4345 1017 4419; x_wconf 85' lang='lat' dir='ltr'>naturae,</span> <span class='ocrx_word' id='word_1_286' title='bbox 1036 4335 1096 4427; x_wconf 90' lang='lat' dir='ltr'>qui</span> <span class='ocrx_word' id='word_1_287' title='bbox 1114 4329 1298 4402; x_wconf 87' lang='lat' dir='ltr'>sufficienti</span> 
     </span>
     <span class='ocr_line' id='line_1_37' title="bbox 144 4442 1297 4539; baseline -0.018 -12"><span class='ocrx_word' id='word_1_288' title='bbox 144 4455 202 4526; x_wconf 78' lang='lat' dir='ltr'>ide</span> <span class='ocrx_word' id='word_1_289' title='bbox 220 4459 255 4526; x_wconf 92' lang='lat' dir='ltr'>in</span> <span class='ocrx_word' id='word_1_290' title='bbox 277 4459 388 4528; x_wconf 86' lang='lat' dir='ltr'>Deum</span> <span class='ocrx_word' id='word_1_291' title='bbox 413 4461 449 4524; x_wconf 88' lang='lat' dir='ltr'>et</span> <span class='ocrx_word' id='word_1_292' title='bbox 475 4457 510 4522; x_wconf 90' lang='lat' dir='ltr'>in</span> <span class='ocrx_word' id='word_1_293' title='bbox 543 4453 804 4539; x_wconf 89' lang='lat' dir='ltr'>Redemptorem</span> <span class='ocrx_word' id='word_1_294' title='bbox 838 4449 995 4514; x_wconf 89' lang='lat' dir='ltr'>futurum</span> <span class='ocrx_word' id='word_1_295' title='bbox 1028 4442 1153 4510; x_wconf 88' lang='lat' dir='ltr'>imbuti</span> <span class='ocrx_word' id='word_1_296' title='bbox 1184 4447 1297 4506; x_wconf 87' lang='lat' dir='ltr'>erant.</span> 
     </span>
    </p>
   </div>
   <div class='ocr_carea' id='block_1_12' title="bbox 0 0 1730 5056">
    <p class='ocr_par' dir='ltr' id='par_1_13' title="bbox 0 0 1730 5056">
     <span class='ocr_line' id='line_1_38' title="bbox 0 0 1730 5056; baseline 0 0"><span class='ocrx_word' id='word_1_297' title='bbox 0 0 1730 5056; x_wconf 95' lang='lat' dir='ltr'> </span> 
     </span>
    </p>
   </div>
  </div>
 </body>
</html>
