3292 5062
891 371 930 386 ..
954 339 1013 400 123
1033 371 1072 385 -

397 447 573 541 Apostoli,
588 447 642 517 sit
655 446 849 537 Gregorius
862 445 972 536 Nysa.
988 449 1110 516 contra
1120 441 1358 514 Eunom.XII.
1369 439 1584 533 paleato.

398 557 495 626 Tem.
514 555 563 641 H,
585 555 720 624 «Deum
738 554 959 646 perspicuum
982 559 1019 622 et
1040 559 1161 622 notum
1185 551 1355 620 facientes
1372 548 1588 617 hominibus

395 687 438 733 ex
462 663 683 732 mirabilibus
707 685 796 755 quaa
819 663 858 730 in
881 664 958 731 eius
974 661 1137 752 operibus
1153 659 1304 744 elucent,
1323 664 1360 727 et
1374 657 1588 726 nominibus

396 773 523 864 quibus
546 771 687 841 divinae
711 770 860 840 virtutis
884 769 1041 840 varietas
1065 767 1309 857 intelligitur,
1333 766 1379 834 ad
1402 765 1589 855 cognitio-

395 903 473 950 nem
497 880 638 950 divinae
671 885 819 948 naturas
850 878 1112 961 manuducnnt,
1137 875 1435 965 magnificentiam
1459 873 1587 942 solum

396 1008 624 1079 eorumquae
648 985 743 1056 circa
764 987 875 1056 Deum
899 985 1166 1055 considerantur
1194 983 1256 1072 (1),
1281 981 1483 1050 hominibus
1507 1002 1589 1048 ma-

397 1095 629 1181 nifestantes3
655 1093 827 1162 essentiae
858 1099 974 1162 autem
1008 1092 1203 1176 rationem,
1228 1093 1350 1179 utpote
1384 1110 1474 1180 quae
1499 1087 1589 1178 capi

396 1225 464 1270 non
488 1206 617 1291 posset,
643 1201 857 1270 ineffabilem
880 1206 916 1269 et
938 1197 1298 1290 impervestigabilem
1314 1196 1583 1266 dimiserunt...

399 1309 438 1380 si
462 1309 552 1378 enim
576 1309 716 1376 nomina
739 1308 859 1401 aliqua
880 1308 925 1377 ad
941 1306 1210 1377 declarationem
1233 1306 1375 1375 divinae
1403 1304 1587 1395 cognitio-

398 1415 455 1486 nis
478 1415 682 1502 didicimus,
709 1415 794 1486 haec
817 1415 932 1484 omnia
955 1415 1216 1482 commonionem
1239 1413 1363 1481 latent
1394 1427 1427 1480 ct
1454 1413 1587 1481 analo·

397 1526 494 1614 piam
509 1546 588 1593 cum
604 1523 804 1592 huiusmodi
819 1523 1029 1608 nominibus,
1048 1545 1136 1615 quas
1153 1523 1402 1612 proprietatem
1417 1519 1586 1590 hominis

398 1631 586 1722 designant
589 1681 657 1701 .....
684 1630 810 1700 Omnes
840 1653 942 1700 voces
966 1653 1013 1699 ss.
1041 1630 1308 1720 scripturarum
1330 1628 1375 1698 ad
1399 1627 1588 1718 glorifica-

398 1739 527 1810 tionem
543 1739 698 1809 divinam
714 1739 879 1810 inventae
895 1737 1031 1831 aliquid
1048 1760 1166 1806 eorum
1188 1737 1359 1822 indicant,
1378 1759 1466 1828 quae
1484 1737 1589 1806 circa

398 1847 510 1916 Deum
525 1847 818 1934 manifestantur,
838 1847 1055 1917 continentes
1078 1845 1240 1936 singulae
1263 1845 1440 1936 propriam
1464 1844 1585 1934 signi-

399 1956 595 2026 ficationem
622 1955 686 2044 (2),
712 1979 773 2048 pcr
796 1979 895 2050 quas,
921 1955 980 2026 vel
1003 1955 1094 2047 quod
1118 1961 1240 2045 potens
1262 1960 1317 2024 cst
1339 1953 1397 2024 vel
1419 1953 1587 2025 defectus

399 2064 548 2154 incapax
571 2063 629 2133 val
652 2086 721 2133 non
742 2087 784 2134 ex
801 2086 907 2134 causa
923 2063 1101 2156 aliqua...
1119 2063 1312 2150 edocemur,
1331 2061 1443 2151 ipsam
1458 2069 1585 2130 autem

399 2170 587 2240 assentiam
610 2175 669 2259 (nt
683 2173 721 2241 in
737 2195 773 2242 se
797 2177 878 2258 est),
897 2175 1019 2262 utpote
1042 2191 1130 2261 quae
1153 2168 1395 2264 intelligentia
1417 2168 1497 2259 oapi
1520 2191 1586 2237 ne·

401 2277 479 2370 quit
500 2283 537 2348 ct
560 2279 682 2348 verbis·
701 2284 757 2348 est
778 2279 982 2364 ineffabilis,
1008 2277 1083 2346 sine
1107 2276 1246 2346 curiosa
1269 2276 1498 2368 inquisitione
1526 2275 1585 2344 di·

401 2386 622 2456 miserunt.»

467 2494 574 2564 Porro
595 2495 681 2566 licet
696 2495 977 2566 communitatem
994 2499 1191 2584 conceptus,
1209 2493 1241 2562 si
1257 2493 1310 2562 ita
1323 2491 1421 2585 loqui
1436 2494 1493 2561 fas
1507 2497 1581 2577 est,

399 2601 616 2691 corrigamus
638 2604 760 2674 addita
781 2603 977 2694 negatione3
994 2602 1087 2688 inde,
1113 2603 1214 2672 aiunt
1228 2602 1362 2687 Patres,
1379 2600 1422 2669 iit
1437 2600 1584 2691 quidem

399 2715 440 2778 ut
462 2717 647 2803 conceptus
669 2713 719 2782 sit
740 2736 865 2798 verus,
889 2734 958 2780 non
981 2716 1116 2796 ιιιιιιιι,
1141 2715 1183 2779 ut
1204 2711 1316 2779 Deum
1338 2708 1504 2778 exhibeat
1526 2731 1585 2777 se·

399 2817 549 2886 cundum
566 2822 743 2911 propriam
759 2821 939 2905 rationem,
958 2819 1052 2889 sicut
1066 2818 1103 2887 in
1119 2841 1156 2887 se
1171 2824 1237 2887 est.
1257 2816 1483 2886 Continenter
1498 2825 1586 2906 post

399 2927 578 3014 superiora
593 2929 712 2998 subdit
720 2929 975 3000 Nazianzenus:
995 2949 1091 2998 cnon
1106 2925 1194 2995 satis
1208 2931 1263 2996 est
1278 2926 1392 2994 dicere
1407 2922 1495 3015 quid
1510 2948 1584 2990 non

398 3033 459 3115 sit,
484 3033 543 3103 sed
568 3035 628 3127 qui
652 3037 742 3106 velit
764 3037 841 3106 eius
864 3041 927 3129 pai
951 3050 998 3104 cst
1025 3033 1089 3124 (roo
1107 3031 1213 3122 ὄντος),
1237 3039 1402 3101 naturam
1429 3031 1584 3100 investi·

399 3159 495 3228 gare,
513 3141 618 3210 etism
633 3143 729 3214 dicat
743 3167 880 3214 necesse
896 3151 951 3215 ast
966 3143 1052 3238 quet
1066 3147 1128 3228 ιιι·
1144 3143 1205 3236 qui
1219 3143 1310 3211 enim
1333 3139 1444 3210 solum
1467 3161 1582 3208 anun-

399 3246 471 3316 tiat
501 3249 585 3340 quid
608 3273 676 3319 non
700 3251 771 3336 sit,
797 3252 960 3322 similiter
983 3252 1093 3338 facit,
1119 3251 1210 3320 acsi
1232 3249 1312 3342 quis
1334 3249 1582 3338 interrogatus

465 3471 508 3548 (1)
526 3474 602 3528 Ηιιι
618 3475 763 3542 expressio
783 3497 817 3528 τα
833 3497 891 3545 περι
911 3474 972 3529 isco
986 3475 1061 3544 spud
1078 3475 1134 3528 Pl’.
1146 3473 1383 3544 trsqnsntlssims
1395 3471 1473 3526 nibil
1494 3473 1580 3526 uliud

402 3565 547 3630 significat
559 3579 643 3631 quam
661 3565 715 3618 Del
733 3565 924 3634 perfectiones
943 3569 974 3620 ιι
986 3565 1130 3620 attributa
1148 3563 1302 3618 secundum
1315 3565 1446 3616 nostrum
1463 3561 1579 3617 modum

400 3653 580 3723 concipiendi
599 3655 794 3722 imperfectum
813 3659 844 3710 ιι
863 3655 1057 3723 analogicum,
1080 3657 1113 3708 ιιι
1137 3669 1185 3708 ιιι
1206 3668 1258 3721 par
1277 3652 1358 3708 ideas
1376 3667 1413 3706 ax
1432 3655 1581 3708 creaturis

401 3745 582 3813 depromptas
600 3745 815 3812 cogitamenta
828 3747 911 3800 velut
930 3745 1048 3800 divinas
1067 3727 1211 3799 esseutiae
1226 3743 1357 3798 accedero
1373 3747 1404 3796 ιι
1423 3743 1579 3798 inbsarsrs

401 3835 590 3903 concipimus,
611 3851 673 3889 cum
693 3837 837 3890 tamenin
858 3836 916 3888 Deo
939 3850 997 3889 uon
1015 3835 1074 3902 ita,
1095 3833 1146 3888 aad
1164 3833 1259 3887 omnia
1275 3833 1336 3886 sint
1356 3846 1443 3885 unum
1462 3837 1493 3886 ct
1512 3833 1580 3900 ipss

401 3925 517 3979 infinita
536 3925 751 3994 simplicissima
768 3927 904 3979 assentis.

464 4011 506 4087 (2)
524 4015 565 4069 Eo
584 4016 647 4083 ipso
667 4015 741 4083 quod
760 4017 877 4070 uomina
895 4015 1051 4081 designent
1072 4013 1262 4082 perfectiones
1279 4012 1431 4066 secundm
1449 4021 1579 4066 sonsum

401 4105 582 4170 conspicaris·
603 4105 723 4168 modum,
743 4119 800 4158 non
814 4107 883 4158 suut
899 4119 1068 4171 synonyma,
1089 4107 1123 4156 ut
1142 4103 1277 4157 Ansmoci
1291 4117 1326 4156 cx
1348 4115 1398 4156 suo
1417 4105 1578 4168 systemata

388 4193 524 4249 ¹absurde
538 4193 586 4248 sad
600 4194 966 4262 cousequenterdocsbaut.
980 4195 1039 4248 Hoc
1051 4195 1145 4247 autem
1162 4193 1272 4260 psritsr
1286 4191 1474 4258 demonstr-st,
1487 4193 1577 4247 Deum

401 4299 521 4338 noanon
531 4283 697 4350 intelligere
708 4289 741 4337 nt
752 4285 784 4338 in
795 4299 824 4337 ss
836 4288 889 4352 est,
900 4285 950 4352 qul
961 4285 992 4337 in
1003 4299 1059 4338 uno
1069 4283 1356 4352 simplicIssimoEsss
1365 4284 1457 4336 mults
1470 4283 1578 4336 distin·

402 4371 525 4438 suimus.
548 4371 581 4425 Id
600 4376 695 4425 sutem
708 4371 846 4440 quomodo
865 4373 1055 4439 cognitionem
1076 4375 1205 4426 nostram
1222 4371 1291 4426 licet
1303 4371 1500 4440 imperfectam
1519 4387 1577 4425 non

401 4466 497 4516 tamen
513 4461 616 4517 reddat
630 4462 744 4532 falsam,
766 4464 851 4532 paulo
867 4466 935 4532 post
952 4463 1115 4532 apparebit.
