3360 5060
591 392 628 405 ..
651 359 711 422 037
732 392 770 404 -

91 467 168 550 nis,
193 468 230 533 et
252 465 378 556 quibus
408 463 546 532 Pharao
577 463 797 533 excitabatur
820 462 864 530 ud
895 464 1166 554 obsequendum,
1199 485 1267 530 non

89 573 255 657 deerant;
282 573 372 640 unde
397 570 485 640 visis
508 571 682 661 prodigiis
705 570 811 639 etiam
834 570 1040 640 flectebatur
1055 593 1113 638 cor
1129 570 1204 638 eins
1222 571 1266 639 ed

87 679 276 748 consilium
300 679 503 748 dimittendi
522 679 699 770 populum.
717 678 883 748 Attamen
902 686 1058 746 cessante
1074 678 1180 768 plaga
1202 678 1266 746 ite·

85 811 167 856 rum
193 787 373 854 induravit
404 812 460 854 cor
490 811 605 868 cunm,
631 787 725 856 sicut
754 808 854 854 sacer
877 791 996 853 textus
1020 795 1098 875 post
1123 785 1268 875 singula

84 894 242 986 quinque
265 895 384 984 priora
407 898 571 983 portenta
587 893 717 962 diserte
734 899 861 960 monet:
883 921 898 955 c
916 891 1121 960 induratum
1137 899 1191 960 est
1209 915 1268 960 cor

82 1001 295 1086 Pharaonis,
316 1028 332 1064 n
354 1033 369 1066 u
388 1001 574 1070 induravit
586 1000 724 1068 Pharao
740 1023 798 1069 cor
815 1021 929 1066 suum.
952 1025 967 1060 n
987 999 1181 1067 Voluntate
1197 999 1265 1087 igi-

83 1113 149 1176 tur
172 1109 395 1178 antecedente
420 1109 536 1178 voluit
550 1110 657 1193 Deus,
677 1115 718 1178 ut
733 1132 794 1178 rex
810 1109 920 1176 Deum
937 1114 1142 1198 agnosceret
1166 1107 1267 1198 eique

83 1217 349 1308 obsequeretur,
376 1217 459 1308 quin
485 1217 529 1284 ad
552 1217 676 1308 plagas
699 1216 930 1306 gravissimas
948 1215 1200 1284 deveniendum
1215 1238 1266 1284 es·

83 1333 162 1410 set3
188 1323 253 1392 has
277 1347 359 1392 vero
383 1325 477 1394 Dens
500 1326 658 1394 decrevit
681 1331 931 1417 consequenter
953 1324 997 1392 ad
1021 1323 1165 1392 liberam
1188 1322 1266 1390 eius

82 1430 360 1516 indurationem,
386 1455 426 1502 ac
443 1433 587 1522 proinde
605 1435 698 1503 hunc
717 1433 851 1501 modum
869 1431 1165 1500 manifestationis
1182 1451 1265 1498 snas

82 1537 360 1626 omnipotentiae
390 1564 456 1608 non
488 1541 713 1610 antecedente
748 1541 807 1610 sed
831 1547 1058 1631 consequente
1083 1537 1265 1606 voluntate

83 1645 218 1714 voluit:
245 1648 364 1735 posuit
386 1670 469 1737 ergo
493 1671 561 1716 non
584 1649 798 1718 Pharaonem
824 1657 863 1716 ut
887 1648 1071 1731 hominem,
1098 1646 1157 1715 ssd
1174 1646 1266 1712 Pha-

81 1773 228 1822 raonem
252 1755 416 1824 insensu
440 1757 628 1846 composito
652 1779 729 1824 cum
753 1757 830 1824 eius
853 1757 965 1825 libera
980 1755 1203 1824 induratione
1220 1753 1265 1820 od

83 1861 176 1926 hunc
198 1861 331 1926 modum
354 1863 630 1931 manifestandae
654 1863 789 1952 gloriae
816 1885 911 1930 suae.
945 1862 1120 1931 Voluntas
1149 1862 1265 1952 igitur

81 1987 310 2059 consequens,
337 1989 440 2059 qnam
463 1967 521 2038 hic
546 1969 656 2038 solum
681 1969 879 2038 considerat
901 1969 1105 2058 Apostolus,
1124 1973 1179 2037 est
1194 1969 1263 2037 uti-

80 2097 153 2166 que
177 2076 379 2154 severitatis
403 2076 536 2164 iustae,
564 2077 730 2146 voluntas
753 2081 869 2144 autem
893 2077 1098 2146 antecedens
1121 2087 1176 2145 est
1190 2082 1266 2146 tota

80 2183 315 2272 benignitatis
339 2206 424 2274 erga
446 2186 561 2274 ipsum
586 2185 692 2254 etiam
715 2183 944 2253 Pharaonem.

153 2290 252 2358 Hanc
264 2291 449 2384 utriusque
466 2291 662 2360 voluntatis
679 2292 926 2380 proprietatem
944 2290 1099 2381 Spiritus
1112 2290 1264 2360 Sanctus

80 2398 161 2487 ipse
175 2397 343 2466 describit
349 2399 491 2468 eandem
504 2398 698 2466 Pharaonis
709 2398 893 2467 historiam
907 2398 1099 2488 explanans
1109 2399 1260 2489 SapXI.

81 2505 253 2594 Spectata
267 2505 449 2575 voluntate
461 2515 689 2598 consequente
708 2537 724 2570 c
739 2506 819 2575 illos
833 2507 1073 2597 (Aegyptios)
1086 2515 1262 2598 tamquam

81 2613 197 2682 durus
213 2636 274 2682 rex
290 2613 515 2704 interrogans
532 2615 768 2684 condemnasti
786 2643 802 2677 n
821 2614 886 2683 XI.
902 2614 957 2703 11;
973 2622 1012 2684 at
1026 2615 1063 2682 in
1082 2615 1179 2682 modo
1202 2638 1264 2705 pn-

79 2720 224 2804 niendi,
251 2721 340 2812 quod
364 2721 459 2790 Deus
487 2751 502 2786 a
529 2722 690 2811 partibus
714 2721 907 2812 corripiens
926 2744 981 2788 na
1004 2721 1196 2790 levioribus
1218 2721 1263 2789 ad

79 2828 252 2917 graviora
275 2851 483 2918 progressus
506 2836 571 2914 est,
598 2829 749 2900 miratur
772 2829 920 2920 Sapiens
945 2829 1142 2898 voluntatis
1166 2834 1263 2896 ante·

79 2935 239 3004 cedentis
264 2936 516 3026 benignitatem
541 2959 627 3027 erga
650 2937 713 3006 bos
737 2937 831 3028 ipsos
855 2943 1065 3027 peccatores.
1091 2935 1176 3006 Cum
1201 2959 1260 3026 po·

80 3043 214 3112 tuisset
235 3045 330 3112 Deus
353 3066 411 3113 eos
434 3045 541 3112 simul
564 3053 600 3114 ct
623 3045 727 3115 semel
750 3045 995 3129 exterminare,
1014 3043 1130 3114 voluit
1145 3051 1261 3114 tamen

81 3175 147 3240 per
170 3159 287 3242 partes
311 3159 347 3222 et
369 3152 540 3242 paulatim
563 3155 615 3222 eis
639 3153 765 3244 plagas
787 3155 987 3222 immittere.
1013 3153 1103 3222 Nam
1128 3155 1262 3222 umisa·

82 3260 178 3328 reris
194 3259 345 3328 omnium
362 3260 562 3346 (voluntate
578 3261 644 3328 hac
660 3261 913 3347 antecedente),
933 3261 1017 3353 quia
1027 3261 1149 3329 'omnia
1166 3268 1263 3352 potes

81 3371 169 3452 (nec
193 3367 384 3436 timendum
415 3374 488 3452 est,
518 3389 560 3436 ne
593 3369 685 3436 forte
717 3368 799 3436 ordo
831 3368 991 3437 iustitias
1020 3370 1259 3453 subvertatur,

81 3495 196 3564 neque
220 3473 311 3541 enim
335 3473 447 3564 impii,
475 3474 505 3542 si
529 3497 596 3542 non
621 3479 890 3558 convertantur,
917 3497 1059 3564 poenam
1077 3477 1141 3544 sub
1159 3474 1262 3543 omni-

81 3586 226 3672 potente
249 3581 320 3650 Deo
344 3587 509 3670 poterunt
531 3581 708 3672 effugere)
732 3588 767 3650 et
784 3580 982 3650 dissimulas
994 3600 1134 3671 peccota
1158 3584 1262 3648 tomi-

81 3711 163 3752 mcm
182 3703 325 3776 propter
338 3691 598 3777 poenitentiam.
618 3689 752 3780 Diligis
769 3690 860 3758 enim
875 3691 1003 3774 omnis,
1021 3713 1111 3782 quae
1132 3697 1258 3758 sunt...

79 3815 146 3862 nac
176 3793 268 3861 enim
298 3795 418 3864 odiens
450 3795 586 3886 aliquid
611 3797 828 3866 constituisti
852 3803 915 3865 aut
938 3797 1112 3866 fecisti...
1140 3796 1261 3864 Parcis

79 3903 392 3982 autemomnibns,
420 3905 583 3994 quoniam
606 3911 669 3973 tua
693 3917 776 3973 sunt
798 3905 954 3988 Domine,
981 3903 1043 3996 qui
1067 3925 1163 3972 amas
1187 3904 1260 3973 ani·

79 4032 168 4079 mas.
194 4010 222 4079 O
246 4033 347 4104 quam
372 4012 481 4079 bonus
504 4016 540 4079 et
563 4011 683 4080 suavis
706 4019 779 4096 ast,
805 4012 970 4096 Domine,
997 4011 1145 4101 spiritus
1175 4019 1260 4081 tuus

79 4120 119 4186 in
142 4118 313 4186 omnibns.
339 4117 488 4209 Ideoque
511 4139 580 4202 eos,
607 4117 667 4209 qui
690 4124 873 4202 exerrant,
905 4117 1065 4208 partibus
1089 4119 1257 4209 corripis,

78 4231 117 4296 et
140 4224 182 4293 de
206 4224 333 4316 quibus
356 4231 513 4314 peccant,
540 4225 696 4294 admones
719 4241 751 4292 et
775 4226 977 4316 alloqueris,
994 4226 1173 4291 secretiora
1189 4251 1258 4292 mc·

81 4333 168 4399 litia
192 4331 331 4400 medone
355 4335 392 4399 in
417 4347 449 4400 ee
471 4333 648 4400 Domine»
668 4334 719 4422 (1)
735 4333 799 4402 XI.
819 4332 1257 4402 al-X11.a.Animadver-

147 4473 190 4552 (1)
209 4448 311 4541 ’Elaris
334 4484 361 4533 δε
384 4499 496 4544 παντως,
515 4481 555 4536 ὁτι
578 4500 666 4534 narra
686 4483 806 4544 decucat,
820 4499 861 4531 και
879 4481 993 4550 παρορᾷς
1014 4478 1199 4550 ἁμαρτηματα
1212 4477 1257 4533 cir·
