<?xml version="1.0" encoding="UTF-8"?>
<!DOCTYPE html PUBLIC "-//W3C//DTD XHTML 1.0 Transitional//EN"
    "http://www.w3.org/TR/xhtml1/DTD/xhtml1-transitional.dtd">
<html xmlns="http://www.w3.org/1999/xhtml" xml:lang="en" lang="en">
 <head>
  <title>
</title>
<meta http-equiv="Content-Type" content="text/html;charset=utf-8" />
  <meta name='ocr-system' content='tesseract 3.04.00' />
  <meta name='ocr-capabilities' content='ocr_page ocr_carea ocr_par ocr_line ocrx_word'/>
</head>
<body>
  <div class='ocr_page' id='page_1' title='image "./ioannisbaptfran01frangoog_0038.png"; bbox 0 0 3394 5056; ppageno 0'>
   <div class='ocr_carea' id='block_1_1' title="bbox 112 391 1298 2300">
    <p class='ocr_par' dir='ltr' id='par_1_1' title="bbox 621 391 779 453">
     <span class='ocr_line' id='line_1_1' title="bbox 621 391 779 453; baseline -0.006 -15"><span class='ocrx_word' id='word_1_1' title='bbox 621 391 779 453; x_wconf 81' lang='lat'>-21..</span> 
     </span>
    </p>

    <p class='ocr_par' dir='ltr' id='par_1_2' title="bbox 112 494 1298 2300">
     <span class='ocr_line' id='line_1_2' title="bbox 181 494 1293 587; baseline -0.006 -20"><span class='ocrx_word' id='word_1_2' title='bbox 181 499 218 585; x_wconf 78' lang='lat' dir='ltr'>d)</span> <span class='ocrx_word' id='word_1_3' title='bbox 244 499 357 567; x_wconf 89' lang='lat' dir='ltr'>Porro</span> <span class='ocrx_word' id='word_1_4' title='bbox 373 499 405 566; x_wconf 90' lang='lat' dir='ltr'>si</span> <span class='ocrx_word' id='word_1_5' title='bbox 421 519 494 566; x_wconf 92' lang='lat' dir='ltr'>nna</span> <span class='ocrx_word' id='word_1_6' title='bbox 515 519 556 565; x_wconf 83' lang='lat' dir='ltr'>ex</span> <span class='ocrx_word' id='word_1_7' title='bbox 575 497 776 587; x_wconf 80' lang='lat' dir='ltr'>praemissis</span> <span class='ocrx_word' id='word_1_8' title='bbox 789 501 844 565; x_wconf 88' lang='lat' dir='ltr'>est</span> <span class='ocrx_word' id='word_1_9' title='bbox 857 495 1026 578; x_wconf 87' lang='lat' dir='ltr'>revelata,</span> <span class='ocrx_word' id='word_1_10' title='bbox 1045 494 1157 562; x_wconf 89' lang='lat' dir='ltr'>altera</span> <span class='ocrx_word' id='word_1_11' title='bbox 1177 500 1293 562; x_wconf 89' lang='lat' dir='ltr'>autem</span> 
     </span>
     <span class='ocr_line' id='line_1_3' title="bbox 114 602 1293 694; baseline -0.003 -22"><span class='ocrx_word' id='word_1_12' title='bbox 114 605 229 673; x_wconf 84' lang='lat' dir='ltr'>solnm</span> <span class='ocrx_word' id='word_1_13' title='bbox 255 606 391 674; x_wconf 89' lang='lat' dir='ltr'>lumine</span> <span class='ocrx_word' id='word_1_14' title='bbox 407 605 557 674; x_wconf 88' lang='lat' dir='ltr'>rationis</span> <span class='ocrx_word' id='word_1_15' title='bbox 572 611 679 688; x_wconf 89' lang='lat' dir='ltr'>certa,</span> <span class='ocrx_word' id='word_1_16' title='bbox 697 611 734 672; x_wconf 90' lang='lat' dir='ltr'>et</span> <span class='ocrx_word' id='word_1_17' title='bbox 748 603 780 670; x_wconf 89' lang='lat' dir='ltr'>si</span> <span class='ocrx_word' id='word_1_18' title='bbox 796 603 885 694; x_wconf 90' lang='lat' dir='ltr'>quod</span> <span class='ocrx_word' id='word_1_19' title='bbox 902 603 939 670; x_wconf 93' lang='lat' dir='ltr'>in</span> <span class='ocrx_word' id='word_1_20' title='bbox 957 602 1175 671; x_wconf 82' lang='lat' dir='ltr'>conclusione</span> <span class='ocrx_word' id='word_1_21' title='bbox 1187 624 1293 670; x_wconf 86' lang='lat' dir='ltr'>enun-</span> 
     </span>
     <span class='ocr_line' id='line_1_4' title="bbox 112 708 1294 803; baseline -0.003 -23"><span class='ocrx_word' id='word_1_22' title='bbox 112 713 253 798; x_wconf 86' lang='lat' dir='ltr'>tiatur,</span> <span class='ocrx_word' id='word_1_23' title='bbox 281 737 352 781; x_wconf 90' lang='lat' dir='ltr'>non</span> <span class='ocrx_word' id='word_1_24' title='bbox 375 713 447 780; x_wconf 91' lang='lat' dir='ltr'>nisi</span> <span class='ocrx_word' id='word_1_25' title='bbox 469 712 506 780; x_wconf 90' lang='lat' dir='ltr'>in</span> <span class='ocrx_word' id='word_1_26' title='bbox 530 717 678 803; x_wconf 77' lang='lat' dir='ltr'>utraque</span> <span class='ocrx_word' id='word_1_27' title='bbox 709 711 814 778; x_wconf 88' lang='lat' dir='ltr'>simul</span> <span class='ocrx_word' id='word_1_28' title='bbox 845 717 982 799; x_wconf 75' lang='lat' dir='ltr'>sumpta</span> <span class='ocrx_word' id='word_1_29' title='bbox 1014 711 1231 795; x_wconf 79' lang='lat' dir='ltr'>continetur3</span> <span class='ocrx_word' id='word_1_30' title='bbox 1257 708 1294 776; x_wconf 91' lang='lat' dir='ltr'>id</span> 
     </span>
     <span class='ocr_line' id='line_1_5' title="bbox 114 813 1295 913; baseline -0.005 -26"><span class='ocrx_word' id='word_1_31' title='bbox 114 821 206 913; x_wconf 86' lang='lat' dir='ltr'>qnod</span> <span class='ocrx_word' id='word_1_32' title='bbox 232 821 448 890; x_wconf 83' lang='lat' dir='ltr'><strong>enuntiatur</strong></span> <span class='ocrx_word' id='word_1_33' title='bbox 470 820 508 888; x_wconf 94' lang='lat' dir='ltr'>iu</span> <span class='ocrx_word' id='word_1_34' title='bbox 525 813 762 902; x_wconf 60' lang='lat' dir='ltr'>‘conclusione</span> <span class='ocrx_word' id='word_1_35' title='bbox 782 825 838 887; x_wconf 90' lang='lat' dir='ltr'>est</span> <span class='ocrx_word' id='word_1_36' title='bbox 860 818 995 908; x_wconf 89' lang='lat' dir='ltr'>quidem</span> <span class='ocrx_word' id='word_1_37' title='bbox 1012 825 1143 887; x_wconf 88' lang='lat' dir='ltr'>certum</span> <span class='ocrx_word' id='word_1_38' title='bbox 1160 839 1227 884; x_wconf 90' lang='lat' dir='ltr'>non</span> <span class='ocrx_word' id='word_1_39' title='bbox 1243 821 1295 882; x_wconf 91' lang='lat' dir='ltr'>ta-</span> 
     </span>
     <span class='ocr_line' id='line_1_6' title="bbox 113 924 1295 1020; baseline -0.004 -25"><span class='ocrx_word' id='word_1_40' title='bbox 113 951 191 996; x_wconf 86' lang='lat' dir='ltr'>men</span> <span class='ocrx_word' id='word_1_41' title='bbox 217 929 437 1020; x_wconf 88' lang='lat' dir='ltr'>simpliciter</span> <span class='ocrx_word' id='word_1_42' title='bbox 460 933 658 997; x_wconf 91' lang='lat' dir='ltr'>contentum</span> <span class='ocrx_word' id='word_1_43' title='bbox 674 925 710 993; x_wconf 93' lang='lat' dir='ltr'>in</span> <span class='ocrx_word' id='word_1_44' title='bbox 727 925 951 1010; x_wconf 78' lang='lat' dir='ltr'>revelatione,</span> <span class='ocrx_word' id='word_1_45' title='bbox 977 933 1082 1016; x_wconf 85' lang='lat' dir='ltr'>atque</span> <span class='ocrx_word' id='word_1_46' title='bbox 1099 924 1176 992; x_wconf 90' lang='lat' dir='ltr'>ideo</span> <span class='ocrx_word' id='word_1_47' title='bbox 1191 926 1295 991; x_wconf 87' lang='lat' dir='ltr'>etiam</span> 
     </span>
     <span class='ocr_line' id='line_1_7' title="bbox 113 1031 1296 1120; baseline -0.006 -17"><span class='ocrx_word' id='word_1_48' title='bbox 113 1058 183 1104; x_wconf 88' lang='lat' dir='ltr'>non</span> <span class='ocrx_word' id='word_1_49' title='bbox 208 1045 268 1105; x_wconf 86' lang='lat' dir='ltr'>est</span> <span class='ocrx_word' id='word_1_50' title='bbox 293 1037 466 1105; x_wconf 91' lang='lat' dir='ltr'>obiectum</span> <span class='ocrx_word' id='word_1_51' title='bbox 491 1035 572 1104; x_wconf 89' lang='lat' dir='ltr'>fidei</span> <span class='ocrx_word' id='word_1_52' title='bbox 595 1034 737 1102; x_wconf 87' lang='lat' dir='ltr'>divinae</span> <span class='ocrx_word' id='word_1_53' title='bbox 761 1031 820 1102; x_wconf 88' lang='lat' dir='ltr'>sed</span> <span class='ocrx_word' id='word_1_54' title='bbox 844 1057 998 1099; x_wconf 82' lang='lat' dir='ltr'>assensus</span> <span class='ocrx_word' id='word_1_55' title='bbox 1022 1033 1205 1120; x_wconf 78' lang='lat' dir='ltr'>theolopici</span> <span class='ocrx_word' id='word_1_56' title='bbox 1220 1037 1296 1098; x_wconf 87' lang='lat' dir='ltr'>tan-</span> 
     </span>
     <span class='ocr_line' id='line_1_8' title="bbox 113 1137 1296 1238; baseline -0.007 -26"><span class='ocrx_word' id='word_1_57' title='bbox 113 1151 207 1228; x_wconf 87' lang='lat' dir='ltr'>tum,</span> <span class='ocrx_word' id='word_1_58' title='bbox 227 1145 294 1238; x_wconf 89' lang='lat' dir='ltr'>qni</span> <span class='ocrx_word' id='word_1_59' title='bbox 309 1145 441 1235; x_wconf 90' lang='lat' dir='ltr'>partim</span> <span class='ocrx_word' id='word_1_60' title='bbox 464 1143 651 1226; x_wconf 72' lang='lat' dir='ltr'>revelatae,</span> <span class='ocrx_word' id='word_1_61' title='bbox 677 1139 806 1232; x_wconf 89' lang='lat' dir='ltr'>partim</span> <span class='ocrx_word' id='word_1_62' title='bbox 829 1139 1042 1209; x_wconf 82' lang='lat' dir='ltr'>naturaliter</span> <span class='ocrx_word' id='word_1_63' title='bbox 1066 1147 1182 1208; x_wconf 90' lang='lat' dir='ltr'>certae</span> <span class='ocrx_word' id='word_1_64' title='bbox 1205 1137 1296 1207; x_wconf 89' lang='lat' dir='ltr'>veri·</span> 
     </span>
     <span class='ocr_line' id='line_1_9' title="bbox 113 1249 1293 1342; baseline -0.003 -23"><span class='ocrx_word' id='word_1_65' title='bbox 113 1252 184 1320; x_wconf 86' lang='lat' dir='ltr'>tati</span> <span class='ocrx_word' id='word_1_66' title='bbox 192 1253 471 1342; x_wconf 89' lang='lat' dir='ltr'>praemissarum</span> <span class='ocrx_word' id='word_1_67' title='bbox 479 1251 658 1319; x_wconf 90' lang='lat' dir='ltr'>innititur.</span> <span class='ocrx_word' id='word_1_68' title='bbox 671 1249 876 1320; x_wconf 85' lang='lat' dir='ltr'>Revelatum</span> <span class='ocrx_word' id='word_1_69' title='bbox 885 1255 950 1334; x_wconf 90' lang='lat' dir='ltr'>est,</span> <span class='ocrx_word' id='word_1_70' title='bbox 962 1253 1213 1316; x_wconf 89' lang='lat' dir='ltr'>sacramentum</span> <span class='ocrx_word' id='word_1_71' title='bbox 1222 1267 1252 1313; x_wconf 93' lang='lat' dir='ltr'>e.</span> <span class='ocrx_word' id='word_1_72' title='bbox 1258 1271 1293 1335; x_wconf 81' lang='lat' dir='ltr'>g.</span> 
     </span>
     <span class='ocr_line' id='line_1_10' title="bbox 115 1351 1295 1447; baseline -0.005 -23"><span class='ocrx_word' id='word_1_73' title='bbox 115 1358 292 1447; x_wconf 81' lang='lat' dir='ltr'>baptismi</span> <span class='ocrx_word' id='word_1_74' title='bbox 304 1360 464 1428; x_wconf 85' lang='lat' dir='ltr'>conferre</span> <span class='ocrx_word' id='word_1_75' title='bbox 479 1357 630 1447; x_wconf 87' lang='lat' dir='ltr'>gratiam</span> <span class='ocrx_word' id='word_1_76' title='bbox 642 1355 926 1446; x_wconf 80' lang='lat' dir='ltr'>componentibus</span> <span class='ocrx_word' id='word_1_77' title='bbox 942 1355 1083 1422; x_wconf 87' lang='lat' dir='ltr'>obicem:</span> <span class='ocrx_word' id='word_1_78' title='bbox 1097 1353 1177 1420; x_wconf 91' lang='lat' dir='ltr'>dnm</span> <span class='ocrx_word' id='word_1_79' title='bbox 1195 1351 1295 1419; x_wconf 91' lang='lat' dir='ltr'>video</span> 
     </span>
     <span class='ocr_line' id='line_1_11' title="bbox 114 1457 1297 1554; baseline -0.006 -24"><span class='ocrx_word' id='word_1_80' title='bbox 114 1463 295 1534; x_wconf 85' lang='lat' dir='ltr'>infantem</span> <span class='ocrx_word' id='word_1_81' title='bbox 330 1464 506 1554; x_wconf 87' lang='lat' dir='ltr'>baptizari</span> <span class='ocrx_word' id='word_1_82' title='bbox 529 1465 572 1531; x_wconf 90' lang='lat' dir='ltr'>ab</span> <span class='ocrx_word' id='word_1_83' title='bbox 595 1487 634 1532; x_wconf 89' lang='lat' dir='ltr'>eo</span> <span class='ocrx_word' id='word_1_84' title='bbox 666 1461 827 1531; x_wconf 90' lang='lat' dir='ltr'>ministro</span> <span class='ocrx_word' id='word_1_85' title='bbox 850 1467 886 1530; x_wconf 92' lang='lat' dir='ltr'>et</span> <span class='ocrx_word' id='word_1_86' title='bbox 908 1485 947 1530; x_wconf 91' lang='lat' dir='ltr'>eo</span> <span class='ocrx_word' id='word_1_87' title='bbox 979 1461 1102 1544; x_wconf 91' lang='lat' dir='ltr'>modo,</span> <span class='ocrx_word' id='word_1_88' title='bbox 1128 1465 1169 1526; x_wconf 88' lang='lat' dir='ltr'>ut</span> <span class='ocrx_word' id='word_1_89' title='bbox 1196 1457 1297 1526; x_wconf 91' lang='lat' dir='ltr'>nulla</span> 
     </span>
     <span class='ocr_line' id='line_1_12' title="bbox 115 1567 1297 1662; baseline -0.007 -24"><span class='ocrx_word' id='word_1_90' title='bbox 115 1573 233 1662; x_wconf 78' lang='lat' dir='ltr'>possit</span> <span class='ocrx_word' id='word_1_91' title='bbox 256 1593 336 1640; x_wconf 89' lang='lat' dir='ltr'>essa</span> <span class='ocrx_word' id='word_1_92' title='bbox 361 1571 513 1661; x_wconf 84' lang='lat' dir='ltr'>suspicio</span> <span class='ocrx_word' id='word_1_93' title='bbox 537 1577 659 1639; x_wconf 87' lang='lat' dir='ltr'>contra</span> <span class='ocrx_word' id='word_1_94' title='bbox 682 1569 834 1638; x_wconf 87' lang='lat' dir='ltr'>valorem</span> <span class='ocrx_word' id='word_1_95' title='bbox 859 1567 1081 1650; x_wconf 86' lang='lat' dir='ltr'>sacramenti,</span> <span class='ocrx_word' id='word_1_96' title='bbox 1097 1567 1297 1634; x_wconf 86' lang='lat' dir='ltr'>factumest</span> 
     </span>
     <span class='ocr_line' id='line_1_13' title="bbox 117 1669 1296 1761; baseline -0.01 -13"><span class='ocrx_word' id='word_1_97' title='bbox 117 1687 255 1748; x_wconf 85' lang='lat' dir='ltr'>eertum</span> <span class='ocrx_word' id='word_1_98' title='bbox 280 1702 352 1746; x_wconf 92' lang='lat' dir='ltr'>non</span> <span class='ocrx_word' id='word_1_99' title='bbox 375 1685 490 1746; x_wconf 89' lang='lat' dir='ltr'>tamen</span> <span class='ocrx_word' id='word_1_100' title='bbox 519 1677 736 1761; x_wconf 88' lang='lat' dir='ltr'>revelatum,</span> <span class='ocrx_word' id='word_1_101' title='bbox 762 1675 855 1744; x_wconf 90' lang='lat' dir='ltr'>huno</span> <span class='ocrx_word' id='word_1_102' title='bbox 878 1677 1050 1743; x_wconf 84' lang='lat' dir='ltr'>infantem</span> <span class='ocrx_word' id='word_1_103' title='bbox 1077 1695 1150 1742; x_wconf 88' lang='lat' dir='ltr'>essa</span> <span class='ocrx_word' id='word_1_104' title='bbox 1180 1669 1296 1739; x_wconf 84' lang='lat' dir='ltr'>valida</span> 
     </span>
     <span class='ocr_line' id='line_1_14' title="bbox 118 1780 1296 1877; baseline -0.006 -25"><span class='ocrx_word' id='word_1_105' title='bbox 118 1785 354 1877; x_wconf 73' lang='lat' dir='ltr'>baptizatum,</span> <span class='ocrx_word' id='word_1_106' title='bbox 381 1783 463 1853; x_wconf 81' lang='lat' dir='ltr'>hinc</span> <span class='ocrx_word' id='word_1_107' title='bbox 486 1783 686 1868; x_wconf 88' lang='lat' dir='ltr'>conclusio,</span> <span class='ocrx_word' id='word_1_108' title='bbox 712 1783 805 1852; x_wconf 91' lang='lat' dir='ltr'>hunc</span> <span class='ocrx_word' id='word_1_109' title='bbox 829 1783 999 1851; x_wconf 83' lang='lat' dir='ltr'>infantem</span> <span class='ocrx_word' id='word_1_110' title='bbox 1022 1803 1096 1850; x_wconf 86' lang='lat' dir='ltr'>esse</span> <span class='ocrx_word' id='word_1_111' title='bbox 1127 1780 1296 1848; x_wconf 88' lang='lat' dir='ltr'>iustifica-</span> 
     </span>
     <span class='ocr_line' id='line_1_15' title="bbox 119 1887 1298 1978; baseline -0.004 -19"><span class='ocrx_word' id='word_1_112' title='bbox 119 1895 208 1976; x_wconf 88' lang='lat' dir='ltr'>tum,</span> <span class='ocrx_word' id='word_1_113' title='bbox 233 1901 293 1962; x_wconf 88' lang='lat' dir='ltr'>est</span> <span class='ocrx_word' id='word_1_114' title='bbox 316 1905 409 1958; x_wconf 78' lang='lat' dir='ltr'>certa</span> <span class='ocrx_word' id='word_1_115' title='bbox 433 1891 619 1978; x_wconf 72' lang='lat' dir='ltr'>theolopice</span> <span class='ocrx_word' id='word_1_116' title='bbox 640 1913 708 1958; x_wconf 93' lang='lat' dir='ltr'>non</span> <span class='ocrx_word' id='word_1_117' title='bbox 731 1897 846 1959; x_wconf 87' lang='lat' dir='ltr'>tamen</span> <span class='ocrx_word' id='word_1_118' title='bbox 869 1893 923 1958; x_wconf 84' lang='lat' dir='ltr'>est</span> <span class='ocrx_word' id='word_1_119' title='bbox 945 1889 987 1957; x_wconf 86' lang='lat' dir='ltr'>de</span> <span class='ocrx_word' id='word_1_120' title='bbox 1003 1889 1081 1957; x_wconf 87' lang='lat' dir='ltr'>fide.</span> <span class='ocrx_word' id='word_1_121' title='bbox 1101 1887 1157 1956; x_wconf 88' lang='lat' dir='ltr'>Ita</span> <span class='ocrx_word' id='word_1_122' title='bbox 1173 1888 1298 1956; x_wconf 85' lang='lat' dir='ltr'>docent</span> 
     </span>
     <span class='ocr_line' id='line_1_16' title="bbox 122 1994 1298 2088; baseline -0.003 -23"><span class='ocrx_word' id='word_1_123' title='bbox 122 1995 268 2083; x_wconf 82' lang='lat' dir='ltr'>Suarez,</span> <span class='ocrx_word' id='word_1_124' title='bbox 288 1997 330 2066; x_wconf 89' lang='lat' dir='ltr'>de</span> <span class='ocrx_word' id='word_1_125' title='bbox 353 1997 454 2087; x_wconf 82' lang='lat' dir='ltr'>Lago</span> <span class='ocrx_word' id='word_1_126' title='bbox 466 2007 502 2066; x_wconf 90' lang='lat' dir='ltr'>et</span> <span class='ocrx_word' id='word_1_127' title='bbox 519 1997 581 2066; x_wconf 90' lang='lat' dir='ltr'>alii</span> <span class='ocrx_word' id='word_1_128' title='bbox 606 1997 722 2084; x_wconf 66' lang='lat' dir='ltr'>multi,</span> <span class='ocrx_word' id='word_1_129' title='bbox 742 1997 831 2088; x_wconf 88' lang='lat' dir='ltr'>qnod</span> <span class='ocrx_word' id='word_1_130' title='bbox 849 2005 964 2066; x_wconf 88' lang='lat' dir='ltr'>autem</span> <span class='ocrx_word' id='word_1_131' title='bbox 988 1999 1093 2064; x_wconf 89' lang='lat' dir='ltr'>aiunt</span> <span class='ocrx_word' id='word_1_132' title='bbox 1115 1994 1298 2078; x_wconf 86' lang='lat' dir='ltr'>Canus(de</span> 
     </span>
     <span class='ocr_line' id='line_1_17' title="bbox 122 2099 1293 2194; baseline -0.002 -22"><span class='ocrx_word' id='word_1_133' title='bbox 122 2102 223 2174; x_wconf 87' lang='lat' dir='ltr'>Locis</span> <span class='ocrx_word' id='word_1_134' title='bbox 246 2103 275 2172; x_wconf 89' lang='lat' dir='ltr'>l.</span> <span class='ocrx_word' id='word_1_135' title='bbox 297 2103 362 2172; x_wconf 82' lang='lat' dir='ltr'>VI.</span> <span class='ocrx_word' id='word_1_136' title='bbox 381 2127 411 2172; x_wconf 90' lang='lat' dir='ltr'>c.</span> <span class='ocrx_word' id='word_1_137' title='bbox 430 2105 463 2172; x_wconf 84' lang='lat'>8.</span> <span class='ocrx_word' id='word_1_138' title='bbox 482 2105 526 2173; x_wconf 92' lang='lat' dir='ltr'>ad</span> <span class='ocrx_word' id='word_1_139' title='bbox 543 2103 615 2190; x_wconf 84' lang='lat'>10.)</span> <span class='ocrx_word' id='word_1_140' title='bbox 638 2111 675 2173; x_wconf 88' lang='lat' dir='ltr'>et</span> <span class='ocrx_word' id='word_1_141' title='bbox 698 2103 797 2194; x_wconf 84' lang='lat' dir='ltr'>Vega</span> <span class='ocrx_word' id='word_1_142' title='bbox 821 2105 883 2192; x_wconf 89' lang='lat' dir='ltr'>(de</span> <span class='ocrx_word' id='word_1_143' title='bbox 906 2103 1160 2172; x_wconf 87' lang='lat' dir='ltr'>Iustilicatione</span> <span class='ocrx_word' id='word_1_144' title='bbox 1184 2101 1209 2170; x_wconf 93' lang='lat' dir='ltr'>l.</span> <span class='ocrx_word' id='word_1_145' title='bbox 1228 2099 1293 2170; x_wconf 88' lang='lat' dir='ltr'>IX.</span> 
     </span>
     <span class='ocr_line' id='line_1_18' title="bbox 124 2208 1296 2300; baseline -0.004 -20"><span class='ocrx_word' id='word_1_146' title='bbox 124 2233 153 2280; x_wconf 86' lang='lat' dir='ltr'>c.</span> <span class='ocrx_word' id='word_1_147' title='bbox 172 2211 260 2297; x_wconf 83' lang='grc'>39.),</span> <span class='ocrx_word' id='word_1_148' title='bbox 288 2208 558 2300; x_wconf 85' lang='lat' dir='ltr'>propositionem</span> <span class='ocrx_word' id='word_1_149' title='bbox 581 2210 763 2279; x_wconf 90' lang='lat' dir='ltr'>deductam</span> <span class='ocrx_word' id='word_1_150' title='bbox 779 2233 820 2278; x_wconf 85' lang='lat' dir='ltr'>ex</span> <span class='ocrx_word' id='word_1_151' title='bbox 838 2233 907 2278; x_wconf 92' lang='lat' dir='ltr'>una</span> <span class='ocrx_word' id='word_1_152' title='bbox 920 2211 962 2278; x_wconf 91' lang='lat' dir='ltr'>de</span> <span class='ocrx_word' id='word_1_153' title='bbox 978 2210 1045 2276; x_wconf 88' lang='lat' dir='ltr'>fide</span> <span class='ocrx_word' id='word_1_154' title='bbox 1058 2209 1221 2277; x_wconf 87' lang='lat' dir='ltr'>etaltera</span> <span class='ocrx_word' id='word_1_155' title='bbox 1236 2229 1296 2275; x_wconf 91' lang='lat' dir='ltr'>na-</span> 
     </span>
    </p>
   </div>
   <div class='ocr_carea' id='block_1_2' title="bbox 123 2317 1297 2512">
    <p class='ocr_par' dir='ltr' id='par_1_3' title="bbox 123 2317 1297 2512">
     <span class='ocr_line' id='line_1_19' title="bbox 123 2317 1297 2408; baseline -0.003 -22"><span class='ocrx_word' id='word_1_156' title='bbox 123 2319 294 2386; x_wconf 85' lang='lat' dir='ltr'>turaliter</span> <span class='ocrx_word' id='word_1_157' title='bbox 316 2318 474 2387; x_wconf 87' lang='lat' dir='ltr'>evidenti</span> <span class='ocrx_word' id='word_1_158' title='bbox 495 2339 569 2386; x_wconf 88' lang='lat' dir='ltr'>esse</span> <span class='ocrx_word' id='word_1_159' title='bbox 592 2323 628 2386; x_wconf 89' lang='lat' dir='ltr'>et</span> <span class='ocrx_word' id='word_1_160' title='bbox 650 2317 760 2408; x_wconf 88' lang='lat' dir='ltr'>ipsam</span> <span class='ocrx_word' id='word_1_161' title='bbox 785 2318 955 2386; x_wconf 91' lang='lat' dir='ltr'>obiectum</span> <span class='ocrx_word' id='word_1_162' title='bbox 979 2319 1072 2402; x_wconf 88' lang='lat' dir='ltr'>fidei,</span> <span class='ocrx_word' id='word_1_163' title='bbox 1089 2339 1214 2386; x_wconf 84' lang='lat' dir='ltr'>revera</span> <span class='ocrx_word' id='word_1_164' title='bbox 1228 2337 1297 2384; x_wconf 91' lang='lat' dir='ltr'>non</span> 
     </span>
     <span class='ocr_line' id='line_1_20' title="bbox 124 2421 1297 2512; baseline -0.003 -22"><span class='ocrx_word' id='word_1_165' title='bbox 124 2429 177 2490; x_wconf 85' lang='lat' dir='ltr'>est</span> <span class='ocrx_word' id='word_1_166' title='bbox 198 2421 429 2507; x_wconf 68' lang='lat' dir='ltr'>contrarium</span> <span class='ocrx_word' id='word_1_167' title='bbox 455 2421 524 2510; x_wconf 88' lang='lat' dir='ltr'>ipsi</span> <span class='ocrx_word' id='word_1_168' title='bbox 547 2421 637 2490; x_wconf 91' lang='lat' dir='ltr'>euim</span> <span class='ocrx_word' id='word_1_169' title='bbox 660 2421 852 2512; x_wconf 86' lang='lat' dir='ltr'>loquuntur</span> <span class='ocrx_word' id='word_1_170' title='bbox 876 2421 917 2489; x_wconf 89' lang='lat' dir='ltr'>de</span> <span class='ocrx_word' id='word_1_171' title='bbox 941 2421 1180 2505; x_wconf 90' lang='lat' dir='ltr'>conclusione,</span> <span class='ocrx_word' id='word_1_172' title='bbox 1209 2439 1297 2510; x_wconf 91' lang='lat' dir='ltr'>quaa</span> 
     </span>
    </p>
   </div>
   <div class='ocr_carea' id='block_1_3' title="bbox 125 2527 1298 4552">
    <p class='ocr_par' dir='ltr' id='par_1_4' title="bbox 125 2527 1298 3690">
     <span class='ocr_line' id='line_1_21' title="bbox 125 2527 1298 2618; baseline -0.003 -21"><span class='ocrx_word' id='word_1_173' title='bbox 125 2534 200 2597; x_wconf 86' lang='lat' dir='ltr'>tota</span> <span class='ocrx_word' id='word_1_174' title='bbox 228 2528 457 2597; x_wconf 87' lang='lat' dir='ltr'>contineatur</span> <span class='ocrx_word' id='word_1_175' title='bbox 480 2527 517 2596; x_wconf 90' lang='lat' dir='ltr'>in</span> <span class='ocrx_word' id='word_1_176' title='bbox 545 2527 735 2618; x_wconf 74' lang='lat' dir='ltr'>praemissa</span> <span class='ocrx_word' id='word_1_177' title='bbox 765 2530 922 2598; x_wconf 77' lang='lat' dir='ltr'>revelata</span> <span class='ocrx_word' id='word_1_178' title='bbox 945 2531 1016 2614; x_wconf 88' lang='lat' dir='ltr'>ita,</span> <span class='ocrx_word' id='word_1_179' title='bbox 1042 2535 1084 2597; x_wconf 89' lang='lat' dir='ltr'>ut</span> <span class='ocrx_word' id='word_1_180' title='bbox 1106 2527 1298 2618; x_wconf 85' lang='lat' dir='ltr'>propositio</span> 
     </span>
     <span class='ocr_line' id='line_1_22' title="bbox 125 2635 1296 2726; baseline -0.001 -24"><span class='ocrx_word' id='word_1_181' title='bbox 125 2635 341 2704; x_wconf 85' lang='lat' dir='ltr'>naturaliter</span> <span class='ocrx_word' id='word_1_182' title='bbox 363 2635 507 2704; x_wconf 90' lang='lat' dir='ltr'>evidens</span> <span class='ocrx_word' id='word_1_183' title='bbox 530 2636 642 2704; x_wconf 81' lang='lat' dir='ltr'>solum</span> <span class='ocrx_word' id='word_1_184' title='bbox 665 2635 755 2706; x_wconf 90' lang='lat' dir='ltr'>hanc</span> <span class='ocrx_word' id='word_1_185' title='bbox 779 2637 1009 2706; x_wconf 86' lang='lat' dir='ltr'>conclusionis</span> <span class='ocrx_word' id='word_1_186' title='bbox 1025 2635 1296 2726; x_wconf 88' lang='lat' dir='ltr'>comprehensio-</span> 
     </span>
     <span class='ocr_line' id='line_1_23' title="bbox 125 2742 1296 2836; baseline -0.003 -25"><span class='ocrx_word' id='word_1_187' title='bbox 125 2765 199 2811; x_wconf 85' lang='lat' dir='ltr'>nem</span> <span class='ocrx_word' id='word_1_188' title='bbox 222 2743 260 2811; x_wconf 90' lang='lat' dir='ltr'>iu</span> <span class='ocrx_word' id='word_1_189' title='bbox 286 2743 401 2812; x_wconf 73' lang='lat' dir='ltr'>altera</span> <span class='ocrx_word' id='word_1_190' title='bbox 424 2742 580 2812; x_wconf 76' lang='lat' dir='ltr'>revelata</span> <span class='ocrx_word' id='word_1_191' title='bbox 603 2745 814 2830; x_wconf 88' lang='lat' dir='ltr'>manifestet,</span> <span class='ocrx_word' id='word_1_192' title='bbox 841 2767 940 2836; x_wconf 88' lang='lat' dir='ltr'>quem</span> <span class='ocrx_word' id='word_1_193' title='bbox 964 2745 1117 2834; x_wconf 90' lang='lat' dir='ltr'>ipsorum</span> <span class='ocrx_word' id='word_1_194' title='bbox 1133 2765 1206 2811; x_wconf 88' lang='lat' dir='ltr'>esse</span> <span class='ocrx_word' id='word_1_195' title='bbox 1223 2764 1296 2809; x_wconf 87' lang='lat' dir='ltr'>sen·</span> 
     </span>
     <span class='ocr_line' id='line_1_24' title="bbox 126 2849 1297 2944; baseline 0 -26"><span class='ocrx_word' id='word_1_196' title='bbox 126 2873 202 2918; x_wconf 88' lang='lat' dir='ltr'>sum</span> <span class='ocrx_word' id='word_1_197' title='bbox 225 2849 332 2919; x_wconf 80' lang='lat' dir='ltr'>facile</span> <span class='ocrx_word' id='word_1_198' title='bbox 355 2859 514 2920; x_wconf 84' lang='lat' dir='ltr'>constare</span> <span class='ocrx_word' id='word_1_199' title='bbox 537 2859 652 2942; x_wconf 88' lang='lat' dir='ltr'>potest</span> <span class='ocrx_word' id='word_1_200' title='bbox 674 2875 716 2920; x_wconf 85' lang='lat' dir='ltr'>ex</span> <span class='ocrx_word' id='word_1_201' title='bbox 740 2854 917 2942; x_wconf 85' lang='lat' dir='ltr'>exemplis,</span> <span class='ocrx_word' id='word_1_202' title='bbox 938 2855 1062 2944; x_wconf 89' lang='lat' dir='ltr'>quibus</span> <span class='ocrx_word' id='word_1_203' title='bbox 1078 2859 1229 2920; x_wconf 87' lang='lat' dir='ltr'>utuntur</span> <span class='ocrx_word' id='word_1_204' title='bbox 1252 2849 1297 2918; x_wconf 89' lang='lat' dir='ltr'>ad</span> 
     </span>
     <span class='ocr_line' id='line_1_25' title="bbox 128 2957 1297 3046; baseline 0 -22"><span class='ocrx_word' id='word_1_205' title='bbox 128 2979 223 3026; x_wconf 85' lang='lat' dir='ltr'>snam</span> <span class='ocrx_word' id='word_1_206' title='bbox 248 2958 460 3026; x_wconf 85' lang='lat' dir='ltr'>sententiam</span> <span class='ocrx_word' id='word_1_207' title='bbox 484 2959 738 3028; x_wconf 78' lang='lat' dir='ltr'>declarandam.</span> <span class='ocrx_word' id='word_1_208' title='bbox 764 2962 816 3029; x_wconf 86' lang='lat' dir='ltr'>Re</span> <span class='ocrx_word' id='word_1_209' title='bbox 831 2969 946 3030; x_wconf 89' lang='lat' dir='ltr'>autem</span> <span class='ocrx_word' id='word_1_210' title='bbox 964 2983 1048 3029; x_wconf 79' lang='lat' dir='ltr'>vera</span> <span class='ocrx_word' id='word_1_211' title='bbox 1063 2962 1100 3028; x_wconf 90' lang='lat' dir='ltr'>in</span> <span class='ocrx_word' id='word_1_212' title='bbox 1115 2959 1210 3028; x_wconf 88' lang='lat' dir='ltr'>hisce</span> <span class='ocrx_word' id='word_1_213' title='bbox 1224 2957 1297 3046; x_wconf 83' lang='lat' dir='ltr'>syl·</span> 
     </span>
     <span class='ocr_line' id='line_1_26' title="bbox 127 3061 1293 3160; baseline 0.002 -30"><span class='ocrx_word' id='word_1_214' title='bbox 127 3061 286 3154; x_wconf 87' lang='lat' dir='ltr'>logismis</span> <span class='ocrx_word' id='word_1_215' title='bbox 307 3063 515 3154; x_wconf 85' lang='lat' dir='ltr'>theologicis</span> <span class='ocrx_word' id='word_1_216' title='bbox 533 3067 735 3160; x_wconf 87' lang='lat' dir='ltr'>plerumque</span> <span class='ocrx_word' id='word_1_217' title='bbox 752 3069 943 3158; x_wconf 86' lang='lat' dir='ltr'>propositio</span> <span class='ocrx_word' id='word_1_218' title='bbox 958 3068 1170 3136; x_wconf 89' lang='lat' dir='ltr'>naturaliter</span> <span class='ocrx_word' id='word_1_219' title='bbox 1186 3073 1293 3150; x_wconf 89' lang='lat' dir='ltr'>certa,</span> 
     </span>
     <span class='ocr_line' id='line_1_27' title="bbox 129 3171 1298 3264; baseline 0.005 -26"><span class='ocrx_word' id='word_1_220' title='bbox 129 3171 275 3240; x_wconf 84' lang='lat' dir='ltr'>maxima</span> <span class='ocrx_word' id='word_1_221' title='bbox 297 3171 359 3240; x_wconf 91' lang='lat' dir='ltr'>ubi</span> <span class='ocrx_word' id='word_1_222' title='bbox 383 3173 557 3242; x_wconf 86' lang='lat' dir='ltr'>certitudo</span> <span class='ocrx_word' id='word_1_223' title='bbox 579 3181 634 3245; x_wconf 87' lang='lat' dir='ltr'>est</span> <span class='ocrx_word' id='word_1_224' title='bbox 667 3175 929 3264; x_wconf 84' lang='lat' dir='ltr'>metaphysica,</span> <span class='ocrx_word' id='word_1_225' title='bbox 956 3176 1066 3244; x_wconf 91' lang='lat' dir='ltr'>solum</span> <span class='ocrx_word' id='word_1_226' title='bbox 1095 3175 1298 3244; x_wconf 75' lang='lat' dir='ltr'>manifestat</span> 
     </span>
     <span class='ocr_line' id='line_1_28' title="bbox 130 3275 1296 3375; baseline 0.006 -29"><span class='ocrx_word' id='word_1_227' title='bbox 130 3275 463 3368; x_wconf 80' lang='lat' dir='ltr'>comprehensionem</span> <span class='ocrx_word' id='word_1_228' title='bbox 486 3282 726 3373; x_wconf 87' lang='lat' dir='ltr'>consequentis</span> <span class='ocrx_word' id='word_1_229' title='bbox 742 3283 778 3350; x_wconf 92' lang='lat' dir='ltr'>in</span> <span class='ocrx_word' id='word_1_230' title='bbox 795 3283 984 3372; x_wconf 86' lang='lat' dir='ltr'>praemissa</span> <span class='ocrx_word' id='word_1_231' title='bbox 1000 3283 1175 3371; x_wconf 86' lang='lat' dir='ltr'>revelata;</span> <span class='ocrx_word' id='word_1_232' title='bbox 1192 3291 1296 3375; x_wconf 86' lang='lat' dir='ltr'>atque</span> 
     </span>
     <span class='ocr_line' id='line_1_29' title="bbox 130 3383 1295 3480; baseline 0.006 -27"><span class='ocrx_word' id='word_1_233' title='bbox 130 3383 203 3453; x_wconf 86' lang='lat' dir='ltr'>ideo</span> <span class='ocrx_word' id='word_1_234' title='bbox 226 3385 429 3454; x_wconf 87' lang='lat' dir='ltr'>huiusmodi</span> <span class='ocrx_word' id='word_1_235' title='bbox 452 3388 688 3457; x_wconf 87' lang='lat' dir='ltr'>conclusiones</span> <span class='ocrx_word' id='word_1_236' title='bbox 711 3390 935 3459; x_wconf 86' lang='lat' dir='ltr'>continentur</span> <span class='ocrx_word' id='word_1_237' title='bbox 958 3391 1127 3480; x_wconf 88' lang='lat' dir='ltr'>implicite</span> <span class='ocrx_word' id='word_1_238' title='bbox 1143 3389 1178 3457; x_wconf 92' lang='lat' dir='ltr'>in</span> <span class='ocrx_word' id='word_1_239' title='bbox 1200 3413 1295 3460; x_wconf 88' lang='lat' dir='ltr'>reva-</span> 
     </span>
     <span class='ocr_line' id='line_1_30' title="bbox 130 3489 1296 3588; baseline 0.006 -29"><span class='ocrx_word' id='word_1_240' title='bbox 130 3489 258 3560; x_wconf 86' lang='lat' dir='ltr'>latione</span> <span class='ocrx_word' id='word_1_241' title='bbox 282 3493 523 3576; x_wconf 77' lang='lat' dir='ltr'>obiectivt,·et</span> <span class='ocrx_word' id='word_1_242' title='bbox 538 3496 681 3584; x_wconf 90' lang='lat' dir='ltr'>proinde</span> <span class='ocrx_word' id='word_1_243' title='bbox 705 3504 851 3586; x_wconf 87' lang='lat' dir='ltr'>possunt</span> <span class='ocrx_word' id='word_1_244' title='bbox 873 3499 917 3565; x_wconf 94' lang='lat' dir='ltr'>ab</span> <span class='ocrx_word' id='word_1_245' title='bbox 939 3497 1097 3567; x_wconf 91' lang='lat' dir='ltr'>Ecclesia</span> <span class='ocrx_word' id='word_1_246' title='bbox 1132 3499 1296 3588; x_wconf 86' lang='lat' dir='ltr'>explicite</span> 
     </span>
     <span class='ocr_line' id='line_1_31' title="bbox 131 3599 818 3690; baseline 0.009 -24"><span class='ocrx_word' id='word_1_247' title='bbox 131 3600 274 3690; x_wconf 90' lang='lat' dir='ltr'>proponi</span> <span class='ocrx_word' id='word_1_248' title='bbox 297 3621 338 3668; x_wconf 89' lang='lat' dir='ltr'>ac</span> <span class='ocrx_word' id='word_1_249' title='bbox 363 3599 503 3668; x_wconf 85' lang='lat' dir='ltr'>definiri</span> <span class='ocrx_word' id='word_1_250' title='bbox 526 3601 593 3670; x_wconf 87' lang='lat' dir='ltr'>fide</span> <span class='ocrx_word' id='word_1_251' title='bbox 617 3603 818 3672; x_wconf 87' lang='lat' dir='ltr'>credendae.</span> 
     </span>
    </p>

    <p class='ocr_par' dir='ltr' id='par_1_5' title="bbox 128 3707 1298 4552">
     <span class='ocr_line' id='line_1_32' title="bbox 194 3707 1296 3796; baseline 0.005 -23"><span class='ocrx_word' id='word_1_252' title='bbox 194 3708 224 3791; x_wconf 84' lang='lat' dir='ltr'>c)</span> <span class='ocrx_word' id='word_1_253' title='bbox 240 3707 419 3776; x_wconf 89' lang='lat' dir='ltr'>Postremo</span> <span class='ocrx_word' id='word_1_254' title='bbox 434 3707 778 3778; x_wconf 87' lang='lat' dir='ltr'>animadvertendum</span> <span class='ocrx_word' id='word_1_255' title='bbox 795 3717 860 3796; x_wconf 88' lang='lat' dir='ltr'>est,</span> <span class='ocrx_word' id='word_1_256' title='bbox 873 3733 1050 3779; x_wconf 88' lang='lat' dir='ltr'>assensum</span> <span class='ocrx_word' id='word_1_257' title='bbox 1063 3711 1143 3780; x_wconf 91' lang='lat' dir='ltr'>fidei</span> <span class='ocrx_word' id='word_1_258' title='bbox 1156 3711 1296 3779; x_wconf 87' lang='lat' dir='ltr'>divinae</span> 
     </span>
     <span class='ocr_line' id='line_1_33' title="bbox 130 3811 1298 3908; baseline 0.003 -27"><span class='ocrx_word' id='word_1_259' title='bbox 130 3811 265 3882; x_wconf 87' lang='lat' dir='ltr'>nullum</span> <span class='ocrx_word' id='word_1_260' title='bbox 288 3835 387 3903; x_wconf 88' lang='lat' dir='ltr'>posse</span> <span class='ocrx_word' id='word_1_261' title='bbox 411 3837 484 3883; x_wconf 86' lang='lat' dir='ltr'>esse</span> <span class='ocrx_word' id='word_1_262' title='bbox 507 3815 576 3883; x_wconf 88' lang='lat' dir='ltr'>nisi</span> <span class='ocrx_word' id='word_1_263' title='bbox 601 3817 833 3886; x_wconf 84' lang='lat' dir='ltr'>certissimum</span> <span class='ocrx_word' id='word_1_264' title='bbox 856 3826 891 3886; x_wconf 89' lang='lat' dir='ltr'>et</span> <span class='ocrx_word' id='word_1_265' title='bbox 913 3819 1050 3886; x_wconf 87' lang='lat' dir='ltr'>firmum</span> <span class='ocrx_word' id='word_1_266' title='bbox 1068 3817 1298 3908; x_wconf 87' lang='lat' dir='ltr'>superomnia</span> 
     </span>
     <span class='ocr_line' id='line_1_34' title="bbox 131 3919 1298 4014; baseline 0.005 -28"><span class='ocrx_word' id='word_1_267' title='bbox 131 3920 223 4006; x_wconf 81' lang='lat' dir='ltr'>(vida</span> <span class='ocrx_word' id='word_1_268' title='bbox 245 3919 441 4009; x_wconf 86' lang='lat' dir='ltr'>Appendic.</span> <span class='ocrx_word' id='word_1_269' title='bbox 467 3923 512 3990; x_wconf 88' lang='lat' dir='ltr'>ad</span> <span class='ocrx_word' id='word_1_270' title='bbox 537 3922 656 3992; x_wconf 78' lang='lat' dir='ltr'>Tract.</span> <span class='ocrx_word' id='word_1_271' title='bbox 675 3925 716 3992; x_wconf 90' lang='lat' dir='ltr'>de</span> <span class='ocrx_word' id='word_1_272' title='bbox 745 3923 851 3992; x_wconf 80' lang='lat' dir='ltr'>Trad.</span> <span class='ocrx_word' id='word_1_273' title='bbox 871 3932 907 3993; x_wconf 91' lang='lat' dir='ltr'>et</span> <span class='ocrx_word' id='word_1_274' title='bbox 934 3925 1105 4014; x_wconf 87' lang='lat' dir='ltr'>Script.);</span> <span class='ocrx_word' id='word_1_275' title='bbox 1135 3947 1298 3992; x_wconf 87' lang='lat' dir='ltr'>assensus</span> 
     </span>
     <span class='ocr_line' id='line_1_35' title="bbox 132 4026 1298 4121; baseline 0.003 -27"><span class='ocrx_word' id='word_1_276' title='bbox 132 4049 211 4096; x_wconf 76' lang='lat' dir='ltr'>cero</span> <span class='ocrx_word' id='word_1_277' title='bbox 232 4026 456 4117; x_wconf 84' lang='lat' dir='ltr'>theologicus</span> <span class='ocrx_word' id='word_1_278' title='bbox 478 4051 545 4097; x_wconf 91' lang='lat' dir='ltr'>non</span> <span class='ocrx_word' id='word_1_279' title='bbox 568 4029 679 4097; x_wconf 93' lang='lat' dir='ltr'>solum</span> <span class='ocrx_word' id='word_1_280' title='bbox 702 4037 756 4100; x_wconf 89' lang='lat' dir='ltr'>est</span> <span class='ocrx_word' id='word_1_281' title='bbox 778 4031 957 4100; x_wconf 86' lang='lat' dir='ltr'>inferioris</span> <span class='ocrx_word' id='word_1_282' title='bbox 980 4033 1124 4116; x_wconf 91' lang='lat' dir='ltr'>ordinis,</span> <span class='ocrx_word' id='word_1_283' title='bbox 1150 4032 1209 4100; x_wconf 89' lang='lat' dir='ltr'>sed</span> <span class='ocrx_word' id='word_1_284' title='bbox 1225 4039 1298 4121; x_wconf 90' lang='lat' dir='ltr'>pot·</span> 
     </span>
     <span class='ocr_line' id='line_1_36' title="bbox 130 4130 1298 4229; baseline 0.003 -29"><span class='ocrx_word' id='word_1_285' title='bbox 130 4139 181 4202; x_wconf 86' lang='lat' dir='ltr'>est</span> <span class='ocrx_word' id='word_1_286' title='bbox 201 4135 309 4202; x_wconf 89' lang='lat' dir='ltr'>etiam</span> <span class='ocrx_word' id='word_1_287' title='bbox 325 4157 401 4202; x_wconf 86' lang='lat' dir='ltr'>esse</span> <span class='ocrx_word' id='word_1_288' title='bbox 424 4157 501 4203; x_wconf 92' lang='lat' dir='ltr'>cum</span> <span class='ocrx_word' id='word_1_289' title='bbox 520 4130 705 4204; x_wconf 84' lang='lat' dir='ltr'>¹formidine</span> <span class='ocrx_word' id='word_1_290' title='bbox 721 4136 762 4205; x_wconf 93' lang='lat' dir='ltr'>de</span> <span class='ocrx_word' id='word_1_291' title='bbox 776 4139 944 4227; x_wconf 88' lang='lat' dir='ltr'>opposito,</span> <span class='ocrx_word' id='word_1_292' title='bbox 963 4145 1066 4229; x_wconf 89' lang='lat' dir='ltr'>atque</span> <span class='ocrx_word' id='word_1_293' title='bbox 1082 4139 1165 4206; x_wconf 92' lang='lat' dir='ltr'>adeo</span> <span class='ocrx_word' id='word_1_294' title='bbox 1182 4137 1298 4227; x_wconf 90' lang='lat' dir='ltr'>opinio</span> 
     </span>
     <span class='ocr_line' id='line_1_37' title="bbox 129 4239 1298 4336; baseline 0.004 -28"><span class='ocrx_word' id='word_1_295' title='bbox 129 4239 336 4331; x_wconf 80' lang='lat' dir='ltr'>theologica.</span> <span class='ocrx_word' id='word_1_296' title='bbox 362 4241 543 4310; x_wconf 90' lang='lat' dir='ltr'>Idantem</span> <span class='ocrx_word' id='word_1_297' title='bbox 566 4245 860 4334; x_wconf 88' lang='lat' dir='ltr'>acciderepotest</span> <span class='ocrx_word' id='word_1_298' title='bbox 889 4245 1100 4334; x_wconf 86' lang='lat' dir='ltr'>tripliciter,</span> <span class='ocrx_word' id='word_1_299' title='bbox 1127 4246 1183 4314; x_wconf 85' lang='lat' dir='ltr'>vel</span> <span class='ocrx_word' id='word_1_300' title='bbox 1207 4244 1298 4336; x_wconf 92' lang='lat' dir='ltr'>quod</span> 
     </span>
     <span class='ocr_line' id='line_1_38' title="bbox 128 4351 1297 4443; baseline 0.006 -29"><span class='ocrx_word' id='word_1_301' title='bbox 128 4369 192 4417; x_wconf 92' lang='lat' dir='ltr'>non</span> <span class='ocrx_word' id='word_1_302' title='bbox 220 4357 316 4419; x_wconf 88' lang='lat' dir='ltr'>certo</span> <span class='ocrx_word' id='word_1_303' title='bbox 339 4355 498 4434; x_wconf 83' lang='lat' dir='ltr'>constat,</span> <span class='ocrx_word' id='word_1_304' title='bbox 523 4351 790 4441; x_wconf 88' lang='lat' dir='ltr'>propositionem</span> <span class='ocrx_word' id='word_1_305' title='bbox 813 4351 927 4420; x_wconf 87' lang='lat' dir='ltr'>instar</span> <span class='ocrx_word' id='word_1_306' title='bbox 951 4353 1116 4443; x_wconf 88' lang='lat' dir='ltr'>principii</span> <span class='ocrx_word' id='word_1_307' title='bbox 1140 4354 1176 4421; x_wconf 90' lang='lat' dir='ltr'>in</span> <span class='ocrx_word' id='word_1_308' title='bbox 1200 4373 1297 4443; x_wconf 87' lang='lat' dir='ltr'>praa·</span> 
     </span>
     <span class='ocr_line' id='line_1_39' title="bbox 129 4455 1298 4552; baseline 0.001 -25"><span class='ocrx_word' id='word_1_309' title='bbox 129 4455 243 4527; x_wconf 80' lang='lat' dir='ltr'>missis</span> <span class='ocrx_word' id='word_1_310' title='bbox 261 4463 480 4548; x_wconf 80' lang='lat' dir='ltr'>assumptam</span> <span class='ocrx_word' id='word_1_311' title='bbox 503 4478 545 4526; x_wconf 85' lang='lat' dir='ltr'>ex</span> <span class='ocrx_word' id='word_1_312' title='bbox 569 4458 725 4528; x_wconf 83' lang='lat' dir='ltr'>fontibus</span> <span class='ocrx_word' id='word_1_313' title='bbox 748 4457 987 4546; x_wconf 86' lang='lat' dir='ltr'>revelationis,</span> <span class='ocrx_word' id='word_1_314' title='bbox 1005 4459 1043 4527; x_wconf 91' lang='lat' dir='ltr'>in</span> <span class='ocrx_word' id='word_1_315' title='bbox 1058 4481 1097 4528; x_wconf 90' lang='lat' dir='ltr'>eo</span> <span class='ocrx_word' id='word_1_316' title='bbox 1111 4481 1215 4529; x_wconf 87' lang='lat' dir='ltr'>sensu</span> <span class='ocrx_word' id='word_1_317' title='bbox 1230 4481 1298 4552; x_wconf 86' lang='lat' dir='ltr'>quo</span> 
     </span>
    </p>
   </div>
   <div class='ocr_carea' id='block_1_4' title="bbox 0 0 1713 5056">
    <p class='ocr_par' dir='ltr' id='par_1_6' title="bbox 0 0 1713 5056">
     <span class='ocr_line' id='line_1_40' title="bbox 0 0 1713 5056; baseline 0 0"><span class='ocrx_word' id='word_1_318' title='bbox 0 0 1713 5056; x_wconf 95' lang='lat' dir='ltr'> </span> 
     </span>
    </p>
   </div>
  </div>
 </body>
</html>
