3360 5060
893 393 930 407 ..
952 361 1013 422 050
1035 394 1072 407 ..

468 467 513 534 1·.
540 464 753 536 Testimonia
776 465 922 536 inducta
943 489 965 534 a
987 466 1122 538 Goneto
1145 468 1176 536 si
1199 468 1237 538 in
1260 475 1428 540 contextu
1459 471 1568 561 legun·

401 579 474 658 tur,
500 596 565 641 non
591 572 836 663 praeseferunt
859 573 967 642 ullam
983 574 1238 661 difficultatem,
1258 578 1419 669 quamvis
1435 578 1509 668 ipae
1523 579 1569 646 al·

400 679 528 764 firmet,
554 681 590 748 in
614 678 661 747 iis
685 678 722 747 S.
749 678 916 748 Theman
939 682 1134 770 gratuitam
1156 682 1511 772 praedestinationem
1530 685 1571 753 ad

399 785 548 876 gloriam
572 787 624 856 ita
645 809 807 878 expresse
829 787 999 873 docuisse,
1021 819 1036 854 a
1056 795 1097 858 ut
1118 791 1161 860 de
1183 789 1261 860 eins
1277 799 1391 860 mente
1412 792 1571 860 dubitare

400 893 449 962 sit
470 893 508 961 in
531 892 644 962 media
668 891 767 962 velut
789 893 868 964 luce
890 895 1078 966 mentire.
1096 924 1113 958 r

468 999 521 1068 1¹¹¹n
546 1001 785 1070 Testimonium
808 1001 955 1071 citatum
970 1025 992 1070 a
1008 1003 1142 1074 Geneto
1157 1026 1200 1074 ex
1217 1005 1250 1074 1.
1265 1030 1300 1098 q.
1314 1006 1371 1074 23.
1385 1027 1422 1074 a.
1436 1009 1473 1076 b.
1487 1006 1573 1076 add.

398 1110 443 1180 ad
467 1108 558 1201 qnod
580 1107 717 1200 reliqua
740 1109 978 1195 reducuntur,
1005 1111 1110 1202 paulo
1140 1112 1351 1203 diligentius
1386 1113 1575 1184 declarabi-

400 1239 488 1286 nrns.
515 1217 630 1286 Verba
654 1215 690 1285 S.
717 1215 868 1286 'lbomae
884 1224 980 1286 snut:
1000 1247 1017 1282 a
1035 1241 1145 1311 qnare
1161 1220 1225 1288 bos
1240 1221 1352 1312 elegit
1366 1222 1413 1291 ad
1429 1221 1576 1312 glorian

399 1332 437 1394 et
459 1323 540 1394 illos
563 1324 778 1414 reprobavit,
804 1347 869 1393 non
887 1327 992 1395 habat
1006 1327 1177 1402 rationem
1191 1329 1263 1398 nisi
1278 1329 1442 1398 divinam
1460 1329 1576 1398 volun·

399 1437 520 1502 tatem.
544 1429 630 1500 nAt
652 1453 735 1500 vero
758 1431 789 1500 si
812 1431 898 1502 haec
921 1433 1040 1518 verba,
1066 1443 1108 1503 ut
1131 1433 1349 1504 obiiciantur
1374 1440 1484 1506 extra
1504 1457 1577 1504 oon·

400 1544 549 1624 textum,
575 1538 796 1630 accipiantur
819 1539 861 1610 de
885 1539 1067 1610 voluntate
1084 1541 1150 1612 Dei
1165 1542 1414 1612 antecedenter
1438 1543 1577 1634 praede

399 1645 555 1716 stipante
585 1645 630 1714 ad
660 1644 808 1734 gloriam
838 1668 900 1736 per
922 1669 959 1715 se
981 1653 1017 1716 et
1039 1647 1182 1716 seorsim
1206 1669 1229 1714 a
1256 1647 1578 1738 praedestinatione

399 1753 538 1843 gratiae
561 1773 601 1822 ac
616 1753 838 1842 meritorum3
858 1755 1077 1824 continerent
1091 1755 1287 1824 docuinam
1304 1755 1576 1840 intolerabilem,

400 1881 470 1954 qua
493 1881 571 1928 curn
594 1859 742 1929 Calvino
764 1860 941 1930 diceretur
964 1862 1162 1953 reprobatio
1185 1863 1340 1954 positiva
1363 1865 1409 1934 ad
1435 1886 1578 1956 poenam

399 1971 573 2036 aetenam
604 1987 712 2058 aeque
743 1989 783 2035 oc
807 1967 1079 2058 praedestinatio
1102 1969 1147 2039 ad
1170 1969 1321 2060 gloriam
1351 1993 1421 2039 non
1456 1971 1579 2040 babae

401 2075 568 2144 rationem
592 2097 633 2144 ex
656 2083 757 2166 parte
780 2077 1016 2167 reproborum,
1042 2077 1103 2148 sed
1117 2099 1193 2148 esse
1207 2101 1250 2148 ex
1266 2079 1500 2150 antecedente
1518 2079 1578 2149 Dei

402 2183 595 2254 voluntate.
622 2183 708 2254 Dico
731 2185 773 2254 de
788 2187 1028 2274 reprobatione
1039 2189 1193 2276 positiva
1208 2187 1253 2256 ad
1267 2209 1412 2278 poenam
1432 2189 1474 2258 S.
1493 2189 1578 2258 'l'hc

401 2317 475 2362 mas
497 2293 598 2362 debet
621 2293 790 2386 intelligi3
816 2293 973 2364 declarat
995 2294 1086 2364 enirn
1102 2295 1233 2366 diserte
1249 2296 1314 2367 boc
1329 2298 1407 2388 ipso
1425 2299 1468 2368 in
1486 2299 1576 2368 loco:

404 2399 550 2470 «voluit
573 2400 666 2470 Deus
682 2401 719 2470 in
736 2401 933 2470 bominibus
956 2423 1053 2472 suam
1078 2410 1340 2494 repraesentare
1364 2406 1575 2490 bonitatam,

401 2513 567 2602 quantum
591 2508 635 2577 ad
658 2507 797 2602 aliquos
823 2531 908 2602 qnos
939 2511 1121 2600 reprobat,
1155 2533 1215 2602 per
1247 2512 1384 2582 modum
1415 2513 1578 2582 institiae

395 2616 582 2706 puniendo.
602 2641 619 2676 n
637 2615 711 2684 Hoc
735 2615 792 2684 vel
815 2637 921 2684 unum
946 2615 1035 2684 satis
1058 2623 1124 2702 est,
1152 2625 1193 2686 ut
1209 2618 1427 2709 praecisione
1446 2621 1577 2692 facua

400 2729 565 2794 contextu
589 2723 782 2794 certissime
805 2724 1070 2810 concludamus,
1096 2747 1164 2794 non
1188 2750 1287 2817 possa
1309 2726 1419 2796 hnins
1446 2729 1517 2798 loci
1538 2729 1577 2798 il·

400 2831 472 2901 lum
495 2854 569 2902 esse
592 2855 741 2918 sensum,
767 2831 881 2926 quiin
898 2831 1089 2902 obiectione
1105 2835 1328 2926 supponitur.
1346 2835 1389 2904 In
1408 2843 1577 2906 contextu

400 2945 516 3010 antem
540 2946 637 3010 totus
659 2939 717 3009 bic
740 2947 809 3008 art.
836 2941 868 3008 b.
897 2962 963 3009 non
987 2939 1099 3010 solnm
1122 2963 1190 3012 non
1215 2941 1314 3012 dccet
1336 2943 1576 3032 praedestina·

400 3047 527 3118 tionem
550 3047 595 3116 ad
618 3045 767 3138 gloriam
791 3069 852 3138 per
875 3071 911 3116 se
935 3054 1125 3138 spectatam
1149 3048 1260 3118 nullis
1283 3051 1484 3140 suppositis
1514 3075 1576 3122 rnc

399 3155 481 3225 ritis
504 3155 848 3247 supernaturalibus,
881 3155 941 3226 sed
975 3155 1105 3226 diserte
1136 3157 1236 3228 docet
1258 3159 1491 3229 ananiam.
1516 3160 1577 3230 Dc·

400 3265 525 3334 clarat:
551 3271 588 3354 a)
606 3293 621 3330 a
640 3265 734 3334 sicut
755 3265 850 3334 Deus
873 3264 989 3334 salvas
1013 3287 1075 3334 noa
1098 3266 1195 3352 lecit,
1222 3266 1274 3335 ita
1296 3267 1576 3357 praedestinavit

262 3424 281 3464 ,⁸
400 3372 517 3442 salvos
540 3395 603 3442 nos
626 3371 715 3457 ficri,
740 3372 797 3442 ri.
824 3395 855 3442 e.
882 3373 999 3442 ecdem
1023 3373 1121 3443 modo
1144 3381 1182 3443 et
1204 3375 1325 3444 ordine
1341 3399 1411 3468 qno
1426 3376 1468 3446 in
1483 3399 1574 3446 exsa-

399 3479 537 3550 cutione
561 3478 658 3548 salus
680 3501 748 3548 non
770 3487 827 3549 est
847 3503 889 3548 ex
914 3480 1045 3552 nostris
1060 3481 1235 3572 operibus,
1253 3483 1359 3552 etiam
1382 3484 1575 3574 praedesti·

399 3586 497 3656 natio
520 3585 647 3656 salutis
670 3609 738 3656 non
761 3594 818 3658 est
838 3589 1072 3679 exoperibus.
1090 3589 1190 3660 Unde
1209 3591 1243 3677 b)
1262 3620 1278 3656 ι
1296 3592 1462 3662 effectum
1479 3615 1574 3684 prac-

399 3695 646 3767 destinationis
669 3717 852 3786 possumus
876 3695 1096 3768 considerare
1112 3697 1315 3790 dupliciter:
1333 3721 1405 3769 nno
1422 3702 1524 3772 modo
1539 3704 1573 3766 is

398 3804 625 3896 particulari,
649 3809 686 3874 ab
708 3804 758 3875 sic
781 3805 873 3874 nihil
897 3805 1058 3896 probibet
1082 3807 1235 3900 aliquem
1258 3807 1412 3895 effendas
1434 3809 1570 3900 praeda

399 3914 604 3982 scientioris
627 3935 695 3980 ease
716 3937 852 3982 cuasam
875 3927 908 3982 et
930 3915 1099 3982 rationem
1121 3913 1324 3984 alteriue...
1349 3915 1445 3986 sicut
1467 3917 1501 3984 si
1522 3915 1571 3984 di·

400 4041 518 4090 samm
541 4021 632 4114 qnod
655 4021 751 4090 Dens
770 4019 1047 4111 praedestinavit
1069 4043 1105 4088 se
1127 4021 1288 4089 datarum
1302 4021 1416 4090 ale‘ecr’
1423 4023 1571 4112 ylariani

400 4150 441 4196 eo
467 4131 641 4199 meritis...
666 4137 703 4200 at
726 4127 878 4228 gratiam
902 4136 944 4197 nt
965 4135 1156 4198 moreretur
1179 4128 1340 4220 gloriam.
1365 4131 1450 4202 Alio
1477 4130 1569 4202 nodo

399 4238 514 4326 potest
536 4235 751 4306 considerari
774 4236 921 4306 effectas
944 4235 1276 4327 praedestinationis
1292 4241 1330 4305 ιἰι
1346 4242 1524 4322 amsani,
1540 4251 1569 4304 er

399 4343 449 4410 sic
472 4343 682 4432 impassibile
697 4357 757 4426 est,
775 4341 867 4434 qaod
891 4356 981 4410 totas
1004 4342 1141 4431 effectas
1162 4343 1491 4432 praedestinationis
1513 4345 1565 4411 la·

402 4447 476 4512 beat
500 4447 656 4539 aliquam
680 4473 815 4516 causam
838 4471 880 4516 ea
899 4463 1003 4538 parte
1025 4463 1158 4530 nostrar
1182 4455 1267 4542 qaia
1282 4451 1454 4546 quidquid
1469 4465 1516 4518 eet
1533 4453 1566 4514 is
