3376 5068
884 345 1061 406 -384-

391 455 485 534 sunt,
511 449 606 518 facta
627 453 742 518 autem
766 449 881 520 eodem
904 451 1020 537 modo,
1047 473 1114 544 quo
1137 471 1364 544 unaquaeqne
1393 457 1555 522 creatura
1673 522 1678 533 ,

391 555 430 622 in
445 577 570 644 genere
586 578 648 624 suo
660 562 714 626 est
726 583 743 618 n
757 558 852 645 Aug.
868 557 991 627 Genea.
1007 557 1051 628 sd
1063 557 1137 627 litt.
1152 556 1197 627 V.
1211 581 1242 627 o.
1257 557 1312 627 15.
1330 557 1557 650 «Antequam
1676 581 1680 656 i

391 661 525 743 fierent,
551 667 587 730 st
608 668 710 732 crant
730 668 767 731 et
788 685 856 732 non
879 669 991 748 erant,
1016 668 1119 733 erant
1141 664 1181 732 in
1211 663 1277 733 Dei
1299 663 1465 747 scientia,
1491 685 1559 732 non

391 774 492 837 erant
514 769 552 838 in
575 791 639 838 sua
661 765 823 839 naturas
847 770 895 839 ib.
913 793 942 840 c.
962 771 1017 840 18.
1042 771 1150 840 Immo
1175 771 1209 860 b)
1230 772 1300 840 nisi
1327 773 1423 842 Deus
1445 771 1560 862 ipsum

392 899 459 944 csse
480 899 615 962 rerum,
642 884 682 946 ut
704 877 743 945 in
765 900 801 948 ss
824 877 912 969 ipsis
935 886 1019 948 sunt
1041 878 1099 949 vol
1121 900 1195 948 asse
1218 887 1382 970 possunt,
1408 881 1562 970 perfecta

393 989 628 1074 cognosceret,
654 1006 764 1075 neque
787 1007 885 1054 suam
907 986 1092 1055 essentiam
1116 987 1402 1076 comprehendere
1426 985 1559 1054 censeri

391 1095 508 1178 posset
521 1095 698 1182 tamquam
714 1111 855 1159 causam
867 1096 904 1160 et
918 1091 1094 1182 exemplar
1109 1093 1273 1161 omnium.
1291 1091 1453 1161 Perfecta
1468 1091 1560 1160 enim

391 1218 515 1266 causas
539 1195 794 1287 comprehensio
817 1191 970 1268 includit
1000 1199 1233 1290 cognitionem
1263 1200 1452 1268 effectuum
1485 1199 1561 1267 sire

391 1303 609 1394 possibilium
632 1305 706 1375 sive
729 1312 811 1376 actu
833 1306 1074 1392 existentium,
1100 1313 1141 1376 ut
1163 1313 1247 1375 sunt
1269 1307 1306 1374 in
1330 1329 1366 1375 se
1389 1305 1494 1396 ipsis.
1511 1305 1561 1374 Eo

391 1409 506 1502 igitur
518 1411 608 1504 quod
619 1413 712 1482 Dens
725 1412 985 1503 comprehendit
994 1437 1092 1482 suam
1105 1413 1289 1483 essentiam
1302 1413 1495 1483 secundnm
1507 1433 1561 1480 ra

390 1518 519 1586 tionem
531 1519 683 1588 absoluti
698 1520 797 1602 Esse,
815 1519 947 1588 infiniti
962 1519 1178 1611 exemplaris,
1197 1525 1234 1588 et
1247 1519 1407 1589 infinitae
1423 1540 1561 1609 reprac-

392 1625 597 1696 sectationis
608 1626 718 1694 omnis
726 1627 955 1696 sessetomnis
964 1627 1041 1697 veri
1051 1627 1255 1718 participati
1265 1626 1558 1715 (mxxxvii),

391 1729 457 1800 hoo
479 1732 591 1822 ipsum
615 1732 863 1824 participatum
886 1757 953 1802 esse
975 1735 1244 1824 comprehendit,
1262 1741 1303 1804 ut
1324 1736 1362 1804 in
1381 1757 1419 1804 se
1432 1739 1492 1804 est
1506 1734 1562 1804 vel
1677 1738 1680 1751 '

291 1852 295 1862 '
393 1858 467 1908 esse
491 1843 616 1928 potest.

459 1946 581 2014 Posset
602 1945 717 2016 videri
746 1946 875 2034 alicui,
899 1969 939 2017 so
961 1947 1037 2038 ipso
1064 1948 1153 2040 qnod
1176 1968 1251 2033 res,
1277 1947 1378 2017 utin
1400 1969 1439 2016 se
1462 1953 1559 2034 sunt,

392 2050 656 2121 constituuntur
675 2052 845 2122 obiectum
865 2053 1031 2124 scientiae
1046 2054 1205 2139 divinae,
1224 2053 1313 2123 hanc
1335 2054 1562 2145 aliquatenus

392 2159 527 2228 erebus
539 2161 690 2250 cognitis
701 2161 859 2251 pendere.
870 2161 1060 2252 Responsio
1073 2163 1116 2232 ad
1127 2163 1216 2232 hanc
1229 2161 1304 2231 sive
1315 2159 1561 2230 difficultatem

393 2267 468 2336 sive
491 2268 724 2359 quaestionem
740 2292 808 2336 non
830 2275 946 2360 potest
967 2291 1042 2339 essa
1067 2269 1231 2354 difficilis,
1249 2269 1430 2338 dnmmodo
1447 2275 1562 2336 mente

392 2381 598 2460 teneantur,
624 2395 711 2468 quas
733 2375 886 2445 diximus
908 2379 950 2446 ds
975 2377 1099 2446 divina
1127 2376 1364 2466 simplicitate.
1381 2375 1562 2444 Nimirum

393 2483 541 2552 scientia
570 2483 636 2552 Dei
660 2505 729 2551 nou
760 2487 814 2552 est
839 2483 999 2553 accidens
1021 2490 1058 2552 st
1086 2482 1295 2553 modificatio
1323 2482 1559 2566 substantias,

393 2591 452 2660 sed
467 2598 520 2660 est
533 2590 609 2682 ipsa
627 2591 828 2659 substantia
843 2591 976 2662 divina.
993 2590 1246 2662 substantialis
1261 2589 1346 2682 haec
1362 2587 1562 2658 intellectio

392 2701 447 2766 e'st
460 2720 502 2766 ex
519 2718 555 2782 se
570 2697 647 2786 ipsa
668 2695 806 2765 infinite
828 2697 994 2786 perfecta,
1012 2703 1049 2767 et
1063 2703 1244 2788 propterca
1257 2718 1300 2765 ax
1315 2715 1380 2762 sus
1405 2693 1563 2763 essentis

392 2810 447 2874 est
456 2803 649 2874 intellectio
661 2803 771 2871 omnis
783 2803 873 2872 verit
883 2803 975 2873 unde
989 2803 1027 2872 in
1039 2827 1076 2874 se
1091 2825 1160 2871 non
1171 2802 1301 2892 accipit
1312 2801 1562 2892 perfectionem

393 2913 487 2982 siout
518 2911 720 2980 intellectus
749 2916 866 2978 noster
899 2931 960 3001 per
993 2909 1278 2978 assimilationem
1308 2907 1353 2976 ad
1385 2907 1561 2976 obiectum

393 3019 583 3111 cognitum3
602 3018 661 3088 sed
683 3019 760 3109 ipsa
775 3018 927 3088 essentia
949 3017 1071 3087 divine
1085 3025 1121 3087 st
1134 3016 1256 3086 divina
1278 3015 1356 3085 idea
1377 3019 1433 3084 cst
1445 3037 1561 3084 exam-

393 3127 489 3218 plar,
516 3125 573 3195 cui
602 3126 819 3194 assimilatur
847 3131 885 3194 et
910 3147 933 3193 a
955 3146 1021 3216 quo
1050 3123 1294 3215 perfectionem
1325 3143 1424 3190 suam
1451 3119 1562 3189 habet

393 3255 491 3302 omne
519 3255 652 3302 verum.
670 3233 761 3302 Hine
791 3233 998 3317 etiamst,
1031 3232 1121 3326 quod
1155 3231 1277 3302 divina
1310 3231 1560 3302 substantialis

392 3339 584 3410 intellectio
607 3340 644 3408 in
667 3363 703 3410 se
725 3339 935 3410 nullomodo
958 3345 1127 3425 mutatur,
1151 3338 1327 3409 siveram
1350 3339 1559 3429 contingens

392 3447 426 3516 ci
449 3447 642 3516 subiectum
672 3448 777 3518 aliter
806 3455 911 3539 atque
935 3447 1040 3518 aliter
1066 3469 1102 3516 sa
1131 3447 1248 3516 habet.
1269 3475 1286 3510 u
1303 3445 1460 3516 Scicntia
1492 3445 1558 3514 Dei

394 3552 694 3622 universalissima
723 3559 792 3639 est,
818 3555 900 3646 quia
928 3577 999 3620 nno
1027 3552 1277 3635 similitudine,
1303 3575 1390 3642 quae
1418 3565 1468 3618 sse
1494 3575 1559 3618 sse

393 3662 550 3743 arentia,
575 3665 690 3728 omnio
712 3663 882 3752 capnoscit
897 3687 915 3724 n
934 3661 970 3731 S.
987 3659 1053 3730 Th.
1067 3661 1101 3730 2.
1116 3660 1200 3730 dist.
1215 3661 1249 3728 3.
1264 3685 1298 3751 q.
1312 3659 1345 3728 3.
1362 3679 1395 3726 a.
1409 3659 1445 3727 2.
1462 3659 1559 3726 Dum

393 3767 591 3836 nominatur
602 3767 724 3838 divina
736 3768 889 3858 cognitio
900 3791 931 3837 c.
943 3793 979 3859 g.
994 3767 1114 3837 mundi
1125 3766 1319 3850 existatis,
1330 3764 1388 3835 vel
1400 3764 1559 3855 cognitio

392 3883 493 3947 ectus
515 3875 659 3946 humani
680 3899 710 3946 e.
729 3903 764 3968 g.
781 3877 980 3968 negationis
994 3877 1110 3961 Petri,
1129 3876 1197 3944 duo
1211 3875 1390 3956 dicuntur,
1406 3873 1559 3943 scientis

392 4007 511 4076 nempe
533 3986 598 4055 Dei
621 3987 658 4054 in
681 4008 717 4055 se
739 3991 776 4054 st
797 3985 994 4054 connotatio
1016 3983 1160 4055 termini
1182 4005 1250 4051 non
1265 3981 1465 4050 necessarii.
1482 3981 1558 4050 Hoc

392 4096 507 4160 numm
530 4093 605 4183 ipso
620 4091 711 4184 quod
727 4091 897 4161 terminus
914 4099 970 4160 est
981 4090 1118 4183 aliquid
1133 4111 1201 4157 nou
1215 4086 1459 4172 necessarium,
1478 4109 1556 4156 con·

393 4197 526 4266 uomtio
554 4198 662 4268 huius
685 4199 801 4291 potius
828 4197 969 4268 termini
998 4218 1100 4290 quam
1130 4195 1279 4265 alterius
1301 4199 1408 4284 (puta
1435 4191 1557 4263 mundi

392 4301 576 4372 existentis
598 4304 840 4398 potiusquam
862 4303 973 4373 solum
999 4299 1193 4394 possibilis,
1218 4300 1415 4391 negationis
1437 4299 1555 4390 potius

393 4429 494 4502 quam
517 4411 742 4481 confessionis
764 4410 875 4498 Petri)
897 4433 964 4479 non
987 4415 1046 4479 est
1068 4407 1225 4488 absoluta
1254 4406 1467 4490 necessaris,
1492 4405 1552 4475 sed
