3292 5062
877 365 914 378 ..
938 333 997 394 150
1017 365 1056 378 -

384 461 448 530 Dei
471 455 603 526 ratione
625 451 661 514 et
675 442 741 510 fide
758 440 993 521 innotescunt,
1012 439 1089 505 sive
1104 439 1161 522 (ut
1175 435 1273 526 loqui
1288 435 1416 517 solent)
1434 434 1555 523 cogni·
1639 449 1640 506 1

384 569 508 638 tionem
531 577 659 633 eorum,
680 567 767 640 quee
791 544 886 613 circe
909 545 1197 612 essentiemsunt
1212 542 1280 627 (των
1294 564 1359 630 περι
1373 539 1474 626 mres)
1487 543 1553 628 (1);
1639 587 1640 616 1

383 669 571 746 excludunt
593 679 674 728 vero
697 652 928 744 cognitionem
951 653 1123 720 essentiae
1147 653 1246 720 utin
1270 674 1307 719 se
1330 657 1396 733 est,
1413 651 1458 717 eb
1481 651 1556 718 Eu·
1639 717 1640 720 ,

381 771 548 851 nomienis
570 769 750 842 usumin,
777 780 879 850 quem
896 758 963 826 PP.
980 759 1095 826 solent
1116 759 1231 826 dicere
1254 757 1440 826 scientiem
1464 755 1556 848 quid
1639 815 1640 838 2

383 891 430 954 sit
453 881 552 948 Dece.

447 987 562 1070 Quere
585 973 738 1066 cognitio
759 971 826 1040 Dei
850 969 1100 1062 quidditctica,
1126 979 1167 1040 ut
1189 972 1384 1062 loquuntur
1407 969 1556 1040 Schola·
1639 959 1640 1040 ἶ

381 1097 483 1178 stici,
515 1083 704 1175 dupliciter
735 1087 850 1168 potest
878 1079 1048 1170 intelligi:
1074 1079 1186 1169 primo
1220 1079 1374 1168 cognitio
1409 1078 1557 1168 proprie

380 1201 546 1278 essentiae
569 1191 634 1261 Dei
657 1187 758 1258 utin
781 1210 818 1256 se
841 1193 907 1270 eet,
934 1188 995 1256 ubi
1017 1191 1198 1276 proprium
1220 1187 1409 1278 opponitur
1432 1184 1557 1252 ennio-

381 1317 475 1406 giem
495 1297 642 1372 mcuudo
665 1295 820 1385 cognitio
843 1295 987 1384 proprie
1010 1295 1094 1387 quid
1116 1296 1211 1363 Dens
1233 1294 1294 1378 eit,
1314 1301 1356 1360 ut
1368 1295 1558 1382 proprium
1639 1313 1640 1380 ᾗ

380 1411 563 1512 opponitur
586 1403 769 1486 communi,
784 1403 865 1470 dum
891 1401 1122 1492 perfectiones
1144 1401 1284 1494 aliquus
1299 1401 1554 1490 intelligimus,
1639 1393 1640 1464 l

381 1545 467 1622 quee
491 1537 570 1586 vere
593 1519 677 1578 sunt
698 1510 764 1578 Dei
797 1509 904 1578 unius
927 1509 1108 1600 propriae,
1134 1516 1239 1602 etque
1268 1509 1321 1577 ite
1338 1507 1464 1574 'ideam
1487 1507 1558 1574 Dei
1639 1583 1640 1598 χ

380 1631 627 1704 informemus,
653 1637 722 1708 que
752 1637 830 1683 curn
852 1638 874 1682 a
897 1617 1023 1684 ceteris
1053 1617 1234 1699 omnibus,
1261 1635 1348 1706 quee
1379 1621 1465 1682 sunt
1497 1613 1558 1680 vel
1639 1603 1640 1638 r

379 1757 452 1810 eene
481 1737 518 1800 et
547 1723 682 1812 concipi
718 1729 885 1812 possunt,
912 1723 1016 1812 plene
1045 1723 1309 1812 distinguimus.
1335 1722 1409 1790 Hoc
1439 1719 1557 1789 altero
1639 1795 1640 1808 χ

380 1863 480 1918 sensu
503 1834 746 1930 quidditetive
769 1833 969 1921 cognitione
993 1833 1103 1901 Deum
1127 1855 1148 1900 e
1171 1831 1270 1900 nobie
1296 1829 1443 1920 concipi,
1471 1829 1558 1921 quis
1639 1825 1640 1844 ¹

380 1945 517 2024 uelint
539 1941 616 2031 (em
1639 1985 1640 2024 ‚

448 2086 462 2120 a
482 2051 643 2120 Humane
658 2045 908 2134 intelligentie,
934 2047 987 2114 eit
1010 2047 1202 2137 Gregorius
1217 2047 1326 2136 Nyes.
1344 2051 1466 2114 contra
1481 2043 1556 2112 En·

381 2185 468 2236 noun.
487 2153 571 2226 XII.
589 2179 623 2245 p.
642 2153 719 2221 327.
739 2150 817 2237 328,
843 2175 905 2222 nec
927 2159 1000 2248 tem
1024 2159 1130 2222 scuta
1152 2160 1217 2238 est,
1244 2159 1286 2221 nt
1308 2151 1402 2222 clere
1428 2151 1558 2218 videat
1639 2159 1640 2216 l

381 2265 617 2346 invicibilem,
642 2286 704 2332 neo
727 2271 841 2332 temen
866 2263 910 2329 eb
933 2261 1025 2330 omni
1059 2285 1200 2331 ecceesu
1223 2263 1275 2330 ite
1302 2261 1484 2344 seiuncta,
1515 2265 1557 2326 nt

381 2371 511 2448 nullam
535 2370 624 2452 eins,
639 2368 730 2460 quod
754 2367 949 2460 qneeritur,
968 2369 1157 2436 informare
1181 2369 1291 2458 possit
1305 2367 1556 2435 adumbretum
1639 2347 1640 2388 ³

380 2485 581 2568 reinceptum
597 2471 774 2568 (ἐικασιαν);
791 2477 850 2546 sed
873 2477 1003 2567 purtim
1027 2477 1184 2568 quidem,
1211 2473 1298 2568 quid
1328 2478 1376 2542 eir
1400 2475 1436 2542 id
1461 2473 1555 2564 quod
1639 2483 1640 2534 l

380 2585 574 2686 quaeritur,
600 2608 661 2674 per
684 2584 991 2653 ratiocinationum
1007 2589 1139 2652 tactum
1158 2583 1329 2652 conclusit
1344 2580 1408 2668 (3),
1423 2581 1556 2670 pertim
1639 2585 1640 2642 ἐ

383 2717 441 2790 per
463 2691 528 2760 hoc
551 2691 665 2782 ipsum
688 2691 780 2782 quod
803 2689 954 2781 perspici
981 2711 1050 2756 non
1081 2693 1214 2780 potest,
1248 2687 1402 2778 aliquem
1434 2687 1556 2774 cogni·
1639 2699 1640 2710 ¹

444 3001 487 3078 (1)
505 3007 565 3060 Hac
583 3006 638 3058 PP.
654 3005 806 3058 nemesim·
831 3004 963 3058 doctrina
980 3003 1173 3058 abutebantur
1193 3003 1306 3056 aemulo
1324 3002 1400 3054 XIV.
1420 3002 1556 3054 Palamas
1639 3005 1640 3080 ζ

379 3101 409 3150 et
427 3095 489 3148 elus
507 3092 643 3158 discipuli
658 3091 693 3144 ed
708 3091 825 3145 ebsnrdi
839 3091 946 3144 erroris
960 3089 1152 3143 defensionem
1164 3091 1243 3142 inter
1255 3089 1374 3142 Greecoa
1387 3089 1553 3155 propagati,

380 3197 435 3252 quo
455 3185 587 3232 munnae
607 3178 786 3245 operationes
800 3173 957 3249 (ἐνεργειας)
976 3177 1007 3228 iu
1020 3177 1077 3228 Deo
1089 3175 1236 3240 lingebant
1249 3175 1367 3228 realiter
1376 3175 1411 3226 ab
1425 3175 1555 3227 essentia

379 3271 543 3332 dletlnctaa,
563 3267 672 3334 haeque
692 3267 723 3320 ln
742 3269 846 3320 mentis
865 3267 976 3320 exstasi
995 3283 1012 3320 a
1030 3283 1060 3318 ae
1079 3265 1174 3320 videri
1187 3263 1409 3330 mentiebantur,
1424 3251 1554 3316 samntio
1639 3301 1640 3316 .

380 3361 512 3414 monente
531 3355 687 3408 inaccessa.
707 3355 780 3408 Vide
799 3355 833 3408 de
853 3355 899 3407 lris
918 3353 1069 3406 Petevium
1088 3353 1108 3404 l.
1123 3353 1147 3404 1.
1162 3369 1186 3406 c.
1201 3351 1301 3404 121³.

442 3439 484 3516 (i)
505 3443 569 3496 aba
589 3443 672 3494 nulla
690 3457 721 3496 re
740 3445 837 3510 potest
855 3441 926 3494 sciri
946 3457 984 3491 ne
997 3447 1044 3502 eet,
1059 3439 1118 3491 nisi
1131 3436 1325 3504 quoquomodo
1338 3435 1448 3490 sciatur
1461 3435 1497 3490 de
1510 3451 1550 3502 ea,

379 3535 449 3608 quur
468 3543 515 3596 eet,
538 3535 583 3587 vel
603 3533 765 3599 cognitione
788 3533 915 3600 perfecta
928 3531 975 3584 vel
987 3529 1152 3596 cognitione
1164 3529 1319 3582 contusa.»
1340 3527 1553 3582 contuentem
1639 3563 1640 3590 ,

380 3623 487 3678 uotltle
504 3627 549 3675 est
567 3621 720 3675 secundum
740 3621 858 3689 aliquod
878 3635 967 3686 genus
982 3621 1046 3686 plue
1066 3619 1197 3670 minusve
1215 3621 1361 3684 remotum,
1382 3619 1412 3669 et
1430 3633 1483 3684 per
1501 3617 1551 3670 ali·
1639 3599 1640 3652 l

380 3727 437 3782 que
455 3711 614 3766 eccidsntia
632 3727 694 3764 ecee
713 3711 939 3765 manifestantia.
960 3708 1079 3772 Quando
1098 3707 1132 3760 de
1151 3708 1209 3760 Deo
1228 3707 1335 3773 agitur,
1358 3727 1371 3753 ι
1385 3707 1447 3759 loco
1461 3707 1552 3772 cogni·

379 3801 470 3856 tionis
490 3799 603 3866 generis
622 3799 758 3852 habemns
782 3797 974 3864 cognitionem
993 3811 1044 3862 per
1063 3795 1230 3861 negationes
1287 3794 1348 3846 loco
1367 3797 1463 3846 autern
1483 3794 1551 3846 acei-

380 3889 508 3943 dentium
527 3889 663 3943 babemus
682 3887 868 3942 hebitudinss
888 3887 951 3940 eine
974 3885 1010 3939 ed
1025 3885 1205 3939 substanties
1228 3883 1381 3936 sensibiles
1398 3879 1465 3955 (ent
1487 3899 1552 3950 qno·

379 3979 516 4048 quomedo
536 3975 756 4050 preecognitas),
778 3979 824 4032 vsi
843 3977 996 4032 secundum
1008 3977 1248 4042 comparationem
1261 3988 1363 4026 caum
1376 3971 1550 4026 edsffcmm

380 4071 426 4124 vel
449 4069 600 4123 secundum
619 4071 858 4138 compunctionem
879 4083 1022 4122 excessus.
1042 4068 1089 4120 lte
1108 4081 1175 4130 ergo
1194 4063 1389 4130 cognoscimus
1408 4079 1448 4114 cn
1461 4071 1508 4128 cet,
1524 4067 1552 4116 et

379 4157 515 4214 hebemus
534 4161 593 4214 loos
612 4161 786 4226 cognitionis
805 4159 875 4227 quid
888 4167 935 4222 ser,
951 4159 1143 4224 cognitionem
1157 4149 1207 4222 per
1220 4153 1410 4219 negationem,
1425 4167 1478 4220 per
1489 4168 1550 4206 ceu·

320 4303 329 4328 ⁸
378 4247 525 4302 eelltetem
544 4255 573 4302 ct
590 4265 833 4317 peramoenum.»
848 4247 879 4306 S.
890 4249 943 4300 Tb.
958 4247 989 4299 in
1003 4247 1104 4299 Boetb.
1119 4245 1153 4297 de
1167 4245 1247 4297 irin.
1263 4245 1329 4297 leot.
1344 4243 1383 4295 11.
1396 4259 1424 4310 q.
1440 4241 1467 4294 2.
1483 4259 1510 4295 a.
1523 4242 1548 4293 3.

442 4333 484 4410 (d)
504 4341 546 4392 dea
567 4359 611 4402 της
635 4361 680 4392 rus
700 4345 836 4412 λογισμωυ
866 4337 970 4408 isuper
993 4335 1177 4408 ὶστοχασατο.
1196 4333 1240 4386 (Ji.
1261 4331 1435 4396 Albenses.
1449 4333 1547 4397 Legat

380 4441 409 4480 u.
424 4427 451 4482 7.
466 4447 653 4500 erogarentur
670 4427 824 4496 irridebor..
836 4425 954 4499 (nuces
975 4445 1022 4484 ser
1042 4421 1182 4482 inuberes.
