3280 5070
537 407 574 421 —
596 375 656 434 573
677 405 714 418 -

111 481 256 548 Frustra
278 481 514 550 obiicerentur
538 478 614 548 loea
636 476 851 568 Augustini,
872 476 930 544 nbi
942 479 1157 565 propositam
1179 485 1217 548 st

56 585 164 652 donam
191 591 266 654 eine
285 591 503 677 poenitentia
532 589 686 656 refertur
716 584 821 652 etism
850 584 895 652 ad
920 586 1215 674 perseverantiam

54 699 84 761 et
96 693 264 762 inclusive
288 693 333 762 ad
356 693 517 783 gloriam.
536 693 588 760 De
616 693 713 760 Dono
730 713 866 780 persev.
885 713 935 758 oo.
955 691 987 759 7.
1007 690 1062 759 13.
1082 691 1213 778 14.17;

53 799 87 867 de
107 799 259 889 Corrept.
277 809 314 868 et
336 809 429 889 grat.
449 800 591 891 passim,
619 798 766 866 menime
788 821 837 865 oo.
855 796 976 865 10-13.
994 797 1102 866 Nemo
1125 799 1215 867 anim

53 911 157 995 negat,
170 911 397 996 propositam,
416 909 510 978 sio'ut
532 907 687 976 diximus
702 905 744 974 de
759 905 958 974 nominibus
981 903 1216 992 praedestina·

54 1016 148 1078 tionis
169 1021 206 1082 et
229 1015 416 1098 electionis,
442 1015 548 1084 etiam
571 1015 615 1082 ad
638 1013 724 1082 haee
747 1012 838 1081 dona
852 1012 1042 1102 praecipua
1057 1035 1215 1100 perseve-

54 1121 177 1189 rantiae
189 1129 225 1190 st
236 1145 382 1191 aoranae
394 1131 556 1191 aeternae
565 1122 754 1212 pertinere·
765 1120 920 1208 Dignum
933 1125 1048 1187 tamen
1061 1120 1214 1189 animad-

54 1227 199 1296 versione
222 1235 288 1310 est,
306 1229 395 1319 qaod
420 1227 457 1294 in
472 1227 576 1295 libris
598 1225 795 1315 Augustini
811 1230 934 1292 eontra
956 1225 1165 1313 Pelagianos
1179 1231 1216 1293 et

53 1333 277 1402 Massilienses
283 1333 558 1423 praedestinatio
570 1341 606 1402 et
613 1335 828 1422 propositum
840 1355 1027 1423 numquam
1040 1333 1216 1401 referatur

53 1439 90 1508 ad
111 1441 256 1529 gloriam
281 1464 341 1530 par
365 1463 401 1510 se
424 1448 460 1510 et
484 1439 628 1509 seorsim
659 1445 868 1528 spectatam,
894 1439 979 1530 quin
1010 1438 1215 1508 includatur

53 1545 147 1613 simul
157 1545 432 1634 praedestinatio
448 1561 481 1613 et
495 1548 711 1634 propositam
727 1545 924 1611 collationis
943 1546 1084 1632 pratiae
1097 1568 1138 1611 ae
1153 1567 1216 1611 me·

52 1653 198 1720 ritorum.

108 1758 202 1827 illud
226 1781 333 1826 nuum
357 1759 393 1826 in
423 1759 516 1827 thesi
547 1759 759 1828 affirmamus
788 1765 824 1828 et
855 1759 975 1826 allatis
1005 1757 1215 1827 testimoniis

53 1865 135 1932 olare
156 1866 484 1951 demonstravimus,
503 1867 643 1934 nomina
662 1866 1008 1956 praedestinationis,
1027 1865 1215 1946 electionis,

52 1974 213 2060 propositi
235 1971 350 2039 divini
375 1973 537 2042 adhiberi
559 1975 603 2042 ab
632 1973 836 2062 Augustino
867 1976 972 2038 etiam
1001 1971 1043 2041 de
1072 1971 1217 2041 oonsilio

54 2079 243 2148 conserendi
265 2079 356 2148 done
378 2102 614 2172 quaeeunque
641 2081 926 2173 supernaturalia
952 2101 1013 2170 per
1029 2102 1067 2148 se
1088 2087 1125 2148 et
1147 2101 1216 2148 non

54 2185 177 2254 ratione
207 2187 488 2276 perseverantias
516 2195 552 2256 et
574 2188 710 2278 gloriae
739 2188 1039 2278 praedestinatae;
1064 2188 1217 2279 adeoque

53 2291 172 2361 falsum
194 2317 280 2380 esse,
299 2294 389 2364 dona
411 2295 484 2363 alia
507 2298 551 2364 ab
574 2297 777 2386 Augustino
802 2296 912 2364 solum
928 2295 1001 2364 diei
1024 2295 1215 2385 praedesti·

53 2407 140 2485 nata,
165 2407 339 2494 qnatenus
362 2403 592 2472 decernantur
615 2411 652 2472 et
673 2405 901 2471 conferantur
923 2426 965 2472 ex
993 2403 1217 2472 antecedente

53 2509 358 2594 praedestinatione
374 2512 417 2581 ad
427 2511 683 2602 gloriam.Vide
700 2511 893 2579 Tricassin.
907 2511 948 2580 de
958 2509 1213 2579 Praedestinat.

55 2640 81 2703 p.
92 2615 167 2685 347.
179 2641 270 2710 sqq.;
286 2619 367 2687 417.
382 2643 471 2711 sqq.;
486 2618 563 2688 I.B.
577 2619 692 2688 Faare
708 2619 753 2688 ad
764 2617 949 2687 Enohirid.
964 2617 1053 2686 o.98.
1068 2623 1151 2685 nota
1166 2617 1211 2684 2¹.

496 2823 639 2886 THESIS
661 2825 758 2885 LVII.

144 2947 238 3008 Dona
261 2949 321 3008 Dei
341 2967 413 3009 enm
435 2949 555 3009 tabent
576 2949 723 3009 ordinem
745 2951 780 3008 in
799 2951 1113 3026 praedestinatione,

366 3064 460 3124 qnam
482 3047 601 3107 natent
622 3050 659 3107 in
679 3049 893 3110 assecutione.

112 3213 181 3266 ·1ie
200 3211 301 3266 ordine
320 3227 374 3280 quo
393 3212 467 3267 dona
486 3215 538 3267 Det
558 3229 619 3268 esee
632 3215 782 3282 excipiant
794 3215 825 3268 in
843 3217 1064 3284 praeparatione
1084 3219 1115 3270 et
1133 3233 1216 3286 prae·

57 3319 66 3342 =
83 3299 292 3370 destinatione,
313 3317 349 3355 ex
367 3303 484 3356 Petrum
504 3303 634 3358 doctrina
657 3303 816 3357 universim
836 3307 928 3358 statui
947 3309 1059 3373 potest,
1081 3307 1217 3361 benefitia

57 3407 66 3432 ι
84 3389 130 3442 Dei
147 3391 178 3444 in
197 3391 463 3460 praedestinatione
481 3394 525 3445 ita
543 3409 573 3446 ae
593 3394 698 3447 habere
718 3393 753 3447 ad
773 3395 905 3448 neritum
925 3395 1097 3463 praealtam,
1119 3399 1153 3450 ut
1172 3413 1215 3451 ea·

57 3477 140 3533 ·dan
158 3481 297 3536 beneficis
315 3483 345 3535 in
365 3483 520 3536 collatione
539 3490 569 3537 et
587 3485 652 3551 ipsa
677 3485 734 3536 iam
757 3483 911 3538 donatione
932 3501 961 3539 se
981 3487 1089 3540 habent
1107 3485 1144 3540 ad
1161 3501 1217 3540 ine·

57 3567 166 3623 rrltun
183 3570 368 3638 requisitum:
390 3587 463 3640 quae
482 3573 575 3638 igitar
594 3572 668 3626 dona
681 3573 733 3626 Dei
747 3573 777 3625 in
791 3577 916 3641 tenpore
936 3575 1124 3628 oonierantnr
1144 3591 1218 3629 mere

57 3675 67 3700 ν
86 3660 216 3726 gratuito,
233 3659 329 3713 eaden
348 3661 429 3714 nodo
445 3661 673 3728 independenter
685 3678 702 3714 a
716 3663 897 3729 praevisione
917 3665 1046 3717 cuiusvis
1065 3665 1162 3717 meriti
1182 3665 1218 3717 ab

58 3765 67 3790 ν
84 3752 192 3804 aeterne
206 3749 469 3819 praedestinaatar;
485 3767 556 3819 quae
570 3767 638 3806 vero
651 3753 683 3804 in
696 3753 878 3807 exseoutlone
891 3755 1093 3807 retribuuntur
1105 3754 1218 3808 meritis

57 3855 67 3882 ¹
84 3841 323 3910 praecedentibus,
338 3857 371 3896 ea
390 3843 477 3895 attan
497 3843 528 3895 in
542 3845 661 3896 aeterna
672 3843 937 3909 praedestinatione
957 3859 1013 3896 nou
1033 3844 1101 3896 aine·
1115 3857 1216 3910 suppo·

58 3945 67 3970 ι
85 3929 134 3982 uta
152 3931 305 3984 eorundem
323 3932 489 3987 meritorum
509 3931 692 4001 praevisione
712 3931 933 3986 decernuntur.»

110 4111 208 4183 Siout
231 4115 344 4182 omnis
368 4115 526 4206 operatio
549 4115 595 4182 ad
619 4131 718 4184 entra
749 4119 799 4184 ita
822 4123 858 4185 et
885 4115 1158 4206 praedestinatio
1180 4117 1218 4184 in

58 4211 114 4282 Deo
128 4225 181 4287 est
196 4218 271 4309 ipss
294 4219 497 4288 intellectus
521 4219 667 4314 ipsaque
683 4219 848 4290 voluutas
864 4219 986 4288 divina
1003 4242 1079 4288 oum
1096 4241 1217 4290 sonno·

59 4319 173 4392 tatione
195 4322 425 4392 terminorum
449 4323 493 4394 ad
517 4347 604 4416 qnos
634 4327 805 4409 refertur,
832 4325 907 4394 sive
937 4325 1126 4394 effectuum
1156 4324 1218 4416 qui

60 4433 130 4495 aaut
148 4429 184 4496 in
208 4436 383 4500 ereatura.
403 4431 550 4516 Quando
573 4432 688 4522 igitur
712 4432 907 4524 quaeritur,
926 4456 971 4500 an
995 4432 1043 4502 sit
1058 4431 1113 4499 vel
1129 4453 1218 4523 quae
