3424 5076
890 369 928 384 -
949 336 1010 398 504
1031 367 1069 382 ·-

395 443 521 534 quibus
537 441 695 511 stultitia
710 449 764 512 est
776 442 919 512 verbum
931 441 1067 527 crucis,
1088 446 1130 510 ut
1140 441 1184 510 ad
1199 437 1379 509 Christum
1392 439 1562 526 venirent,

394 551 513 620 docere
537 550 718 636 voluisset,
745 550 867 640 procul
890 550 995 618 dubio
1010 549 1173 620 venirent
1187 554 1223 617 at
1237 548 1307 638 ipsi
1321 575 1338 610 n
1354 548 1476 617 Praed.
1500 547 1562 617 SS.

395 681 430 727 n.
458 658 512 728 13.
541 658 596 728 14.

461 768 574 836 Causa
598 767 650 836 ita
672 766 915 836 considerandi
938 765 1155 835 voluntatem
1178 764 1244 834 Dei
1259 764 1297 833 in
1312 762 1566 854 negotioiusti·

394 875 570 943 ficationis
591 881 628 943 et
649 875 777 944 salutis
792 875 999 964 Augustino
1014 881 1090 943 erat
1105 874 1255 942 maxima
1270 897 1312 944 ex
1328 874 1403 965 ipso
1419 873 1565 962 superbo

392 991 429 1052 et
458 983 633 1052 haeretico
663 1005 779 1052 errore
809 983 1092 1073 Pelagianorum.
1117 982 1295 1052 Docebant
1316 981 1431 1063 enim,
1456 981 1565 1048 Deum

392 1091 582 1160 contulisse
606 1091 764 1159 omnibus
787 1092 959 1180 gratiam,
985 1113 1106 1182 nempe
1130 1090 1167 1158 in
1191 1111 1309 1159 eorum
1332 1111 1436 1158 sensu
1458 1088 1564 1156 ratio·

392 1198 505 1266 nalem
537 1205 699 1267 naturam
731 1204 767 1267 et
797 1198 945 1268 liberum
976 1200 1184 1286 arbitrium
1218 1198 1278 1266 sed
1313 1196 1383 1264 iam
1414 1183 1563 1264 bominis

391 1329 465 1374 essa
489 1306 627 1375 salvare
650 1328 686 1375 se
709 1305 824 1396 ipsum
847 1308 985 1376 viribus
1007 1314 1156 1376 naturae
1179 1313 1216 1376 et
1230 1307 1351 1375 robore
1369 1304 1564 1374 voluntatis

392 1416 559 1503 (nudae),
585 1438 653 1482 non
677 1419 792 1483 autem
807 1416 873 1484 Dei
889 1439 962 1484 ease
978 1416 1117 1486 salvare
1133 1415 1318 1483 bominem.
1337 1414 1416 1497 Qua
1431 1413 1469 1482 in
1484 1413 1563 1482 haa-

389 1523 459 1591 reei
483 1521 595 1614 quoad
617 1522 759 1591 initium
776 1527 812 1591 et
825 1522 1079 1592 inchoationem
1095 1521 1225 1590 salutis
1241 1521 1286 1589 iia
1303 1521 1564 1590 consentiebant

391 1629 674 1719 Semipelagiani.
699 1629 794 1697 Dens
817 1629 943 1719 igitur,
970 1630 1122 1714 aiebant,
1148 1630 1391 1698 indifferenter
1406 1629 1563 1698 omnibus

389 1738 542 1806 contulit
564 1745 727 1806 naturam
751 1739 873 1806 bonam
896 1746 932 1807 et
956 1737 1171 1808 voluntatem
1193 1737 1339 1806 liberum
1370 1736 1559 1827 egregiam,

389 1845 537 1938 vultque
560 1846 646 1935 ipsa,
673 1853 714 1914 nt
736 1868 851 1914 omnes
874 1869 910 1915 se
934 1845 1072 1915 salvent
1094 1847 1169 1915 suis
1193 1846 1329 1916 viribus
1344 1853 1512 1930 naturaa;
1531 1843 1562 1912 ai

389 1954 449 2046 qui
473 1977 508 2022 sa
530 1976 599 2022 non
623 1953 782 2038 salvant,
809 1955 846 2022 id
871 1955 972 2023 unice
994 1977 1069 2022 esse
1093 1953 1191 2039 inde,
1223 1953 1306 2045 quia
1335 1952 1463 2022 nolunt
1485 1973 1562 2021 con·

387 2062 528 2131 tendere
551 2063 658 2130 bonae
681 2066 830 2130 naturae
854 2061 991 2131 viribus
1015 2064 1077 2150 (1).
1105 2061 1155 2130 Ut
1171 2083 1254 2151 ergo
1272 2060 1309 2130 S.
1327 2062 1457 2130 Doctor
1473 2060 1561 2130 hanc

354 2195 355 2198 ¹
387 2167 558 2237 haeresim
582 2169 783 2253 debellaret,
810 2191 878 2236 non
893 2173 966 2235 tam
981 2191 1069 2258 opus
1085 2168 1118 2236 ei
1133 2176 1210 2237 erat
1225 2168 1458 2252 considerare,
1476 2162 1561 2259 quid

388 2275 480 2340 bomo
503 2289 653 2362 praestat
676 2275 714 2343 in
737 2275 878 2360 negotio
902 2274 1042 2359 salutis,
1068 2275 1139 2344 nisi
1163 2282 1335 2368 quatenus
1357 2274 1424 2344 boe
1446 2274 1559 2367 requi·

385 2383 529 2450 rebatur
551 2383 595 2450 ad
623 2382 839 2471 repellendae
855 2381 1048 2451 calumnias
1063 2383 1104 2451 de
1122 2391 1251 2472 negata
1265 2381 1490 2451 acatholicis
1505 2403 1558 2450 ar·

386 2489 487 2557 bitrii
508 2489 691 2578 libertate3
717 2490 777 2559 sed
800 2490 918 2580 potius
940 2491 1171 2561 necessarium
1195 2497 1272 2559 arat
1294 2497 1404 2559 totam
1421 2497 1557 2560 contan-

385 2596 514 2666 tionem
537 2597 689 2686 dirigere
713 2598 757 2666 ad
781 2599 1086 2668 demonstrandum
1109 2598 1240 2689 primas
1263 2604 1381 2688 partas
1403 2619 1478 2668 ease
1507 2596 1556 2666 di·

386 2704 489 2772 vinae
513 2705 663 2793 gratiae,
689 2710 731 2772 ut
753 2727 794 2772 aa
816 2712 852 2774 et
874 2705 1033 2776 absolute
1056 2705 1252 2775 necessaria
1273 2710 1310 2773 et
1331 2705 1556 2796 praeveniens

384 2831 481 2878 omne
505 2811 668 2880 meritum
692 2833 732 2880 ac
756 2812 859 2902 plane
882 2814 1043 2902 gratuita
1066 2835 1140 2883 essa
1162 2812 1437 2902 intelligeretur.
1467 2813 1556 2881 Hinc

384 2917 612 3007 Augustinus
635 2925 742 3008 negat
764 2920 948 3010 imprimis,
975 2921 1130 2991 homines
1153 2945 1189 2990 ea
1213 2919 1364 3007 salvare,
1390 2921 1475 3013 quia
1490 2919 1556 3011 ipsi

449 3078 491 3156 (1)
504 3083 558 3137 Hie
576 3084 682 3136 abusus
703 3082 864 3137 testimonii
882 3087 1000 3139 Paulini
1019 3085 1054 3140 ad
1073 3085 1262 3140 adserendum
1287 3101 1408 3140 errorem
1429 3085 1554 3151 Pelagio·

383 3184 482 3222 norum
503 3173 533 3223 at
545 3169 837 3237 Semipelagianorum
857 3173 962 3240 optime
979 3173 1160 3239 intelligitur
1178 3188 1213 3226 ex
1234 3173 1263 3226 S.
1276 3173 1432 3240 Fulgentio
1452 3173 1553 3246 (deln-

383 3271 461 3309 oarn.
475 3260 504 3308 at
515 3271 558 3322 gr.
571 3257 606 3309 ad
621 3258 736 3310 Petrum
747 3257 857 3311 diacon.
870 3275 900 3312 n.
910 3254 970 3330 56.)
983 3260 1084 3314 anlon
1094 3277 1161 3316 varo
1170 3260 1375 3328 Apostolioum,
1387 3261 1439 3314 ubi
1451 3261 1555 3316 dicitnr

383 3343 417 3396 de
435 3345 502 3397 Deo:
525 3346 576 3412 qni
593 3348 659 3399 vult
676 3361 771 3400 omnes
791 3347 919 3402 homines
932 3350 1029 3403 salvos
1047 3350 1111 3404 fleri
1130 3355 1159 3403 at
1176 3349 1400 3416 adagnitionem
1419 3350 1553 3404 veritatis

383 3433 493 3500 venire,
513 3449 569 3486 non
586 3435 661 3487 sicut
681 3440 794 3503 oportet
811 3437 994 3504 intelligunt,
1013 3440 1063 3506 qui
1083 3439 1156 3493 hauc
1173 3441 1225 3493 Dai
1247 3440 1426 3493 voluntatem
1440 3441 1512 3493 aaut
1524 3440 1553 3492 iu

383 3522 463 3574 vasis
480 3523 692 3577 misericordiae
711 3526 751 3578 aia
769 3530 799 3578 at
818 3527 848 3578 in
872 3528 951 3580 raaia
969 3528 1030 3581 irae
1048 3529 1242 3598 accipiendam
1260 3530 1441 3596 existimant,
1461 3530 1553 3583 minua

382 3609 598 3664 considerantes
626 3615 837 3668 veracissimam
857 3614 1021 3684 Scripturas
1041 3619 1228 3686 sententiam,
1251 3635 1323 3686 quaa
1344 3618 1463 3674 divinae
1486 3636 1552 3673 com·

381 3699 519 3753 mandans
541 3703 778 3768 omnipotentiam
798 3705 969 3774 voluntatis,
991 3708 1094 3774 omnia,
1116 3709 1223 3776 inquit,
1237 3724 1430 3776 quaecumque
1449 3711 1551 3777 voluit,

379 3786 483 3841 iecit...
498 3789 634 3857 quomodo
654 3792 746 3857 igitur
765 3795 859 3847 omnia
876 3810 948 3862 quaa
960 3797 1034 3864 vult,
1049 3797 1127 3864 iacit,
1140 3800 1166 3851 ei
1178 3800 1278 3852 velena
1290 3799 1432 3852 hominem
1443 3801 1553 3853 salvum

379 3877 452 3944 dari,
473 3880 554 3933 euius
575 3883 654 3934 salua
674 3899 730 3935 non
750 3885 809 3936 nisi
822 3901 839 3936 a
860 3886 934 3938 bona
950 3886 1057 3954 incipit
1075 3889 1235 3956 voluntate,
1257 3890 1347 3955 ipsum
1365 3889 1437 3942 ceila
1449 3906 1510 3942 noa
1522 3889 1551 3940 ia

380 3967 491 4020 homine
508 3972 583 4023 Deua
601 3972 728 4038 inchoat,
749 3975 797 4025 aad
814 3983 847 4026 ct
866 3977 900 4026 cb
920 3979 973 4028 buc
991 3987 1134 4042 nascatur,
1156 3979 1301 4046 expectat!
1318 3980 1341 4034 0
1361 3994 1447 4047 quam
1464 3979 1550 4048 paesi·

379 4071 453 4109 mum
473 4060 554 4112 naias
566 4060 721 4130 adseritur,
739 4062 805 4117 dum
822 4065 934 4129 gratiae
947 4067 1000 4120 Dei
1013 4068 1219 4122 contumaciter
1229 4071 1455 4136 repugnaturi...
1470 4071 1548 4123 luna

378 4159 446 4197 vero
467 4163 561 4200 rernm
581 4151 650 4204 crdo
671 4151 750 4205 credi
767 4155 901 4220 putarive
924 4157 1079 4224 permittit,
1092 4161 1126 4210 ut
1136 4159 1222 4225 Deua,
1235 4159 1286 4225 qui
1305 4163 1416 4212 creator
1438 4161 1483 4212 eat
1499 4159 1544 4212 ho

376 4232 473 4300 minis,
487 4236 584 4289 valeat
594 4239 736 4293 hominem
755 4241 858 4310 iacere,
878 4258 935 4296 non
949 4248 1074 4314 mutare;
1091 4249 1119 4299 et
1133 4246 1183 4313 qui
1196 4247 1308 4301 nullius
1322 4253 1388 4313 eget
1406 4247 1544 4300 adiutorio

377 4323 410 4373 ut
428 4322 570 4378 hominem
587 4327 691 4396 faeiat,
710 4332 823 4396 operari
841 4340 932 4384 teman
952 4333 1116 4400 quodvult,
1137 4335 1171 4387 iu
1190 4336 1313 4388 bominis
1331 4339 1542 4400 calcamenes

369 4412 469 4476 pouit,
485 4413 653 4483 priusquam
671 4417 704 4470 ἐπ
721 4419 835 4472 tomice
853 4420 942 4488 iprum
960 4424 1031 4476 ualle
1048 4423 1225 4490 rapereris?-
