3376 5068
882 376 919 390 ..
940 344 1001 405 360
1022 377 1060 390 ..

334 475 340 486 ·
387 471 453 541 quo
476 449 616 539 propius
640 452 821 516 creaturae
844 449 994 517 suntad
1018 448 1203 538 imaginem
1230 456 1267 518 et
1289 447 1555 518 similitudinem

386 555 475 640 Dei,
500 578 539 623 eo
563 555 675 644 magis
703 555 841 644 proprie
872 560 954 624 sunt
983 555 1144 645 spiritus.
1170 556 1213 623 In
1243 557 1331 646 ipsis
1362 553 1558 644 Scripturis

387 663 503 730 anima
524 661 676 730 humana
707 661 895 731 secundum
919 662 1108 731 facultates
1138 662 1395 732 intellectuales
1426 661 1558 730 dicitnr

387 773 533 858 spiritus
557 791 671 856 πνευμα
693 770 738 839 ad
762 771 1020 840 distinctionem
1043 793 1064 838 a
1096 771 1329 840 facultatibus
1352 770 1556 852 sensitivis,

387 877 574 945 secundum
598 900 684 968 quas
698 879 816 947 eadem
832 880 909 968 ipsa
926 878 1125 946 substantia
1140 879 1332 948 informans
1348 882 1384 944 et
1399 877 1560 944 animans

388 1007 513 1074 eorpus
535 985 735 1075 appellatur
759 989 876 1054 ocima
898 985 995 1073 ψυχη.
1022 989 1115 1056 Hinc
1138 1009 1240 1077 porro
1264 985 1485 1054 substantiae
1507 985 1558 1053 in·

388 1093 606 1162 tellectuales
621 1093 716 1180 illae,
735 1117 822 1187 quae
838 1119 906 1165 non
922 1097 1131 1166 ordinantur
1145 1095 1190 1164 ad
1207 1116 1333 1186 corpus
1352 1117 1414 1183 per
1437 1094 1558 1162 huius-

389 1200 482 1268 modi
504 1201 692 1271 facultates
715 1203 922 1289 sensitivas,
948 1204 1130 1273 nobilioris
1153 1211 1237 1272 sunt
1259 1201 1394 1271 ordinis
1418 1208 1454 1269 et
1474 1205 1558 1290 pori

388 1307 545 1395 spiritus.
571 1307 729 1376 Ulterius
752 1309 868 1377 anima
889 1310 1029 1379 elevata
1050 1333 1111 1400 per
1134 1310 1224 1378 dona
1247 1308 1555 1399 supernaturalia,

388 1435 476 1504 quae
505 1419 589 1482 sunt
610 1421 646 1484 et
675 1415 842 1486 dicuntur
870 1419 1097 1507 spiritualia,
1129 1417 1328 1508 appellatur
1357 1417 1558 1506 spiritualis

389 1541 515 1608 πνευμα,
543 1522 643 1590 homo
666 1528 764 1592 totus
786 1547 847 1614 per
869 1524 959 1594 hano
979 1509 1210 1595 elevationem
1234 1532 1287 1594 est
1311 1524 1558 1609 meoparonem

389 1629 643 1718 comparatione
660 1651 738 1698 cnm
753 1629 949 1699 conditione
966 1654 1058 1700 mere
1073 1631 1241 1716 naturali,
1256 1632 1445 1700 seeundum
1458 1653 1557 1721 qnam

389 1735 522 1805 dicitur
545 1736 697 1805 carnalis
721 1761 861 1830 σαρκικος
884 1737 946 1826 (1).
973 1737 1012 1806 Si
1035 1739 1151 1828 igitur
1174 1761 1230 1806 res
1253 1737 1331 1828 ipsa
1360 1743 1554 1826 spectetur,

389 1864 491 1934 quam
514 1843 751 1934 philosophice
766 1849 803 1913 et
816 1844 1011 1934 theologice
1033 1844 1170 1913 nomine
1191 1847 1337 1932 spiritns
1360 1865 1557 1934 expressam

389 1951 561 2035 volumua,
577 1951 672 2019 Deus
689 1974 792 2020 sensu
808 1953 955 2031 maxime
971 1954 1111 2042 proprio
1127 1959 1181 2021 est
1196 1960 1232 2022 et
1247 1953 1379 2021 dicitur
1395 1953 1554 2041 spiritus,

389 2059 548 2150 quamvis
571 2065 727 2148 spectata
744 2059 962 2150 impositione
978 2061 1127 2129 nominis
1142 2061 1241 2150 prius
1257 2059 1299 2128 de
1314 2061 1443 2130 orestis
1458 2080 1556 2149 quam

389 2165 431 2233 de
446 2165 517 2234 Deo
540 2165 691 2252 dicatur,
710 2167 801 2258 quod
825 2189 1002 2236 commuue
1025 2165 1131 2236 habet
1153 2190 1231 2236 cum
1254 2166 1380 2236 ceteris
1404 2167 1479 2234 fere
1501 2187 1555 2231 no·

389 2271 552 2356 minibus,
567 2272 694 2364 quibus
710 2273 852 2342 divinas
867 2273 1097 2362 perfectiones
1108 2273 1332 2362 designamus
1340 2272 1437 2359 (vide
1453 2292 1556 2360 supra

389 2378 516 2448 Coroll.
529 2380 561 2448 1.
572 2381 617 2448 ad
628 2379 681 2448 th.
697 2381 830 2468 XHI.).

455 2486 505 2554 Π.
531 2487 598 2556 Est
618 2510 762 2576 prorsus
785 2488 986 2573 absurdum,
1004 2494 1046 2557 ut
1061 2510 1103 2556 ex
1127 2487 1233 2557 dictis
1255 2494 1364 2577 patet,
1387 2485 1479 2578 quod
1500 2487 1555 2554 do·

390 2593 464 2664 enit
486 2593 660 2684 Georgius
681 2595 837 2680 Hermes,
857 2595 1076 2685 spiritualem
1095 2594 1163 2663 Dei
1184 2601 1346 2663 naturum
1368 2593 1467 2662 nullo
1489 2592 1554 2659 alio

350 2705 353 2712 '
389 2700 506 2770 valido
536 2707 741 2790 argumento
775 2701 1006 2770 demonstrari
1035 2723 1135 2791 posse
1168 2706 1309 2791 praeter
1332 2697 1444 2784 illud,
1469 2698 1553 2790 qnod

389 2807 633 2898 suppeditatur
655 2808 694 2876 in
716 2814 820 2878 textu
842 2809 892 2876 Io.
909 2809 973 2878 IV.
993 2809 1057 2876 24:
1083 2810 1229 2898 spiritus
1252 2823 1301 2875 est
1324 2807 1427 2876 Deras.
1452 2807 1553 2874 Immo

388 2915 494 2984 huius
518 2915 740 3006 ipsius.dioti
757 2915 954 2986 Salvatoris
977 2916 1124 2985 tota'vis
1140 2915 1228 2984 satis
1242 2914 1401 3004 intelligi
1424 2912 1550 3004 nequit,

388 3022 458 3090 nisi
481 3028 596 3091 cetera
618 3022 793 3091 revelatae
817 3022 994 3092 doctrinae
1017 3021 1134 3112 capita
1149 3021 1191 3090 de
1207 3019 1435 3110 simplicitate
1457 3026 1491 3087 et
1504 3018 1552 3084 in·

389 3113 583 3198 tellectuali
613 3128 712 3213 vita,
737 3151 825 3220 quae
854 3129 950 3198 Deus
980 3136 1056 3212 est,
1083 3129 1189 3198 simul
1214 3130 1453 3197 conferantur.
1482 3124 1551 3192 Hac

390 3243 505 3304 autem
529 3235 714 3304 collatione
737 3236 904 3306 instituta
918 3242 973 3306 est
988 3237 1221 3318 verissimum,
1235 3235 1311 3303 illie
1326 3234 1461 3303 Christi
1482 3253 1550 3300 ver·

389 3341 443 3410 bis
466 3341 566 3412 velut
596 3343 780 3432 synthesin
811 3344 1053 3434 comprehendi
1076 3367 1193 3412 eorum
1217 3343 1386 3424 omnium,
1413 3337 1549 3433 quaein

390 3448 629 3538 superioribus
651 3449 808 3518 thesibus
824 3451 866 3519 de
888 3450 1051 3535 essentia,
1070 3451 1233 3534 veritate,
1251 3449 1407 3517 bonitate
1422 3453 1459 3516 et
1479 3445 1549 3514 sim·

390 3554 550 3644 plicitate
572 3555 638 3624 Dei
661 3556 896 3626 demonstrata
919 3565 1014 3645 sunt;
1032 3557 1098 3626 Dei
1122 3557 1213 3626 enim
1235 3562 1400 3624 naturam
1424 3555 1549 3622 omnino

389 3661 607 3750 spiritualem
622 3685 661 3731 eo
677 3663 787 3732 inciso
809 3664 998 3748 enuntiari,
1016 3687 1059 3732 ex
1083 3669 1249 3733 contextu
1271 3685 1354 3732 sane
1377 3663 1546 3752 probatur.

455 3769 498 3837 In
521 3771 590 3838 isto
612 3793 765 3840 sermono
788 3793 866 3840 oum
889 3772 1034 3840 muliere
1050 3771 1273 3841 Samaritana
1286 3771 1337 3838 Io.
1353 3769 1420 3838 IV.
1435 3767 1546 3836 20-24.
1673 3809 1674 3860 1

388 3876 551 3946 Christus
572 3877 741 3947 Dominus
764 3901 806 3946 ex
830 3886 958 3948 natura
980 3879 1045 3946 Dei
1070 3877 1253 3968 spirituali
1274 3877 1431 3962 deducit,
1456 3875 1547 3966 spiri·

389 3983 519 4052 tualem
541 3984 663 4053 debere
686 4007 759 4054 esee
783 3985 916 4054 cultum
939 3986 1018 4054 Dei:
1039 3985 1217 4074 aspiritus
1240 3989 1295 4054 est
1315 3985 1428 4069 Deus,
1452 3989 1547 4052 eteos
1673 3997 1674 4028 ³

389 4090 450 4181 qui
472 4089 620 4158 adorant
641 4113 730 4175 eum,
757 4092 794 4158 in
817 4090 948 4180 spiritu
970 4098 1006 4160 et
1029 4091 1180 4161 veritate
1203 4097 1339 4180 oportet
1361 4091 1544 4160 adorare.»
1590 4167 1596 4178 ,

454 4339 496 4417 (1)
514 4343 637 4411 corpor·
654 4345 720 4412 ipss
738 4344 943 4400 transformata
961 4346 992 4399 ln
1012 4347 1221 4399 resurreetione
1234 4344 1418 4399 dicunturex
1430 4340 1543 4411 proprie·

390 4432 499 4486 tatibus
518 4434 785 4502 supernaturalibus
803 4437 840 4490 ab
856 4434 993 4504 ⁴tpostolo
1013 4455 1181 4510 πνιυματικα
1199 4435 1226 4490 1.
1237 4433 1301 4490 (lor.
1312 4435 1376 4491 XV.
1388 4434 1433 4488 44.
