3360 5060
863 420 900 434 -
923 389 983 450 700
1004 421 1041 434 ..

301 537 308 554 2
368 497 550 582 dentibus)
572 493 622 562 eie
649 499 912 584 «cooperantur
936 495 972 562 iu
1007 495 1147 562 bonum:
1169 521 1184 554 o
1210 495 1364 587 adeoque
1397 497 1542 566 adversa

367 603 467 672 nulla
490 603 541 671 eis
558 602 711 671 timenda
739 607 834 684 eunt,
854 600 1020 692 quamdiu
1044 609 1183 671 manent
1208 603 1317 671 Deum
1340 603 1541 694 diligentes,

368 711 451 804 quia
474 711 568 778 Deus
591 733 631 777 ea
656 708 767 778 mittit
790 715 826 776 et
841 709 1018 798 permittit
1041 709 1084 777 ad
1110 710 1233 778 bonum
1258 711 1427 800 ipsorum.
1448 713 1543 782 Hauc

369 818 503 910 plenam
519 813 766 886 consolationis
778 815 971 882 doctrinam
984 817 1108 906 probat
1124 823 1159 885 et
1174 816 1333 885 declarat
1354 818 1545 909 Apostolus

367 925 602 1018 sequentibus.
625 921 743 992 cNam
768 943 854 1013 qnos
876 923 1078 1012 praescivit,
1104 931 1140 993 et
1167 924 1446 1014 praedestinavit
1470 951 1544 997 con-

370 1035 496 1103 formes
519 1031 597 1100 fieri
621 1028 785 1118 imaginis
808 1027 894 1097 Filii
918 1031 985 1112 sui,
1005 1035 1045 1097 ut
1068 1031 1117 1099 sit
1140 1031 1213 1120 ipse
1241 1032 1495 1122 primogenitus
1510 1035 1545 1103 iu

371 1139 492 1209 multis
516 1136 718 1206 fratribus»
738 1159 772 1204 v.
792 1135 848 1202 29.
874 1135 968 1204 Haec
991 1157 1110 1226 nempe
1138 1137 1289 1206 adversa
1304 1162 1372 1208 non
1398 1141 1546 1210 fortuito

370 1253 406 1317 et
428 1247 557 1338 absque
587 1243 650 1312 Dei
685 1242 829 1312 consilio
864 1241 1028 1311 accidunt
1048 1274 1063 1308 a
1082 1245 1216 1314 vocatis
1248 1254 1284 1315 et
1313 1247 1545 1336 diligentibus

371 1355 492 1442 Deum;
510 1381 525 1417 n
545 1353 603 1422 sed
627 1375 713 1446 quos
736 1351 826 1421 tales
850 1353 1059 1442 praescivit,
1086 1375 1143 1422 eos
1171 1355 1451 1444 praedestinavit
1474 1382 1544 1428 cou-

372 1465 498 1532 formee
529 1460 606 1530 fieri
634 1460 727 1529 Filio
751 1481 835 1546 eno,
867 1483 955 1552 quae
987 1461 1062 1550 ipsa
1096 1461 1321 1532 conformitas
1353 1470 1428 1532 tum
1459 1463 1543 1534 labo

372 1571 466 1640 riosa
489 1571 525 1640 iu
549 1569 613 1637 hac
638 1569 713 1636 vita
736 1575 810 1637 tum
834 1567 987 1658 gloriosa
1018 1568 1054 1636 in
1078 1567 1191 1638 altera
1214 1569 1395 1640 obtinetur
1418 1595 1545 1663 compa

372 1677 490 1747 tiendo
510 1700 586 1746 cum
603 1675 755 1762 Christo,
772 1675 923 1768 adeoque
939 1676 1162 1745 adversorum
1186 1677 1389 1762 tolerantia,
1409 1687 1450 1748 ut
1466 1681 1545 1750 mul-

372 1787 420 1854 tis
451 1785 693 1854 declaraverat
724 1785 760 1852 in
792 1783 1075 1852 antecedentibus
1106 1783 1170 1852 hoo
1200 1785 1326 1873 capite.
1351 1785 1404 1853 Eo
1433 1787 1545 1876 igitur

372 1893 529 1978 consilio,
549 1917 615 1986 quo
631 1892 713 1961 illos
730 1891 1005 1982 praedestinavit
1019 1891 1063 1960 ad
1081 1891 1358 1960 conformitatem
1385 1915 1464 1963 cmi
1492 1895 1545 1964 Fi·

373 2003 419 2074 lio
442 2025 504 2071 suo
529 2000 677 2092 primum
696 2021 754 2092 per
771 1999 905 2068 labores
928 2005 964 2067 et
980 2021 1040 2088 per
1063 1996 1213 2088 gloriam
1241 1997 1409 2069 donorum
1425 2021 1468 2070 ac
1485 2025 1547 2071 me·

373 2112 520 2181 ritornm
538 2109 674 2200 gratiae
691 2107 814 2176 deinde
831 2129 891 2197 per
909 2107 1057 2196 gloriam
1075 2113 1357 2190 consummatam,
1376 2109 1428 2176 eis
1443 2111 1548 2178 etiam

376 2217 486 2286 mittit
510 2217 669 2300 adversa,
695 2237 840 2306 quorum
865 2213 1053 2284 tolerantia
1082 2213 1171 2282 fiant
1202 2215 1407 2284 conformes.
1434 2215 1487 2285 At
1515 2217 1549 2285 in

376 2324 443 2394 tali
467 2321 782 2415 praedestinatione
806 2320 1062 2390 conformitatis
1089 2343 1166 2390 oum
1190 2319 1330 2390 Christo
1354 2345 1423 2392 non
1440 2323 1549 2392 solum

375 2455 443 2501 non
466 2430 661 2501 includitur
686 2427 958 2520 praedestinatio
982 2428 1025 2498 ad
1050 2428 1197 2518 gloriam
1221 2429 1331 2498 nullis
1359 2432 1550 2522 suppositis

376 2551 411 2610 et
433 2539 605 2634 praevisis
636 2536 793 2623 meritis,
821 2536 879 2606 sed
904 2537 1041 2605 omniuo
1065 2538 1298 2624 contrarium,
1326 2539 1550 2608 conformitas

378 2651 467 2721 enim
492 2671 552 2739 per
576 2645 711 2715 labores
734 2651 769 2714 et
793 2643 917 2713 merita
941 2649 993 2712 est
1017 2643 1171 2713 conditio
1201 2645 1265 2712 aab
1290 2667 1374 2736 qua,
1400 2651 1438 2714 et
1462 2647 1551 2715 ratio

377 2763 641 2848 propterquam
672 2751 955 2842 praedestinatur
982 2750 1206 2820 conformitas
1239 2751 1275 2818 in
1306 2751 1423 2841 gloria
1453 2755 1551 2844 regni

375 2862 520 2934 aeterni:
550 2859 722 2930 aheredes
746 2858 883 2950 quidem
907 2858 983 2942 Dei,
1010 2857 1193 2928 coheredes
1216 2863 1331 2926 autem
1355 2858 1502 2947 Christi,
1520 2863 1550 2930 si

376 2979 491 3042 temen
504 2964 1188 3058 compatimur,utetoonglorificemur.n
1201 2963 1348 3056 Insuper
1361 2965 1456 3036 clare
1469 2967 1548 3038 dici·

377 3085 449 3147 tur:
468 3099 552 3170 quos
568 3073 757 3167 praescivit
776 3071 1007 3164 praescientia
1024 3072 1146 3165 utique
1162 3071 1328 3142 benevola
1343 3081 1379 3142 et
1395 3075 1549 3164 practica

378 3192 440 3272 (ut
463 3183 718 3268 concedimus),
745 3181 805 3249 sad
829 3179 1021 3270 praescivit
1051 3187 1092 3248 ut
1117 3185 1258 3250 vocatos
1287 3191 1323 3250 at
1345 3181 1547 3267 dilectores,

378 3316 436 3363 eos
458 3291 525 3384 hac
548 3289 729 3381 supposita
753 3287 985 3378 praescientia
1009 3288 1288 3377 praedestinavit
1309 3289 1353 3358 ad
1370 3291 1549 3360 conformi-

378 3403 486 3466 tatem
510 3394 713 3487 completam
737 3394 774 3462 in
800 3393 915 3484 gloria
941 3399 1102 3480 acarna,
1122 3415 1209 3484 quae
1225 3395 1353 3464 iterum
1378 3403 1432 3465 est
1454 3417 1548 3488 praa·

379 3501 569 3574 destinatio
592 3509 669 3592 post
693 3499 856 3592 praevisa
879 3499 1015 3570 merita.

444 3611 516 3680 Neo
538 3609 582 3679 ad
606 3609 818 3698 probandum
843 3609 1055 3677 contrarium
1085 3608 1274 3701 quidquam
1306 3611 1488 3700 proficitur
1509 3635 1547 3682 ex

379 3717 553 3790 versiculo
577 3715 714 3786 ultimo.
736 3715 861 3798 «Quos
885 3723 1000 3786 antem
1028 3715 1320 3806 praedestinavit,
1348 3717 1411 3785 bos
1435 3725 1472 3787 et
1495 3741 1548 3788 vo

379 3827 485 3912 cavit,
511 3833 547 3896 et
570 3847 654 3914 quos
678 3823 829 3908 vocavit,
857 3823 919 3892 hos
942 3831 978 3893 et
1000 3823 1223 3910 iustificeris,
1249 3846 1335 3916 quos
1362 3831 1478 3894 summ
1500 3826 1548 3894 iu·

380 3933 564 4018 stificavit,
590 3932 672 4001 illos
695 3938 731 4000 et
753 3931 999 4021 glorificavit»
1019 3955 1054 4000 v.
1074 3929 1129 3999 30.
1155 3929 1436 4002 Praedcstinatio
1463 3933 1547 4004 euim

381 4041 483 4109 debet
505 4040 662 4129 intelligi
678 4041 793 4108 eodem
818 4039 915 4108 modo
938 4047 980 4109 ut
995 4039 1032 4108 in
1050 4061 1155 4108 versu
1171 4039 1410 4128 praecedente,
1429 4047 1465 4112 et
1480 4041 1547 4132 glo·

380 4143 532 4212 sificatio
548 4143 662 4213 eodem
680 4143 776 4212 modo
793 4149 834 4212 ut
849 4144 1072 4212 conformitas
1097 4167 1175 4212 cum
1197 4143 1349 4230 Christo,
1367 4145 1459 4237 quod
1474 4167 1547 4236 psu-

380 4248 414 4315 lo
437 4253 519 4317 ante
542 4249 867 4320 demonstravimus.
897 4249 996 4318 Unde
1022 4251 1124 4346 redit
1143 4256 1255 4320 totum
1282 4257 1544 4341 argumentum,

382 4355 471 4446 quod
495 4354 701 4426 deduximus
723 4381 764 4427 ex
790 4357 962 4428 versiculo
989 4358 1223 4428 antecedente.
1242 4357 1391 4448 Insuper
1411 4357 1547 4446 prom

380 4464 525 4528 tricatio
548 4463 645 4532 nullo
677 4465 773 4534 modo
796 4471 910 4556 potest
933 4465 990 4536 bic
1017 4467 1107 4537 sumi
1140 4473 1181 4536 ut
1203 4465 1478 4556 praedestinatio
1505 4464 1544 4534 ad
