3394 5056
541 576 1001 697 PROLEGOMENON

347 853 430 940 os
467 847 876 942 oeconomio
914 841 1188 938 carcerc

650 1087 887 1139 UNWN

476 1385 524 1447 De
543 1386 663 1446 obiecto
682 1385 852 1446 materiali
872 1383 1063 1461 theologice.

242 1579 258 1607 ι
272 1558 439 1625 'theologie7
460 1557 585 1611 nominis
604 1555 816 1622 significatione
835 1555 935 1609 latiori
954 1553 986 1608 in
1004 1568 1086 1607 usum
1106 1566 1278 1606 communem
1298 1550 1356 1603 iam

178 1671 193 1698 a
206 1653 324 1717 recepte
342 1650 502 1702 subiectum
520 1649 595 1702 circa
614 1647 689 1715 quod
715 1649 865 1712 versatur,
892 1648 922 1697 et
944 1645 1085 1698 obiectum
1109 1643 1242 1710 princeps
1267 1641 1355 1694 Deum

178 1762 193 1788 ι
207 1739 306 1806 habea
319 1739 460 1792 obiectum
473 1751 540 1791 vero
555 1737 753 1791 secundarium
763 1737 904 1790 veritates
916 1736 999 1802 elias,
1010 1737 1151 1802 qnatenus
1161 1734 1193 1786 in
1207 1731 1307 1786 ordine
1320 1729 1356 1784 ed

181 1851 195 1876 ι
207 1829 297 1882 Deum
314 1827 549 1881 considerantur:
570 1827 780 1893 significatione
798 1829 895 1878 tamen
913 1824 1052 1893 pressiori
1071 1821 1146 1892 apud
1159 1826 1289 1877 vetustos
1302 1823 1354 1875 Pe·

180 1938 194 1967 ι
208 1921 269 1971 tres
287 1917 469 1985 potissimum
488 1932 603 1984 graecos
622 1917 823 1984 frequentata,
850 1916 927 1968 Deus
956 1914 1019 1967 sive
1046 1911 1198 1967 secundnm
1222 1915 1355 1965 naturam

179 2030 194 2057 ι
209 2009 272 2062 eive
290 2006 445 2062 seeundum
464 2022 600 2075 personas
620 2009 766 2074 spectatus
785 2021 842 2060 non
861 2003 942 2058 modo
962 2003 1094 2072 primum,
1110 2001 1160 2056 scd
1173 2001 1256 2056 iuxta
1274 2015 1355 2056 voca·

179 2120 194 2147 ι
208 2097 272 2152 boli
295 2097 551 2174 cimmericum
570 2099 616 2150 eet
634 2095 796 2162 theologiae
815 2095 996 2150 obiectum.»

246 2281 276 2352 1.
291 2279 346 2350 Ex
359 2281 435 2372 ipso
450 2280 599 2350 nominis
614 2287 745 2371 etymo,
762 2301 896 2372 usuque
911 2301 980 2348 non
992 2277 1090 2346 modo
1104 2275 1209 2368 penes
1220 2275 1353 2363 fideles,

178 2389 240 2459 sed
262 2389 369 2458 etiam
392 2410 497 2480 penes
519 2389 672 2480 gentiles
695 2388 839 2458 solemni
861 2386 1040 2476 theologia
1062 2390 1117 2454 est
1138 2385 1298 2456 doctrine
1312 2385 1354 2454 de

178 2497 264 2566 Deo.
288 2497 527 2566 Potesttamen
550 2495 668 2564 eadem
691 2493 923 2562 materialiter
952 2491 1061 2561 latius
1084 2491 1128 2560 ad
1150 2491 1222 2560 alia
1243 2489 1357 2560 multe

176 2611 317 2695 praeter
338 2605 462 2691 Denm3
488 2625 576 2696 quac
597 2603 705 2673 latior
721 2601 934 2694 significatio
958 2624 1026 2670 non
1049 2601 1205 2692 impedit,
1225 2599 1354 2692 quomi-

176 2734 245 2781 nus
266 2711 363 2780 Deus
386 2711 499 2780 totius
521 2710 729 2802 disciplinae
758 2711 952 2781 subiectum
980 2705 1024 2796 (το
1051 2705 1249 2796 incantatas)
1277 2731 1353 2779 cen·

179 2819 307 2888 sendus
328 2819 388 2904 sit,
406 2824 444 2886 et
465 2818 636 2887 obiectum
658 2842 727 2886 non
750 2819 889 2912 quidem
904 2819 1045 2888 unicum
1059 2823 1096 2887 ct
1110 2815 1351 2907 adaequatum,

179 2927 341 3018 princeps
362 2931 489 3010 tamen,
514 2925 617 2994 etad
640 2925 731 3018 quod
754 2932 870 2996 cetera
891 2928 1108 2996 referuntur.

242 3033 335 3102 Nam
358 3031 392 3100 1⁰
408 3054 642 3125 quaecumque
656 3033 695 3100 in
709 3033 888 3124 theologia
901 3039 1039 3126 praeter
1062 3033 1184 3120 Deum,
1202 3029 1279 3101 eins
1294 3053 1353 3099 na-

178 3146 307 3242 turam,
332 3145 437 3232 atque
454 3140 637 3210 adtributa
663 3141 889 3234 internasque
915 3142 1149 3232 processiones
1170 3140 1353 3233 inquirun-

180 3251 250 3334 tor;
267 3269 310 3317 ee
324 3247 440 3316 omnia
462 3255 545 3316 sunt
566 3249 631 3318 Dei
656 3271 761 3339 opera
783 3251 828 3318 ad
850 3255 963 3336 extra,
983 3250 1040 3320 vel
1063 3250 1100 3317 in
1123 3249 1244 3318 ordine
1259 3269 1353 3318 orea-

182 3355 284 3424 tionis
307 3362 526 3442 cincturae,
553 3357 610 3427 vel
633 3357 682 3426 in'
695 3359 815 3428 ordine
838 3359 1127 3428 sanctificationis
1150 3363 1186 3428 et
1201 3359 1351 3448 gratiae,

181 3463 292 3533 velex
308 3463 405 3534 hisce
427 3463 493 3533 Dei
505 3465 665 3556 operibus
681 3473 951 3558 consequuntur,
971 3468 1058 3536 etin
1074 3467 1169 3535 hisce
1192 3465 1354 3556 operibus

179 3571 400 3662 contingunt.
418 3571 548 3642 Eorum
564 3579 681 3642 autem
693 3573 880 3664 explicatio
895 3581 932 3644 ct
946 3573 1094 3644 scicntia
1109 3597 1178 3642 non
1193 3579 1247 3641 est
1264 3575 1352 3639 theo-

180 3679 306 3769 loqioc,
322 3679 393 3750 nisi
416 3687 589 3772 quatenus
604 3681 870 3752 considerantur
892 3681 930 3752 in
953 3681 1074 3750 ordine
1096 3681 1140 3750 ad
1162 3681 1274 3750 Deum
1289 3701 1352 3750 cen

179 3786 222 3855 ad
245 3809 443 3878 supremum
477 3789 687 3880 principium
711 3812 733 3857 a
755 3813 822 3883 quo
845 3797 950 3876 eunt,
976 3797 1012 3858 et
1035 3811 1056 3856 a
1080 3811 1147 3881 quo
1177 3787 1352 3878 propriam

178 3894 347 3962 rationem
370 3895 512 3982 habent,
531 3901 566 3964 ct
588 3897 632 3966 ad
656 3896 818 3965 ultimum
841 3897 955 3982 finem,
974 3897 1018 3965 ad
1041 3919 1140 3988 qnam
1164 3901 1259 3981 snnt3
1278 3917 1351 3986 spc-

178 4001 301 4071 ctando
312 4003 476 4072 nimirum
486 4003 544 4074 vel
552 4005 703 4074 debitam
714 4005 917 4074 relationem
930 4005 1165 4076 conversionis
1174 4005 1218 4074 ad
1226 4005 1349 4091 Deum,

179 4111 235 4181 vel
257 4111 459 4182 relationem
486 4113 679 4183 aversionis
702 4115 745 4183 ab
774 4137 825 4183 eo.
850 4115 964 4208 Atqui
987 4117 1025 4184 in
1048 4115 1196 4184 scicntia
1226 4115 1352 4205 quavis

181 4221 348 4290 obiectum
370 4221 532 4312 princeps
554 4229 591 4291 ct
614 4223 806 4292 subiectum
829 4224 1081 4293 adtributionis
1103 4229 1157 4293 est
1181 4222 1283 4306 illud,
1308 4222 1352 4290 ad

181 4327 269 4418 quod
290 4335 407 4397 cetera
429 4329 543 4398 omnia
566 4351 653 4422 quae
676 4329 714 4397 in
736 4351 777 4398 ea
798 4337 1010 4417 tractantur,
1036 4332 1191 4400 ordinem
1207 4329 1348 4414 habent,

179 4439 217 4503 et
238 4436 301 4504 sub
322 4435 423 4506 cuine
445 4437 579 4508 ratione
593 4439 868 4509 considerantur.
887 4439 1111 4530 Intelligitur
1127 4459 1221 4528 crgo,
1242 4457 1348 4526 quare

1190 4567 1209 4603 1
