3360 5060
912 399 950 416 -
972 369 1033 430 690
1053 402 1089 416 -

412 468 562 552 derasae,
587 471 646 539 sed
670 477 870 540 constanter
886 473 960 562 ipse
977 473 1115 540 Pharao
1132 472 1310 540 induruere
1326 497 1382 540 eor
1395 497 1498 552 uem,
1512 479 1563 538 eut

413 574 612 642 induratam
619 575 735 663 seim
749 600 805 642 cor
820 581 891 644 eius
906 579 1383 665 (Exod.V11.13.2t;V111.
1399 579 1453 646 15.
1464 577 1562 662 leet

411 681 475 750 IX.
491 683 554 766 7.).
572 681 719 766 Quando
743 705 825 751 vero
849 684 916 750 iem
941 691 1045 754 euote
1067 695 1145 756 eret
1168 686 1371 754 voluntaris
1387 683 1566 776 per-vicetia
1663 757 1664 760 ,

411 811 472 878 per
495 795 567 856 tem
590 789 730 878 impium
754 793 1022 880 repugnantiam
1046 801 1168 862 contre
1190 794 1377 862 manifeste
1401 791 1565 870 mirecnls¹

412 903 486 964 tum
511 897 646 965 demum
679 897 716 964 in
747 898 860 987 signis
886 901 1112 990 sequentibus
1135 901 1214 970 inde
1236 921 1258 966 e
1281 908 1380 969 sexto
1403 901 1466 986 (1),
1490 899 1568 967 Deus

412 1005 583 1094 patrando
607 1005 769 1094 prodigio
792 1029 906 1074 coram
929 1007 1108 1078 Pharaone
1132 1009 1200 1076 iem
1223 1010 1365 1099 proprie
1383 1007 1569 1076 molitiein-

413 1111 540 1180 dureto
552 1111 685 1182 dicitnr
703 1143 719 1176 a
738 1113 920 1184 indureese
936 1137 994 1184 cor
1010 1115 1126 1199 eius,e
1146 1122 1188 1184 ut
1199 1116 1424 1184 menifestum
1440 1115 1499 1196 eit,
1514 1135 1571 1180 non

414 1217 670 1288 antecedentem
680 1218 745 1286 Dei
755 1218 981 1288 intentionem
993 1221 1194 1305 indurandi,
1205 1221 1264 1290 sed
1273 1221 1439 1290 effectum
1452 1218 1572 1286 malitie
1664 1221 1665 1284 i

415 1323 565 1390 hominis
579 1345 621 1391 ex
638 1323 818 1392 miraculis
830 1324 963 1392 divinis
976 1333 1134 1394 secutum
1146 1325 1296 1394 indicari
1309 1325 1447 1410 (Exod.
1455 1324 1518 1391 IX.
1527 1322 1571 1406 i&

415 1429 461 1498 X.
477 1431 509 1498 1.
525 1429 581 1498 20.
596 1429 651 1516 27;
667 1429 765 1498 XIV.
779 1431 814 1498 4.
829 1433 862 1500 8.
878 1432 962 1516 lu).
981 1432 1168 1522 Propterea
1191 1433 1228 1500 in
1246 1433 1359 1522 signis
1369 1433 1478 1500 etiem
1495 1430 1575 1496 bisce

416 1537 667 1628 posterioribus
689 1559 757 1606 non
781 1539 892 1608 solum
915 1539 1010 1608 Deus
1032 1539 1259 1622 Phereonem,
1284 1539 1345 1608 sed
1367 1539 1478 1608 etiam
1499 1539 1575 1606 Pbr-

416 1665 477 1712 reo
489 1666 524 1712 ee
540 1644 654 1732 ipsum
667 1643 850 1712 indurasse
865 1645 980 1714 adbuc
991 1645 1243 1714 diciturExod.
1260 1646 1325 1714 IX.
1339 1645 1396 1732 353
1411 1645 1515 1714 XIII.
1530 1643 1574 1711 15.

416 1752 510 1820 Heec
533 1751 722 1820 diversitas
746 1753 781 1820 in
806 1753 903 1820 mode
926 1752 1089 1844 loquendi
1113 1753 1155 1822 de
1172 1753 1395 1823 induretione
1412 1755 1451 1822 in
1471 1753 1580 1844 priori·

418 1859 480 1926 bus
496 1867 532 1927 et
547 1859 799 1949 posterioribus
816 1861 999 1950 portentis,
1019 1883 1107 1954 quee
1122 1863 1222 1930 nobis
1237 1863 1433 1930 attentione
1449 1861 1579 1932 videtur

418 1965 644 2054 dignissima,
683 1967 753 2036 vim
776 1967 977 2057 argumenti
999 1989 1067 2036 non
1091 1967 1210 2058 perdit
1232 1989 1274 2035 ex
1297 1990 1356 2050 eo,
1382 1969 1477 2059 qnod
1499 1969 1580 2036 Deus

418 2078 486 2144 iem
509 2077 621 2146 Exod.
636 2077 699 2146 IV.
718 2075 774 2162 213
797 2075 879 2144 VII.
895 2075 927 2144 3.
943 2075 1015 2144 ait:
1036 2105 1054 2140 ι
1070 2099 1135 2166 ego
1163 2076 1333 2146 indmsbo
1359 2103 1419 2148 eor
1441 2079 1579 2148 Pherae

419 2185 486 2270 nis;
508 2211 524 2244 n
544 2182 621 2252 illio
643 2183 734 2252 enim
757 2205 825 2250 non
848 2183 890 2252 de
914 2182 1068 2272 siugulis
1091 2183 1150 2252 sed
1173 2184 1215 2253 de
1238 2185 1397 2253 omnibus
1422 2183 1581 2275 prodigiis

420 2293 523 2362 eimrd
540 2299 576 2362 et
587 2293 762 2384 complexe
774 2315 885 2362 sermo
900 2301 965 2361 eet.
981 2292 1084 2362 Sicut
1097 2294 1213 2382 igitur
1228 2293 1323 2362 Deus
1335 2293 1580 2364 indurationem

420 2401 612 2472 Phereonis
624 2400 864 2468 tantummodo
876 2399 1050 2488 preesoire
1058 2399 1171 2468 Exod.
1182 2399 1251 2469 111.
1269 2399 1322 2484 19,
1337 2400 1391 2468 ite
1401 2423 1479 2468 eam
1490 2400 1580 2470 etiam

421 2511 552 2580 effluere
575 2507 720 2592 dicitur,
745 2507 827 2576 dum
851 2508 915 2576 sub
939 2506 1004 2576 bec
1028 2507 1262 2597 praescientia
1278 2507 1445 2598 prodigia
1460 2517 1578 2599 petret,

420 2639 507 2710 quse
529 2615 614 2686 licet
636 2615 819 2684 voluntete
842 2615 1065 2684 antecedente
1088 2615 1295 2684 ordinentur
1317 2615 1363 2686 ed
1381 2617 1480 2706 regis
1494 2615 1579 2685 emol-

421 2725 577 2794 litionem
602 2721 704 2810 (vide
728 2721 811 2812 Sap.
826 2723 852 2790 l.
869 2747 899 2790 c.
912 2727 937 2808 ),
964 2721 1216 2812 preevidentur
1238 2729 1355 2792 tanim
1378 2723 1515 2794 oeceeio
1535 2723 1580 2790 iu·

420 2841 503 2902 tore
526 2831 666 2898 maioris
689 2829 935 2900 indurationis.
954 2828 1148 2899 Voluntete
1164 2853 1266 2920 porro
1281 2830 1326 2898 ed
1343 2831 1436 2900 benc
1452 2831 1580 2900 indura·
1667 2867 1668 2874 1

420 2940 548 3008 tionem
572 2941 800 3027 consequente
824 2935 903 3018 vult
926 2937 1020 3004 Deus
1042 2936 1080 3004 in
1094 2943 1185 3008 eset
1201 2957 1352 3028 pereum
1368 2937 1581 3008 menifestum

422 3069 519 3116 auem
532 3046 759 3114 maiestatem:
780 3075 795 3106 a
810 3049 847 3112 et
859 3043 1029 3112 indurabo
1042 3065 1100 3114 cor
1115 3043 1204 3128 eius,
1218 3065 1260 3112 ac
1272 3053 1503 3136 persequetur
1518 3067 1581 3112 roe:

421 3165 457 3226 et
468 3154 690 3246 glorifioebor
702 3153 739 3220 in
752 3151 932 3220 Phar-eone
944 3157 980 3218 et
991 3151 1028 3218 in
1041 3151 1132 3218 omni
1143 3149 1302 3220 exercitu
1314 3151 1404 3235 eius,
1418 3153 1584 3243 scientque

422 3259 608 3349 Aegyptii,
623 3257 706 3350 quie
717 3278 781 3344 ego
794 3278 869 3324 sum
881 3255 1050 3322 Dominus
1067 3281 1082 3314 e
1101 3253 1314 3324 ExodXIV.
1325 3255 1360 3322 4„
1374 3257 1429 3324 17.
1438 3259 1487 3326 oi.
1498 3257 1540 3324 X.
1554 3256 1580 3322 1.

489 3369 535 3434 5⁰.
561 3364 729 3456 Sequitur
752 3383 855 3453 pense
880 3359 1026 3428 Peulum
1051 3381 1132 3449 pers
1157 3359 1284 3428 ultima
1306 3361 1387 3444 loci,
1415 3385 1515 3454 quem
1536 3383 1581 3430 en·

424 3475 605 3565 plicamus.
632 3471 733 3540 Siout
755 3491 798 3538 ex
822 3468 1079 3557 comparatione
1095 3467 1197 3536 Iecob
1212 3475 1250 3538 et
1263 3468 1361 3538 Esau
1375 3477 1413 3538 et
1426 3471 1581 3542 deefione

424 3581 529 3652 unius
553 3601 634 3672 pree
657 3579 769 3650 altero
791 3579 920 3669 ubsque
942 3575 1016 3646 ullo
1039 3583 1199 3665 respectu
1222 3578 1362 3667 generis
1379 3579 1436 3650 vel
1454 3601 1579 3672 operum

424 3689 592 3780 legalium
616 3713 651 3758 v.
679 3688 733 3756 14.
759 3687 937 3756 oriebatur
960 3685 1168 3754 difficultas:
1191 3685 1394 3776 «numquid
1425 3687 1582 3780 iniquiter

424 3799 517 3891 epod
540 3799 711 3867 neumr·
739 3797 790 3864 ita
813 3794 921 3864 buius
942 3791 1163 3862 difficultatis
1185 3791 1313 3860 solutio
1334 3793 1580 3885 depromptam

424 3905 635 3980 testimoniis
665 3904 867 3994 Scripturae
895 3901 1045 3972 nondum
1079 3899 1265 3970 videbatur
1287 3921 1362 3970 esse
1385 3901 1508 3991 meua,
1531 3898 1580 3968 sed

493 4105 535 4180 (1)
552 4107 657 4174 Plegee
676 4105 800 4172 Aegypti
820 4107 1007 4156 summantur
1027 4101 1120 4154 desen
1134 4115 1191 4152 non
1204 4101 1392 4168 competendo
1411 4104 1522 4170 signu·
1532 4101 1579 4169 pri·

428 4215 500 4252 num
521 4197 691 4252 nutationi·
705 4197 803 4261 virgea
816 4197 847 4248 in
862 4197 1021 4261 empentem
1035 4197 1065 4244 et
1075 4191 1209 4244 ultimum
1223 4189 1429 4246 submersionis
1441 4193 1578 4262 Aegyptio»

428 4307 489 4346 ron
509 4291 539 4344 tn
561 4291 642 4343 meri.
663 4289 717 4341 His
736 4287 845 4340 duobus
864 4285 1017 4340 eeeenettie
1041 4285 1126 4348 sigua
1145 4285 1214 4335 sunt
1240 4280 1402 4352 demeum,
1429 4283 1577 4354 quorunin

429 4397 479 4438 een
498 4379 600 4448 prinis
618 4383 649 4431 et
667 4377 697 4429 in
717 4379 816 4430 cebro
834 4375 945 4429 Pheneo
967 4389 1015 4428 eor
1037 4387 1118 4426 suan
1144 4373 1206 4441 lpse
1229 4375 1397 4440 inderent,
1422 4376 1452 4428 iu
1473 4371 1576 4442 reliquie

429 4471 495 4526 tude
514 4489 531 4526 e
549 4471 670 4536 septimo
690 4467 765 4522 neu·
781 4481 828 4520 eor
846 4465 1004 4520 Pharaonis
1020 4463 1173 4522 indueras
1195 4466 1311 4522 dtettor.
