3224 5068
894 375 933 389 -
955 343 1016 404 312
1036 375 1074 390 -

399 448 476 518 eive
498 471 567 516 non
590 447 639 516 sit
661 448 813 538 cognita.
839 447 913 516 Hoc
936 471 1019 540 ergo
1042 449 1141 518 modo
1164 455 1328 518 creatura
1349 449 1388 517 in
1411 455 1479 518 toto
1499 471 1563 518 suo

399 580 465 624 cese
486 557 618 626 habens
639 556 768 626 realem
784 556 1048 647 dependentium
1063 579 1085 624 a
1099 557 1184 642 Deo,
1203 557 1331 627 realem
1354 557 1460 626 hebet
1478 557 1563 626 rela-

397 663 527 732 tionem
542 664 588 732 ad
603 665 725 734 Deum:
742 665 838 734 Deus
854 671 970 734 cutem
994 663 1105 732 solum
1129 665 1326 754 concipitur
1341 664 1466 733 habere
1479 664 1563 732 rela-

396 769 523 839 tionem
536 770 580 838 ad
593 779 801 856 ereaturam,
817 771 900 862 quic
911 770 996 838 haec
1009 770 1052 839 ad
1065 771 1180 862 ipsum
1191 772 1359 858 refertum
1373 793 1441 838 non
1454 776 1563 837 eutem

397 877 488 969 quod
503 877 598 946 Deus
614 877 686 946 ullo
702 877 800 946 modo
822 901 844 945 a
863 885 1026 948 creatura
1048 879 1252 968 dependeat,
1270 879 1328 946 vel
1350 879 1389 946 in
1411 879 1480 946 Deo
1500 877 1562 943 ali-

397 984 480 1077 quid
502 991 668 1074 ponetur,
694 1008 761 1079 quc
784 985 828 1054 ad
852 993 1050 1054 creatorum
1074 985 1268 1072 ordinetur,
1295 986 1388 1055 unde
1411 984 1492 1052 baec
1513 1005 1562 1051 re·
1597 1005 1598 1080 ι

394 1092 482 1162 latio
504 1094 570 1163 Dei
593 1095 638 1163 ed
662 1100 859 1164 creaturam
883 1117 951 1163 non
972 1095 1082 1164 realis
1099 1101 1164 1181 est,
1184 1095 1244 1164 eed
1260 1095 1410 1164 rationis
1432 1100 1562 1162 tantum

396 1203 464 1286 (cf.
488 1203 524 1272 S.
540 1203 607 1272 Th.
623 1203 666 1272 de
689 1209 822 1293 potent.
842 1229 875 1296 q.
891 1205 925 1272 7.
941 1225 973 1272 a.
994 1203 1079 1291 lu).

460 1311 569 1378 Nulla
592 1313 706 1400 igitur
728 1311 765 1378 in
780 1312 852 1379 Deo
875 1313 951 1380 siva
973 1312 1121 1380 mutatio
1145 1313 1221 1380 sive
1244 1310 1447 1401 compositio
1462 1319 1560 1377 meta·

394 1415 544 1508 physica
560 1419 737 1511 multoque
754 1420 871 1486 minus
887 1419 1037 1508 physica
1054 1441 1097 1487 ex
1113 1419 1314 1488 huiusmodi
1337 1418 1561 1487 relationibus

394 1523 439 1593 ad
461 1533 562 1593 extra
585 1523 673 1614 fingi
703 1533 831 1614 potest.
858 1525 895 1594 S.
915 1527 1140 1615 Augustinus
1163 1525 1228 1594 has
1251 1526 1460 1610 relationes,
1484 1523 1559 1616 qnid

395 1632 478 1716 sint,
499 1641 534 1702 et
557 1633 722 1725 quomodo
745 1634 878 1702 nullam
901 1635 1147 1720 mutationem,
1173 1633 1327 1726 adeoque
1350 1657 1415 1702 nec
1438 1654 1559 1722 compo-

393 1739 555 1808 sitionem
586 1740 752 1809 inducere
781 1741 1053 1831 intelligantur,
1080 1743 1133 1811 ita
1162 1741 1327 1831 explicat.
1356 1739 1559 1822 eQuomodo

392 1845 506 1936 igitur
529 1847 785 1932 obtinebimus,
811 1847 904 1916 nibil
927 1849 1117 1918 secundum
1148 1849 1309 1919 accidens
1340 1848 1413 1917 dici
1435 1849 1556 1928 Deum,

392 1955 463 2022 nisi
486 1956 707 2048 quiaipsius
730 1965 878 2026 naturae
901 1956 994 2024 nihil
1016 1957 1148 2026 accidit
1170 1980 1238 2049 quo
1261 1962 1439 2040 mutetur,
1465 1961 1558 2024 ntea

393 2063 466 2131 sint
488 2063 684 2132 accidentia
699 2063 865 2148 relativa,
884 2085 973 2156 quae
989 2088 1067 2134 cum
1083 2065 1203 2158 aliqua
1224 2065 1420 2133 mutatione
1435 2085 1554 2142 rernm,

393 2169 434 2238 de
451 2170 577 2260 quibus
593 2171 771 2256 dicuntur,
790 2171 967 2258 accidunt3
983 2172 1076 2240 sicut
1099 2171 1231 2252 amicus
1247 2171 1398 2240 relative
1421 2170 1554 2252 dicitur,

391 2299 503 2369 neque
527 2278 618 2346 enim
643 2302 718 2348 esee
742 2279 868 2370 incipit
889 2279 961 2348 nisi
976 2301 1055 2348 cnm
1070 2301 1187 2347 amare
1210 2279 1376 2368 coeperit.
1396 2279 1429 2348 N
1433 2299 1555 2347 nmmos

392 2395 508 2454 autem
532 2409 609 2454 cum
640 2385 773 2455 dicitur
803 2387 976 2477 pretium,
1001 2387 1153 2456 relative
1176 2387 1327 2474 dicitur;
1354 2411 1423 2455 non
1452 2394 1555 2455 tamen

391 2499 548 2562 mutatus
572 2499 638 2578 cst,
657 2518 734 2563 oum
751 2516 827 2564 esse
843 2495 958 2584 coepit
981 2495 1133 2584 pretium
1149 2499 1238 2581 (tota
1260 2495 1409 2563 mutatio
1432 2493 1555 2562 scilicet

392 2607 428 2669 et
450 2601 576 2670 relatio
599 2601 706 2670 realis
731 2609 785 2672 est
807 2603 844 2670 in
879 2602 1077 2672 hominibus
1099 2601 1394 2688 aestimantibus).
1421 2601 1459 2670 Si
1482 2620 1554 2687 ergo

391 2729 551 2776 nummus
574 2706 676 2776 nulla
698 2707 756 2776 sui
786 2709 979 2776 mutatione
1001 2715 1119 2799 potest
1148 2709 1279 2777 totiens
1302 2708 1372 2778 dici
1394 2707 1551 2786 relative,

391 2819 522 2904 quanto
546 2813 661 2904 igitur
685 2813 827 2883 facilius
844 2814 886 2882 de
903 2815 968 2882 illa
983 2815 1262 2884 incommutabili
1277 2815 1344 2884 Dei
1367 2813 1554 2884 substantia

390 2921 552 2990 debemus
574 2919 744 3012 accipere,
770 2929 811 2990 ut
833 2921 886 2989 itu
909 2921 1049 2990 dicatur
1072 2921 1224 2992 relative
1246 2921 1382 3014 aliquid
1405 2922 1450 2990 ad
1471 2940 1553 2988 crea

390 3033 519 3113 turum,
538 3035 579 3098 ut
595 3029 754 3120 quumvis
779 3029 1019 3119 temporaliter
1042 3029 1192 3120 incipiat
1215 3028 1286 3098 diei
1302 3036 1347 3116 (a.
1358 3054 1395 3118 g.
1415 3035 1549 3108 creator,

390 3135 549 3204 dominus
584 3143 680 3224 eto),
706 3159 774 3207 nou
804 3143 921 3206 tamen
951 3136 1022 3227 ipsi
1053 3136 1272 3205 substantiae
1301 3136 1367 3204 Dei
1396 3135 1550 3205 accidisse

389 3242 525 3336 aliquid
548 3244 796 3332 intelligatur,
823 3243 883 3312 sed
906 3242 964 3312 illi
993 3233 1175 3314 creat'urae
1198 3243 1243 3313 ad
1274 3265 1377 3336 quam
1400 3244 1547 3314 dicituro

389 3350 484 3442 Aug.
499 3353 599 3422 Trin.
614 3353 639 3422 l.
655 3353 699 3423 V.
714 3377 749 3423 n.
767 3353 821 3423 17.
837 3353 906 3440 (cf.
926 3375 1034 3444 supra
1049 3353 1103 3422 th.
1118 3353 1218 3424 XXI.
1233 3376 1269 3424 n.
1284 3353 1349 3442 2⁰.)

819 3589 963 3652 THESIS
985 3591 1133 3652 XXVIII.

688 3731 848 3800 Quomodo
869 3731 954 3792 Deos
975 3731 1109 3810 ellipse
1130 3729 1263 3792 veritae.

456 3915 527 3968 «ax
547 3911 742 3968 demonstrate
754 3913 826 3966 eatis
845 3911 968 3964 electuri
987 3910 1170 3980 plenitudiue
1185 3925 1269 3979 porro
1287 3910 1468 3978 intelligitur
1484 3909 1544 3964 Dea·

392 4027 405 4054 ι
421 4019 482 4060 eree
501 4005 562 4072 ipro
583 4004 696 4067 veritae,
721 4001 786 4056 ione
803 4007 833 4057 et
848 4016 980 4058 mensura
998 4015 1130 4069 supreme
1148 4001 1240 4056 omnia
1261 4000 1436 4055 vertutis.-

455 4197 606 4289 Agimue
629 4200 671 4268 de
694 4199 864 4267 absolutis
887 4197 954 4267 Dei
977 4197 1252 4288 proprietatibus
1283 4218 1345 4265 seu
1379 4193 1541 4288 perlectio-

388 4314 491 4384 nibus
513 4313 580 4401 iis,
606 4337 752 4407 quarum
775 4313 922 4402 analoga
944 4315 982 4382 in
1005 4313 1180 4383 creaturis
1204 4319 1288 4382 sunt
1316 4309 1539 4382 transcenden-

387 4423 475 4493 talia
504 4421 577 4509 (ene
590 4471 601 4506 ‚
620 4445 728 4490 etcum
741 4471 752 4508 ,
777 4445 910 4506 cerum,
937 4421 1099 4513 bonum),
1125 4427 1205 4514 post
1234 4419 1447 4492 declaratam
1474 4433 1539 4502 argo
