3230 5072
886 369 924 386 -
948 339 1008 400 430
1030 370 1068 385 -

389 450 484 516 taret
505 444 702 516 intellectui
725 443 859 528 divino,
872 451 909 514 et
931 443 1016 512 baec
1039 465 1136 512 omne
1159 465 1281 512 verum
1304 441 1554 534 comprehende-

390 561 456 624 ret.
469 553 566 644 Ergo
588 575 729 621 rursum
746 557 858 636 actua,
872 551 956 621 licat
977 552 1015 620 in
1031 551 1119 620 reali
1135 551 1326 621 existentia
1341 551 1511 642 incipiens
1522 552 1556 620 iu

389 667 554 750 tempore,
569 657 756 728 constituit
777 663 892 726 tamen
917 659 1182 727 tundamentum
1205 663 1369 727 aetarnae
1392 659 1558 749 cognosci·

390 767 542 835 bilitatis
565 789 627 857 pro
650 765 798 835 scientia
820 765 974 834 infinita.
989 764 1187 835 Secundum
1209 765 1302 835 hanc
1315 767 1485 835 rationem
1507 767 1559 835 de

391 873 505 944 clarat
527 873 563 942 S.
583 873 733 941 Thomas
758 871 789 940 1.
813 896 847 964 q.
874 872 929 940 14.
956 894 988 941 a.
1015 873 1069 960 13;
1085 873 1127 942 de
1150 874 1256 942 verit.
1271 899 1305 966 q.
1320 874 1423 942 aaa.
1438 875 1557 958 1213,

391 981 557 1076 quomodo
579 981 674 1049 Deus
697 981 822 1048 futura
843 980 956 1048 libera
985 980 1227 1050 infallibiliter
1250 989 1458 1072 cognoscat3
1483 983 1561 1074 quia

391 1088 526 1158 scilicet
548 1109 589 1156 ea
604 1087 766 1157 intuetur
781 1111 849 1156 nou
866 1088 989 1174 solum,
1006 1096 1181 1181 quatenus
1196 1095 1282 1158 sunt
1297 1089 1561 1160 indeterminata

390 1195 428 1263 in
451 1195 640 1280 cansa,eed
662 1201 836 1287 quatenus
866 1203 1028 1266 creatura
1050 1197 1119 1265 iam
1142 1203 1227 1266 actu
1250 1197 1295 1266 ad
1317 1219 1425 1266 uum
1452 1220 1489 1266 ee
1509 1198 1561 1266 da-

390 1303 567 1374 terminat.
597 1302 844 1394 «Contingcns
875 1304 1065 1396 dupliciter
1095 1305 1310 1374 considerari
1339 1309 1467 1396 potest.
1489 1305 1561 1373 Uno

391 1410 490 1480 modo
513 1411 549 1478 in
573 1433 610 1479 se
632 1410 918 1501 ipso,secundum
944 1411 1035 1503 qnod
1057 1411 1126 1479 iam
1149 1411 1186 1479 in
1202 1418 1284 1481 actu
1299 1419 1367 1482 eet:
1380 1419 1420 1481 at
1434 1413 1560 1482 sicnon

392 1518 634 1589 consideratur
665 1523 707 1586 ut
736 1519 919 1604 futurum,
951 1518 1011 1588 sed
1035 1524 1077 1587 ut
1105 1541 1289 1608 praesens;
1317 1543 1429 1612 neque
1452 1525 1493 1588 ut
1520 1520 1560 1590 acl

391 1626 599 1696 utrumlibet
629 1625 857 1716 contingens,
883 1625 943 1695 ead
974 1631 1017 1694 ut
1039 1625 1305 1696 determinatum
1329 1627 1375 1696 ad
1398 1650 1558 1697 unum...

391 1733 475 1802 Alio
487 1733 585 1802 modo
597 1739 712 1824 potest
724 1733 939 1803 considerari
951 1735 1168 1825 contingens,
1180 1745 1226 1803 ut
1242 1740 1298 1804 est
1313 1733 1349 1802 iu
1366 1757 1434 1804 sua
1448 1757 1557 1804 causa

392 1843 487 1912 Deus
510 1848 624 1911 autem
649 1841 828 1932 cognoscit
850 1841 965 1909 omnia
987 1842 1227 1932 contingentia
1241 1865 1311 1910 uon
1327 1843 1453 1928 solnm,
1465 1850 1561 1934 prout

393 1950 536 2020 suntin
560 1949 634 2018 suis
658 1949 787 2037 causis3
805 1948 865 2018 sed
888 1949 992 2017 etiam
1017 1955 1123 2041 prout
1152 1951 1420 2042 unumquodque
1451 1973 1560 2020 eornm

393 2063 447 2128 est
468 2063 551 2126 actu
574 2057 610 2125 in
635 2079 671 2126 se
695 2057 784 2147 ipso.
804 2083 831 2151 n,

459 2166 604 2234 Patrum
627 2165 787 2235 doctrina
810 2164 947 2233 omuino
970 2162 1150 2234 luculenta
1172 2170 1238 2235 aet.
1256 2163 1397 2234 Etenim
1413 2169 1451 2251 c)
1467 2165 1559 2234 ratio

391 2295 468 2343 nem
492 2272 703 2363 cognitionis
726 2271 868 2342 divinae
890 2277 1055 2364 repetunt
1076 2294 1119 2340 ex
1142 2272 1342 2362 praesentia
1364 2295 1480 2342 rerum
1503 2273 1559 2340 sub

392 2387 533 2450 aeterno
556 2385 741 2472 conspectu
766 2379 886 2449 divino
910 2379 1098 2450 secuudum
1121 2402 1223 2448 suum
1240 2404 1308 2448 esse
1322 2381 1556 2472 cognoscibile,

394 2495 436 2558 ut
457 2488 642 2558 ostendant
664 2487 887 2557 infallibilem
911 2488 976 2556 Dei
999 2485 1265 2577 praescientiam
1293 2493 1435 2556 noemae
1464 2487 1556 2556 liber·

392 2596 461 2666 tati
485 2618 552 2665 non
576 2597 721 2664 officere.
741 2597 774 2682 b)
797 2596 942 2682 Doceat,
965 2595 1149 2664 veritatem
1173 2601 1274 2664 actus
1298 2596 1416 2665 futuri
1446 2603 1489 2666 nt
1509 2597 1556 2663 ob

392 2704 519 2774 iactum
543 2703 679 2772 ratione
695 2704 845 2794 priorem
860 2725 953 2788 essa,
975 2709 1012 2770 et
1025 2702 1303 2772 terminationem
1320 2703 1488 2774 scientiae
1501 2703 1556 2772 Dei

393 2811 438 2880 cd
460 2810 566 2880 talem
589 2815 706 2879 actum
730 2808 887 2898 intelligi
902 2809 1025 2878 debere
1042 2809 1319 2900 subsequentem.
1339 2815 1369 2898 c)
1384 2811 1556 2880 Rationem

393 2918 645 3011 praescientiae
668 2917 872 2986 describunt
894 2917 970 3002 ita,
988 2923 1029 2984 ut
1051 2917 1146 2984 Deus
1168 2939 1210 2986 ex
1234 2917 1395 2986 omnibus
1417 2919 1554 3002 actibus,

393 3027 439 3096 ad
462 3050 548 3120 quos
571 3025 719 3094 liberum
743 3024 929 3094 arbitrium
954 3045 990 3092 ee
1013 3023 1245 3094 determinare
1267 3031 1402 3116 potest,
1416 3049 1493 3096 enm
1513 3025 1555 3094 in·

393 3141 550 3218 tueatur,
562 3135 623 3227 qui
645 3155 768 3224 reapse
790 3139 845 3202 est
868 3133 1027 3218 futurus,
1045 3131 1122 3202 ideo
1145 3132 1229 3225 qnia
1251 3155 1372 3202 verum
1396 3139 1462 3220 eet,
1475 3133 1555 3203 bunc

392 3249 430 3313 et
452 3265 520 3312 uon
544 3243 653 3311 alium
676 3265 751 3312 esee
775 3243 946 3310 futurum.
977 3270 993 3304 n
1016 3241 1094 3310 Non
1118 3241 1250 3324 fatum„
1271 3263 1341 3310 non
1364 3243 1553 3324 iomanem,

392 3373 462 3421 nou
485 3349 619 3441 aliquid
643 3349 756 3434 alind,
771 3347 831 3417 sed
854 3347 965 3439 ipsum
993 3353 1214 3437 peccaturum
1247 3371 1320 3418 esee
1351 3349 1552 3439 praescivit,

394 3457 479 3552 qui,
505 3457 535 3524 si
559 3455 671 3541 nolit,
698 3455 834 3524 omuino
857 3476 924 3522 non
947 3459 1080 3545 peccat;
1101 3455 1159 3524 sed
1184 3455 1214 3524 si
1237 3477 1378 3546 peccare
1401 3455 1551 3536 nolucrit

395 3563 500 3634 ctiam
530 3563 595 3631 hoc
625 3563 687 3631 ille
717 3561 947 3653 praescivit»
983 3562 1078 3650 Aug.
1101 3561 1211 3630 Civit.
1234 3562 1301 3631 Dei
1323 3562 1369 3631 V.
1397 3563 1452 3632 10.
1476 3559 1551 3628 Vide

393 3671 446 3740 th.
457 3670 572 3739 XLII.
587 3693 623 3738 u.
636 3668 706 3737 111.

463 3777 706 3850 Gorollcrs‘om.
730 3773 857 3845 Merito
880 3772 1003 3844 Sixtus
1026 3774 1089 3843 IV.
1112 3775 1218 3844 iussit
1245 3777 1389 3846 Petrum
1411 3777 1452 3846 de
1473 3773 1549 3844 Biva

394 3887 534 3958 eiurare
557 3885 621 3953 has
642 3885 736 3952 inter
758 3881 849 3950 aliae
872 3880 1136 3972 propositiones:
1164 3883 1286 3952 «Deus
1300 3906 1369 3951 non
1391 3883 1546 3952 habetne

394 3995 512 4066 titiam
537 3999 668 4063 certam
692 4014 753 4060 seu
769 3989 998 4059 indicativam
1015 3989 1057 4058 de
1073 3989 1284 4080 significato,
1296 3993 1388 4084 quod
1402 3987 1545 4080 importat

395 4101 588 4194 propositio
600 4100 682 4168 fidei
695 4099 736 4168 da
748 4099 871 4168 futuro
887 4121 928 4166 ex
942 4119 1006 4167 sua
1021 4105 1149 4166 natura
1163 4105 1199 4166 et
1213 4099 1310 4168 modo
1326 4093 1541 4168 enuntiandis

399 4209 683 4300 uPropositioncs
706 4207 789 4276 fidei
812 4207 853 4276 de
877 4207 1000 4274 futuro
1022 4227 1092 4274 non
1110 4211 1193 4274 eunt
1208 4227 1312 4276 verae
1328 4205 1470 4276 veritate
1482 4221 1542 4294 pm

394 4317 475 4410 pria
495 4323 534 4386 et
555 4339 597 4384 ex
621 4317 737 4410 rigore
761 4315 875 4406 logico
891 4337 952 4383 seu
969 4313 1066 4382 modo
1082 4313 1301 4399 enuntiandi,
1316 4313 1375 4382 sed
1390 4317 1538 4382 neutrae¹

397 4423 437 4510 (i.
449 4445 479 4492 e.
493 4445 555 4492 neo
579 4445 681 4492 veras
704 4445 766 4492 uec
790 4423 912 4508 falsae,
927 4428 968 4491 nt
982 4444 1013 4490 a.
1028 4446 1064 4512 g.
1079 4422 1205 4492 Petrus
1219 4421 1363 4511 negabit
1376 4419 1538 4496 Christum
