3240 5064
562 390 600 404 ..
621 357 683 419 237
703 389 742 404 ..

61 463 101 534 ad
128 465 273 535 faciem.
305 466 360 534 At
389 486 458 532 non
489 463 605 531 minus
636 463 838 555 frequenter
868 463 992 533 Patres
1023 460 1235 554 propositam

60 571 186 642 habeut
209 571 448 642 exclusionem
463 569 564 638 illius
580 569 800 660 blasphemae
824 571 1014 654 doctrinae,
1035 593 1104 664 qua
1118 570 1235 638 Euno-

59 678 162 747 miani
187 679 328 770 plenam
344 685 381 748 et
396 679 624 771 adaequatam
648 678 881 769 cognitionem
904 679 973 748 sibi
993 677 1233 763 vindicabant,

58 793 95 854 nt
115 787 217 857 Deus
240 809 278 857 se
301 788 417 878 ipsum
439 787 552 856 novit.
578 787 679 856 Hanc
714 810 798 857 vero
833 787 1081 878 perfectionem
1112 809 1160 856 ss.
1178 787 1235 856 do·

59 901 168 965 atores
192 919 265 965 non
287 895 388 964 modo
410 919 473 988 pro
496 901 617 965 nostra
644 896 704 965 sed
727 895 886 964 absolute
909 918 971 986 pro
995 895 1087 966 omni
1118 895 1234 984 cogni·

57 1001 147 1071 tione
171 1003 281 1072 finita
307 1003 415 1072 etiem
442 1027 505 1094 pro
533 1003 669 1072 visione
693 1001 838 1072 coelesti
857 1007 894 1071 et
915 1002 1073 1092 angelica
1088 1007 1233 1092 negant,

58 1131 94 1178 ec
117 1109 190 1177 soli
214 1109 318 1178 Patri
341 1116 376 1178 et
391 1109 485 1178 Filio
508 1114 544 1179 et
560 1109 714 1200 Spiritui
730 1107 857 1178 Sancto
880 1109 1057 1200 propriam
1080 1131 1155 1178 esse
1178 1109 1235 1178 de·

57 1223 269 1286 monstrant.
294 1216 395 1286 Unde
419 1218 455 1286 in
479 1218 544 1288 hoc
567 1218 679 1288 altero
715 1217 815 1287 modo
838 1217 1044 1309 disputandi
1075 1216 1235 1310 quaestio

57 1347 121 1392 non
144 1333 227 1395 erat
250 1325 292 1394 de
316 1325 516 1415 cognitione
539 1326 700 1412 coelesti,
727 1327 845 1418 quotis
869 1349 908 1393 ec
931 1329 1002 1409 sit,
1027 1332 1147 1396 utrum
1170 1327 1233 1394 im·

60 1433 210 1502 mediata
225 1455 270 1501 an
287 1433 451 1522 mediata;
470 1433 529 1503 sed
546 1434 726 1525 supposita
742 1433 876 1503 visione
898 1433 1112 1520 immediata,
1131 1453 1234 1524 quam

59 1538 257 1609 adversarii
280 1540 366 1609 adeo
397 1563 466 1608 uon
488 1541 687 1630 negabant,
713 1546 756 1609 ut
778 1541 884 1610 etiam
914 1539 1233 1631 comprehensivam
1300 1530 1304 1540 ’

61 1670 129 1717 esse
152 1649 324 1734 dicerent,
351 1648 659 1718 demonstrandum
683 1653 772 1733 erat,
798 1649 917 1741 qualis
941 1673 980 1715 eo
1002 1673 1070 1714 aon
1095 1651 1156 1732 εἰη
1180 1649 1232 1717 vi-

61 1755 184 1826 delicet
198 1779 243 1826 ne
259 1755 455 1845 angelicam
472 1756 610 1847 quidem
626 1761 662 1825 et
677 1778 872 1846 supremam
889 1755 1123 1852 cognitiqnem
1141 1777 1232 1825 crea·

62 1867 158 1932 turae
180 1864 219 1933 in
242 1863 321 1934 luce
346 1863 488 1934 coelesti
510 1887 610 1955 posse
635 1887 709 1933 esse
733 1863 786 1931 ita
808 1863 945 1954 plenam
969 1869 1005 1932 et
1026 1865 1230 1953 perfectam,

63 1969 194 2060 qualem
216 1972 387 2042 haeretici
404 1972 515 2062 ipsam
532 1971 764 2061 cognitionem
779 1971 966 2040 humanam
983 1969 1019 2038 in
1038 1969 1232 2060 caliginoso

65 2075 220 2150 hocloco
242 2101 318 2149 esse
342 2080 555 2148 asserebant.
583 2078 684 2148 Sicut
713 2079 829 2168 igitur
852 2077 890 2146 in
914 2077 979 2146 hoo
1002 2083 1102 2146 statu
1126 2099 1229 2169 qnae·

65 2183 185 2254 ationis
206 2209 275 2255 non
299 2191 354 2254 est
377 2186 609 2276 exspectanda
632 2207 653 2252 a
675 2185 841 2254 Patribus
870 2183 1060 2275 explicatio
1083 2184 1232 2256 visionis

68 2289 263 2382 maiitiam
299 2294 352 2363 ita
386 2293 529 2384 negatio
560 2293 738 2383 perfectae
767 2295 913 2360 cisionis
946 2293 1065 2384 inique
1096 2294 1233 2362 omnino

66 2395 318 2491 intelligeretur
336 2399 436 2470 velut
449 2400 591 2490 negatio
605 2399 753 2471 visionis
769 2399 1001 2470 immediatae.
1019 2402 1071 2469 At
1084 2424 1153 2469 non
1168 2401 1230 2469 mi·

68 2528 126 2576 uns
148 2509 282 2578 clarum
305 2515 382 2593 est,
408 2509 446 2576 in
467 2508 534 2578 hoc
556 2507 655 2576 modo
679 2508 904 2598 disputandi,
931 2509 1013 2577 dnm
1042 2509 1165 2577 Patres
1189 2507 1231 2578 de

70 2613 192 2685 visione
214 2616 389 2685 intuitiva
410 2639 480 2684 non
503 2623 586 2685 sunt
609 2615 755 2684 solliciti
778 2621 814 2685 et
835 2616 1068 2686 exclusionem
1084 2614 1230 2685 visionis

69 2725 232 2810 perfectae
254 2724 357 2794 unice
373 2745 414 2794 ac
429 2723 670 2795 vehementius
694 2731 836 2814 urgent,
861 2747 961 2816 posse
984 2745 1165 2793 occurrere
1182 2721 1230 2790 lo·

71 2831 238 2916 cationes,
264 2853 353 2922 quae
375 2853 436 2921 per
460 2854 497 2900 se
532 2836 709 2922 spectatae
731 2853 860 2921 negare
893 2831 1082 2900 videantur
1116 2829 1228 2919 ipsam

70 2937 224 3009 visionem
247 2939 467 3026 intuitivam,
482 2945 518 3008 et
540 2961 608 3008 non
630 2939 701 3007 nisi
725 2939 942 3008 considerato
965 2961 1067 3028 scopo
1090 2943 1126 3006 et
1149 2935 1229 3004 dili·

71 3049 156 3133 genti
177 3047 365 3118 collatione
388 3048 543 3118 locorum
565 3049 635 3117 rite
655 3049 825 3138 explicari
849 3052 988 3141 queant.
1007 3048 1127 3140 Neque
1144 3045 1229 3115 dici·

70 3175 144 3242 nus,
168 3163 252 3225 ante
276 3163 388 3225 motas
411 3156 632 3249 quaestiones
655 3179 760 3246 penes
784 3179 900 3225 omnes
920 3155 1043 3225 Patres
1067 3158 1229 3224 vetustos

72 3265 214 3335 redonas
231 3265 273 3334 de
297 3264 432 3334 visione
449 3263 611 3334 beatifica
626 3287 700 3333 esse
715 3286 822 3358 aeque
839 3265 953 3334 claras
969 3287 1009 3334 ac
1025 3264 1226 3350 distinctas,

72 3369 150 3441 sicut
170 3372 377 3463 proliciente
393 3372 568 3462 dogmatis
586 3373 817 3464 explicatione
837 3373 999 3463 deinceps
1022 3372 1229 3441 determina·

71 3480 118 3544 tae
137 3487 240 3564 sunt;
268 3475 328 3546 sed
352 3476 614 3561 contendimus,
641 3499 712 3545 rem
735 3477 847 3568 ipsam
870 3477 1018 3545 visionis
1032 3477 1099 3545 Dei
1122 3476 1229 3546 intui·
1274 3481 1281 3494 '

72 3581 152 3654 tivae
179 3609 200 3654 a
223 3585 473 3674 chrysostomo
496 3590 533 3654 et
555 3584 637 3653 aliis
659 3590 731 3653 tam
754 3585 877 3654 multis
900 3586 961 3678 qui
992 3591 1227 3672 accusantur,

72 3711 126 3761 nou
147 3693 281 3784 negari.

125 3799 186 3869 llis
209 3799 436 3892 praestitutis
458 3799 666 3869 veniendum
691 3805 745 3870 est
760 3800 805 3868 ad
829 3799 998 3890 speciales
1023 3798 1228 3868 declaratio·

73 3925 122 3976 nes
141 3908 317 3978 doctrinae
341 3907 464 3978 horum
487 3907 633 3976 Petrum
658 3908 845 3976 secundum
877 3907 1054 3998 triplicem
1077 3905 1230 3996 'classem

74 4011 103 4081 in
121 4015 209 4085 thesi
226 4017 430 4102 indicatam
449 4014 513 4084 alii
528 4016 620 4084 euim
636 4037 705 4084 non
720 4016 891 4086 visionem
914 4013 1151 4083 immediatam
1169 4013 1229 4083 sed

76 4123 391 4214 comprehensionem
412 4124 479 4192 Dei
503 4145 565 4213 pro
588 4123 664 4214 ipsa
689 4117 980 4214 coelestisp'atria
1011 4121 1228 4207 exclusisse,

77 4225 127 4296 elii
146 4231 311 4302 visionem
335 4231 513 4316 sensilem,
540 4229 604 4298 alii
627 4229 798 4300 visionem
822 4230 927 4299 simul
949 4234 987 4298 et
1009 4227 1228 4320 comprehen-

78 4335 185 4407 sionem
206 4340 348 4410 divinae
371 4339 542 4408 essentiae
566 4337 805 4410 tantummodo
829 4336 867 4405 in
900 4336 1100 4428 cognitione
1122 4334 1230 4403 huius

79 4442 158 4514 vitae
176 4467 320 4538 negasse
344 4443 508 4516 censendi
530 4450 625 4516 sunt.
