3280 5070
578 390 616 406 -·
638 359 698 420 613
719 390 757 404 -

64 465 320 556 Hieronymus
343 470 412 556 (ep.
439 464 484 536 ad
507 463 662 552 Hadia),
688 464 949 534 Ambrosiaster
972 471 1038 536 etc.
1066 471 1178 536 totum
1203 489 1257 537 aa·

63 579 134 664 put
149 572 226 642 IX.
246 573 343 642 Rom.
370 571 549 663 explicant
571 572 644 659 ita,
670 581 711 642 ut
735 595 874 642 sensum
897 573 940 642 ab
964 573 1179 645 adversariis
1203 574 1256 644 in·

64 681 227 752 ductum
249 680 371 751 multis
394 690 431 753 et
453 681 587 752 diserta
610 681 850 773 disputatione
873 681 1074 752 excludant.

135 789 187 859 In
215 789 372 860 textibus
395 788 544 883 reliquis
574 789 637 882 qui
668 790 838 874 citantur,
872 789 929 859 vel
959 790 1063 858 obvia
1085 790 1255 881 inspectio

63 895 276 982 convincit,
300 894 434 965 nullam
458 917 533 966 assa
550 896 755 966 mentionem
773 896 1105 987 praedestinationis
1121 897 1165 966 ad
1182 898 1256 988 glo·

64 1004 164 1072 riam
202 1011 380 1096 spectatae
411 1003 595 1074 seiunctim
620 1026 641 1072 a
663 1003 980 1096 praedestinatione
1011 1004 1053 1074 ad
1082 1005 1254 1097 gratiam

66 1119 105 1181 et
126 1111 283 1204 proinde
299 1111 404 1183 etiam
420 1111 554 1183 nullum
574 1111 763 1202 vestigium
782 1110 960 1182 doctrinae
975 1111 1256 1182 adversariorum

66 1219 111 1288 de
129 1220 262 1291 ordine
278 1220 371 1290 inter
387 1219 738 1312 praedestinationem
755 1219 799 1290 ad
816 1220 965 1312 gloriam
982 1229 1018 1290 et
1029 1221 1073 1290 ad
1088 1222 1253 1312 gratiam.

63 1325 167 1420 aph.
185 1327 219 1398 Ι.
239 1328 339 1398 1-13.
358 1335 393 1398 et
409 1328 497 1398 locis
512 1327 661 1420 geminis
677 1329 827 1420 primum
844 1329 975 1399 diserte
990 1328 1150 1422 loquitur
1163 1329 1256 1422 Apo·

66 1437 194 1508 stolus
226 1436 269 1508 de
302 1437 460 1507 omuibus
491 1437 654 1507 fidelibus
682 1437 806 1507 saltem
831 1438 873 1507 de
896 1438 1055 1508 omnibus
1085 1439 1191 1508 iustis
1214 1463 1256 1509 ex

64 1543 224 1617 Iudaeis
248 1552 284 1617 et
306 1569 348 1616 ex
372 1546 536 1636 gentibus
559 1550 609 1633 (v.
629 1547 683 1616 12.
701 1554 737 1617 et
753 1547 838 1636 la.);
864 1556 1045 1639 praeterea
1067 1549 1255 1617 terminum

66 1652 262 1724 electionis
285 1659 322 1724 et
344 1654 674 1746 praedestinationis
697 1677 765 1724 non
788 1656 939 1746 gloriam
962 1656 1021 1725 sed
1043 1657 1198 1747 qratiam
1221 1662 1257 1726 at

66 1766 302 1854 sanctitatem
318 1763 486 1833 declarat:
505 1763 642 1854 aelegit
652 1785 726 1850 nos,
742 1770 783 1834 ut
795 1787 947 1834 essemus
965 1761 1017 1853 (ἑις
1028 1787 1060 1828 το
1074 1759 1146 1829 ica
1162 1761 1251 1852 ἡμας)

68 1871 196 1941 sancti
220 1878 256 1942 et
277 1870 522 1941 immaculati»
540 1877 607 1941 etc.
625 1869 731 1941 quta
746 1871 1028 1942 adversariorum
1046 1871 1256 1962 interpreta-

67 1977 210 2048 tionem
241 1978 356 2070 igitur
378 1978 576 2049 revelatum
599 1979 824 2066 haberemus,
851 1979 974 2049 saltem
997 2003 1111 2049 omnes
1134 1980 1255 2050 fideles

68 2085 193 2156 iustos
217 2091 372 2178 tempore
395 2087 597 2179 apostolico,
616 2093 652 2158 et
675 2091 833 2179 spectata
849 2087 1081 2158 destinatione
1098 2088 1255 2180 Scriptu-

69 2215 134 2263 ras
150 2217 219 2286 pro
233 2193 395 2266 Ecclesia
410 2197 562 2266 omniurn
575 2203 742 2282 aetatum,
757 2195 877 2265 fideles
893 2196 1103 2266 iustificatos
1119 2198 1256 2266 omnino

70 2321 198 2372 omnes
221 2325 295 2372 esse
325 2303 605 2395 praedestinatos
628 2302 674 2372 ad
702 2303 864 2394 gloriam.
894 2303 970 2372 Hac
999 2303 1256 2395 interpretandi

71 2418 154 2480 arte
172 2433 251 2482 cum
267 2409 415 2482 Calvino
438 2411 683 2502 perveniretur
702 2412 748 2481 ad
770 2412 931 2502 neganda
953 2412 1068 2481 omnia
1091 2412 1181 2481 dona
1199 2436 1255 2482 su·

70 2519 323 2606 pernaturslia
344 2519 411 2606 iis,
437 2519 500 2612 qui
528 2542 597 2588 non
626 2523 712 2588 sunt
741 2519 999 2610 praedestinati
1029 2520 1074 2589 ad
1105 2519 1255 2611 gloriam

72 2632 277 2713 aeterm,
302 2633 339 2697 et
361 2627 405 2696 ad
435 2627 714 2698 constituendam
745 2626 938 2697 Ecclesiam
968 2627 1184 2699 invisibilem
1212 2651 1255 2699 ex

71 2735 238 2806 omnibus
260 2741 297 2804 st
319 2733 405 2804 solis
427 2734 714 2827 praedestinatis.

144 2847 177 2932 a)
200 2842 443 2934 Augustinum
467 2843 559 2938 quod
583 2843 738 2929 adtinet,
763 2843 840 2914 eius
863 2842 1057 2935 disputatio
1080 2851 1156 2914 tcta
1178 2851 1255 2916 erat

73 2949 117 3020 de
141 2951 463 3044 praedestinatione
485 2951 624 3042 gratiae
640 2951 697 3022 vel
712 2952 849 3043 gratiae
872 2951 978 3022 simul
994 2959 1030 3022 ct
1045 2952 1180 3044 gloriae
1196 2944 1253 3022 bx-

73 3057 188 3129 clusis
210 3059 347 3130 meritis
369 3059 534 3130 humanis
557 3083 599 3130 ex
623 3061 762 3130 viribus
783 3065 943 3130 naturae.
966 3060 1113 3144 Quoties
1136 3067 1254 3132 autem

73 3169 285 3238 mentionem
307 3168 432 3239 iniecit
465 3167 507 3238 de
529 3168 848 3260 praedestinatione
878 3167 1012 3258 gloriae
1035 3191 1097 3260 per
1120 3193 1156 3238 se
1180 3192 1254 3261 spe·

75 3280 206 3364 etatae,
230 3276 331 3369 plene
355 3277 575 3347 consentiens
599 3276 725 3346 ceteris
748 3276 915 3345 Patribus
945 3277 1136 3367 praemium
1160 3278 1255 3347 vitae

75 3391 242 3455 aeternae
265 3385 381 3455 eodem
403 3383 543 3470 ordine,
576 3405 644 3476 quc
668 3381 773 3451 datar
796 3383 932 3452 meritis
963 3385 1122 3474 gratiae,
1148 3387 1254 3454 etiam

72 3491 335 3590 praedestinari
349 3492 569 3582 significavit
582 3491 650 3580 (th.
665 3491 809 3579 LVII.).
823 3491 890 3561 Sed
904 3514 991 3583 quae
1003 3515 1045 3562 ex
1059 3493 1255 3584 Scripturis
1370 3571 1375 3580 ,

77 3607 114 3670 et
136 3624 179 3671 ex
196 3601 357 3671 doctrina
373 3599 410 3670 S.
424 3600 621 3692 Augustini
644 3609 750 3692 atque
774 3600 881 3669 etiam
905 3599 942 3669 S.
959 3600 1110 3670 Thomas
1126 3602 1256 3692 produ-

77 3715 219 3794 cuntur,
245 3708 449 3800 ampliorem
464 3707 649 3800 postulant
671 3706 954 3794 declarationem,
972 3729 1076 3800 quam
1092 3707 1253 3776 thesibus

78 3817 303 3910 sequentibus
326 3838 559 3888 reservamus.

142 3925 188 3994 2⁰.
207 3925 485 3996 considerandae
497 3931 581 3995 sunt
591 3924 824 4015 probationes,
840 3944 927 4016 quas
939 3871 1105 4014 repetunt
1116 3944 1158 3991 ex
1175 3921 1254 4012 ipsa

79 4030 272 4105 intrinseca
294 4034 430 4104 ratione
453 4033 796 4125 praedestinationis.

144 4148 181 4232 a)
202 4143 473 4232 Argumentum,
492 4143 583 4234 quod
607 4141 747 4232 patroni
770 4140 963 4210 sententiae
986 4139 1153 4210 adversae
1176 4161 1252 4209 cen·

80 4255 158 4318 sent
172 4249 421 4340 gravissimum
437 4256 473 4318 et
488 4271 568 4341 quo,
588 4249 758 4318 siveram
784 4247 892 4317 fateri
909 4247 1033 4334 velint,
1052 4249 1126 4317 fere
1152 4249 1254 4317 unice

80 4354 255 4442 nituntur,
281 4377 349 4425 non
371 4361 427 4425 est
449 4355 667 4446 desumptum
683 4379 725 4424 ex
743 4353 930 4444 Scriptura
945 4359 981 4423 et
995 4354 1173 4440 Patribus,
1194 4353 1254 4422 sed

80 4483 121 4532 ax
142 4463 345 4536 intrinsecis
369 4486 485 4535 rerum
510 4463 663 4552 naturis;
683 4486 724 4531 ea
747 4459 867 4530 ordine
889 4461 1038 4549 scilicet,
1056 4469 1098 4532 ut
1119 4461 1190 4554 ipsi
1205 4461 1253 4531 lo·
