3280 5070
916 381 953 396 ...
975 347 1036 410 550
1058 379 1096 394 ..

420 473 508 534 nem,
535 473 599 520 eur
622 452 724 521 multi
747 475 790 520 ex
813 453 901 538 illis,
927 453 988 544 qui
1012 451 1160 522 credunt
1181 459 1219 520 et
1241 452 1467 542 baptizantur
1489 458 1525 518 et
1538 473 1580 517 se·

420 557 572 626 cundum
594 557 703 626 Deum
727 560 869 644 vivunt,
895 583 963 628 nou
986 567 1101 628 tamen
1117 559 1191 627 siut
1213 559 1251 626 iu
1275 582 1416 628 numero
1434 559 1582 626 finaliter

419 663 619 748 electorum,
644 665 829 754 respondet
850 687 917 734 nou
941 667 1010 732 iam
1034 673 1075 733 ut
1098 665 1291 734 adversarii
1315 665 1439 750 nostri,
1459 664 1582 732 nullam

419 793 494 840 asse
517 793 655 840 causam
678 771 786 841 buius
808 796 876 841 non
899 773 1082 844 electionis
1105 779 1244 863 praeter
1267 773 1413 842 liberam
1444 771 1512 840 Dei
1534 793 1583 836 ro

420 879 611 966 lunatam,
637 881 696 949 aad
719 903 858 950 causmn
882 882 933 950 ait
955 903 1041 965 osse,
1068 881 1151 972 qnia
1172 881 1268 948 Deus
1286 909 1302 944 s
1319 901 1377 948 eos
1400 879 1504 946 novit
1526 899 1584 944 uon

421 986 547 1054 habere
576 989 871 1077 perseverantiam
902 1010 988 1080 quaa
1021 987 1065 1056 ed
1097 988 1207 1056 vitam
1239 987 1402 1077 perducit
1437 986 1582 1066 electos,

421 1094 558 1185 scitque
581 1094 662 1162 illos
684 1095 736 1163 ita
760 1101 865 1178 stare,
891 1102 933 1164 nt
954 1093 1160 1185 praescierit
1181 1117 1255 1163 esse
1279 1115 1433 1162 casuros.
1453 1120 1470 1153 s
1490 1091 1586 1158 quta

420 1202 660 1291 Augustinnm
683 1201 787 1270 etism
812 1203 848 1270 S.
867 1201 1016 1291 Prosper
1038 1200 1222 1291 respondet
1243 1199 1288 1268 sd
1304 1199 1388 1267 XII.
1407 1220 1486 1288 cap.
1513 1197 1584 1265 Gal·

420 1305 545 1373 lorum:
566 1335 583 1370 u
601 1305 695 1375 vires
711 1307 926 1376 obedientiae
942 1329 1010 1374 non
1026 1306 1103 1374 ideo
1119 1307 1281 1398 cuiquam
1297 1305 1491 1388 subtraxit,
1510 1303 1585 1394 quia

420 1434 495 1480 eum
521 1435 588 1480 uon
613 1412 908 1502 praedestinavit;
935 1412 994 1482 sed
1016 1413 1093 1480 ideo
1115 1435 1193 1480 eum
1215 1434 1284 1479 non
1298 1411 1583 1500 praedestinavit,

421 1519 505 1611 quia
517 1541 730 1588 recessurum
743 1520 787 1587 sb
802 1519 879 1609 ipsa
896 1519 1092 1588 obedientis
1107 1541 1181 1588 esse
1196 1518 1387 1609 praevidit.
1407 1545 1423 1580 s
1443 1517 1585 1600 Quando

421 1647 504 1695 vero
535 1625 685 1695 ulterius
712 1633 882 1716 urgetur,
914 1649 977 1696 cur
1000 1627 1094 1695 Deus
1124 1649 1191 1694 non
1218 1626 1278 1694 dat
1308 1625 1383 1692 illis
1413 1626 1584 1714 gratiam,

422 1755 568 1824 quacum
600 1733 783 1823 praevidet
812 1735 1031 1804 coniunctam
1056 1736 1128 1802 fore
1151 1731 1448 1824 perseverantium
1473 1739 1511 1800 et
1532 1754 1586 1800 cur

421 1861 479 1908 eos
502 1839 622 1908 eadere
645 1840 837 1930 permittat,
862 1839 1088 1930 Augustinus
1110 1862 1178 1908 nou
1201 1839 1363 1929 assignat
1378 1863 1459 1908 cum
1476 1839 1586 1906 sdver-

422 1945 525 2014 sariis
548 1948 679 2016 uostris
702 1948 956 2017 antecedentem
980 1973 1047 2014 non
1072 1949 1264 2015 electionem
1288 1947 1345 2016 vel
1369 1947 1586 2014 accusem

422 2079 444 2120 a
462 2053 778 2142 praedestinatione
800 2065 976 2148 tamquam
1000 2079 1139 2125 cauam
1163 2055 1270 2124 buius
1293 2053 1499 2144 negationis
1515 2075 1583 2141 gra·

420 2161 492 2229 tiae
514 2161 662 2231 efficacis
684 2171 720 2231 et
743 2164 981 2252 permissionis
1004 2163 1157 2254 peccati3
1177 2163 1236 2232 ssd
1254 2160 1449 2252 respondet,
1471 2160 1535 2228 hoc
1556 2179 1585 2224 se

422 2271 603 2360 ignorare,
636 2270 798 2362 quonism
828 2271 982 2360 partinet
1011 2271 1056 2338 ad
1083 2269 1332 2340 inscrutabilia
1359 2269 1496 2338 iudicia
1516 2265 1582 2335 Dei.

425 2375 528 2445 «Hic
551 2376 582 2444 si
604 2397 626 2443 a
649 2398 701 2444 mo
724 2383 937 2468 quaeratur,
964 2400 1028 2446 our
1049 2378 1101 2445 eis
1125 2378 1422 2468 perseverantiam
1445 2399 1515 2444 non
1538 2373 1583 2440 de·

423 2483 534 2568 derit,
560 2482 782 2574 quibusoam
807 2503 875 2575 qua
898 2481 1089 2552 christiane
1114 2483 1374 2576 (aliquamdiu)
1406 2485 1581 2560 viverent,

423 2591 641 2662 dilectionem
665 2590 772 2676 dedit,
799 2613 851 2659 me
875 2591 1038 2680 ignorare
1061 2591 1259 2680 respondeo.
1286 2591 1363 2662 Nou
1386 2591 1481 2660 enirn
1500 2609 1582 2656 arro

423 2709 548 2791 gauter
571 2700 630 2768 sed
654 2721 844 2790 agnoscens
867 2699 1043 2768 modulum
1067 2723 1178 2769 meum
1195 2699 1300 2768 audio
1315 2699 1488 2768 dicentem
1503 2697 1582 2788 Apo·
1630 2729 1631 2732 ¹

424 2807 563 2878 stolum:
589 2830 608 2874 o
630 2805 730 2874 homo
753 2813 793 2874 tu
817 2807 897 2898 quia
919 2830 968 2890 es,
994 2807 1056 2898 qui
1078 2807 1285 2897 respondeas
1306 2807 1398 2892 Deo;
1424 2813 1473 2875 et:
1499 2831 1518 2874 o
1543 2804 1581 2872 al·

422 2915 539 2985 titudo
563 2913 769 2985 divitiarum
787 2915 979 3004 sapientiae
994 2919 1031 2984 et
1045 2913 1212 2982 scientiae
1227 2914 1350 2982 Dei...
1368 2913 1440 2982 Cur
1456 2913 1521 2983 hoo
1535 2913 1582 2981 do·

424 3045 504 3090 num
527 3021 589 3092 ills
612 3021 774 3113 accipiat,
801 3021 862 3091 ille
885 3045 951 3090 non
976 3022 1138 3112 accipiat,
1166 3029 1250 3112 puto
1273 3021 1364 3113 quod
1388 3043 1518 3090 mecum
1535 3039 1580 3109 ps·

423 3129 511 3198 riter
534 3129 657 3214 nescis,
682 3135 719 3198 st
741 3131 838 3198 ambo
855 3129 911 3198 bia
927 3128 1174 3198 inscrutabilia
1187 3129 1320 3198 iudicia
1332 3129 1399 3198 Dei
1412 3135 1581 3220 pensam

424 3260 491 3306 non
515 3261 744 3328 possumus.»

489 3345 536 3412 2⁰.
561 3345 631 3412 Illa
653 3346 795 3435 negatio
818 3345 955 3435 gratiae
983 3345 1131 3414 efficacia
1154 3351 1218 3412 aot
1240 3345 1463 3432 reprobatio,
1492 3363 1578 3435 quan

422 3451 557 3536 dicunt,
583 3477 605 3518 a
626 3455 747 3542 qratia
772 3453 907 3542 efficaci
930 3477 986 3519 aaa
1010 3475 1160 3542 conpr-aa
1182 3451 1287 3520 simul
1311 3473 1388 3520 cum
1411 3469 1578 3542 praepara·

422 3559 517 3628 tione
533 3562 670 3649 gratiae
686 3561 890 3630 sufficientia
906 3559 989 3652 quid
1005 3561 1144 3628 tandem
1167 3559 1246 3629 est‘?
1258 3559 1359 3630 Nihil
1377 3559 1478 3628 aliud
1492 3579 1577 3651 quan

424 3667 588 3736 voluntas
622 3667 821 3738 conferendi
852 3669 1005 3758 gratiam
1039 3667 1269 3736 necessariam
1297 3671 1334 3735 et
1364 3689 1468 3758 saepe
1489 3665 1577 3736 etiam

424 3773 667 3860 abundantem,
693 3796 781 3867 quae
805 3782 919 3844 tamen
941 3775 1071 3844 effectu
1087 3775 1268 3845 voluntate
1284 3773 1349 3842 Dei
1370 3773 1577 3874 macedam

423 3883 557 3952 intento
581 3905 641 3973 per
663 3881 813 3950 hominis
838 3883 974 3972 culpam
997 3882 1155 3953 caritura
1170 3882 1410 3973 praevidetur,
1429 3904 1500 3952 una
1513 3900 1576 3949 eun

424 3991 591 4059 nolitioue
615 3989 812 4059 conferendi
827 3989 978 4080 gratiam
994 3989 1112 4075 aliam,
1130 4013 1219 4082 quse
1234 3989 1462 4081 praevidetur
1476 3990 1576 4059 efficax

424 4099 558 4165 futura.
585 4095 688 4168 Siout
710 4096 830 4186 gratia
846 4119 913 4164 uon
930 4095 1066 4166 meritis
1082 4095 1245 4164 humenis
1262 4095 1426 4166 redditur
1440 4097 1499 4164 aad
1513 4113 1575 4184 grs-

423 4203 472 4272 tia
495 4203 611 4288 dstur,
637 4203 794 4296 alioquin
818 4205 938 4295 gratia
960 4205 1028 4272 iam
1052 4227 1121 4273 nou
1144 4212 1198 4274 est
1220 4205 1359 4294 gratia3
1377 4205 1430 4274 ita
1452 4204 1575 4273 etima

424 4310 563 4380 fortiori
578 4309 714 4380 nullum
732 4318 847 4402 potest
863 4335 937 4381 asse
952 4311 989 4380 in
1006 4311 1143 4380 homine
1158 4311 1332 4396 meritum,
1352 4335 1419 4400 quo
1434 4311 1468 4380 ei
1481 4311 1573 4401 prima

423 4417 543 4506 gratis
573 4417 780 4487 concedatur
812 4439 875 4504 ea,
908 4441 1054 4510 quacum
1085 4419 1310 4509 praevidetur
1333 4415 1572 4508 coniungendas
