3292 5062
893 348 931 363 -
954 318 1011 378 133
1033 350 1070 364 ..

396 415 507 486 mitur
528 438 551 484 a
574 419 733 488 sensibus
756 421 923 510 corporis.
943 419 1041 502 Quae
1064 443 1101 490 se
1125 445 1259 514 qnoque
1282 423 1320 491 in
1351 447 1404 494 me
1433 447 1576 515 compe-

394 524 487 592 riens
511 526 723 610 mutabilem,
744 529 857 596 erexit
880 551 917 596 se
939 529 983 596 ad
1007 529 1279 620 intelligentiam
1303 555 1399 600 snam
1414 539 1500 625 (qne
1515 537 1573 602 in·

393 631 607 720 telliguntur
632 635 799 704 veritates
822 635 1081 726 metaphysicue
1097 647 1133 704 et
1147 637 1306 708 absolute
1317 643 1572 728 necessariae),

393 747 429 808 et
439 742 587 809 abduxit
599 765 635 810 se
650 763 671 808 e
688 743 948 826 consuetudine,
966 743 1177 814 subtrabens
1193 768 1228 814 se
1244 749 1574 818 contradicentibus

393 849 509 916 turbis
531 847 826 938 phantasmatum,
846 858 886 919 ut
909 851 1103 936 inveniret,
1122 877 1190 945 qno
1212 854 1342 924 lumine
1364 878 1573 946 aspergere·

393 963 477 1038 tur,
504 977 581 1026 oum
611 959 687 1026 sine
719 957 793 1026 ulle
822 959 1038 1028 dubitatione
1069 960 1255 1044 clamaret,
1280 963 1572 1032 incommutabile

392 1063 655 1150 praeferendum
680 1085 754 1132 esee
777 1064 950 1148 mutabili,
977 1067 1068 1136 nude
1090 1076 1209 1137 nosset
1231 1069 1344 1158 ipsum
1376 1073 1572 1139 incommu-

392 1170 512 1256 tabile,
538 1169 627 1262 quod
651 1170 722 1238 nisi
745 1169 864 1262 aliquo
887 1171 985 1240 modo
1007 1181 1135 1256 nosset,
1155 1174 1252 1242 nullo
1268 1175 1366 1244 modo
1382 1177 1476 1246 illud
1491 1203 1570 1246 mu·

392 1277 494 1346 tabili
518 1285 613 1346 certo
643 1285 881 1366 praeponeret.
899 1277 948 1346 Et
970 1282 1131 1368 pervenit
1160 1283 1204 1349 ad
1236 1283 1296 1366 id,
1322 1284 1413 1375 quod
1441 1295 1499 1354 est
1529 1287 1569 1354 iu

392 1385 468 1454 ictu
491 1385 703 1475 trepidantis
725 1393 898 1473 aspectus.
916 1387 1015 1456 Tunc
1038 1411 1121 1456 vero
1144 1389 1341 1458 invisibilia
1363 1400 1427 1460 tue
1444 1417 1508 1482 per
1524 1415 1570 1462 ea

392 1517 479 1586 qnae
503 1497 718 1578 factasunt,
745 1495 925 1564 intellecta
948 1498 1122 1586 conspexi,
1141 1499 1201 1568 sed
1223 1501 1331 1568 aciem
1356 1503 1464 1591 figere
1494 1526 1568 1570 nou

391 1602 503 1670 valui.
523 1629 539 1664 n
559 1599 713 1670 Ultimus
744 1601 877 1691 gradus
903 1611 957 1672 eet
988 1603 1233 1694 quodammodo
1268 1607 1395 1696 duplex
1426 1610 1464 1676 in
1498 1613 1570 1680 bac

391 1711 587 1799 Augustini
611 1711 911 1800 contemplatione:
937 1709 1110 1801 intelligit
1133 1736 1170 1782 se
1199 1713 1398 1804 intelligere
1432 1717 1567 1786 incom-

391 1819 582 1906 mutabile,
609 1819 749 1910 quaerit
775 1841 859 1908 ergo
889 1819 950 1904 id,
976 1842 997 1888 a
1024 1843 1092 1912 quo
1119 1829 1173 1890 eet
1205 1821 1289 1891 baec
1320 1823 1569 1914 intelligentie

391 1926 516 1996 mentis
540 1927 722 2010 humanae,
751 1935 788 1994 et
813 1929 851 1994 in
875 1950 942 2018 qno
973 1927 1077 1996 habet
1107 1951 1208 1998 suum
1240 1929 1402 2000 ultimum
1433 1933 1566 2002 funda·

391 2039 544 2102 mentum
575 2034 685 2102 omnis
708 2034 842 2102 veritas
870 2033 1176 2104 incommutabilis:
1207 2043 1311 2127 atque
1339 2037 1391 2106 ita
1425 2061 1467 2108 ex
1495 2039 1566 2108 boo

390 2141 504 2232 gradu
524 2141 720 2232 «pervenit
740 2141 786 2208 ed
812 2140 861 2224 id,
879 2143 971 2232 quod
997 2149 1050 2211 est
1076 2143 1113 2210 in
1141 2143 1215 2210 ictu
1234 2143 1445 2234 trepidantis
1462 2169 1566 2236 aspe-

391 2257 480 2335 ctus,
503 2277 520 2312 n
538 2250 583 2318 ed
614 2249 723 2318 Deum
751 2249 888 2318 scilicet
911 2271 1104 2340 supremam
1139 2251 1432 2341 intelligentiam,
1458 2255 1565 2322 cuins

390 2365 508 2428 creata
530 2357 645 2446 imago
673 2365 727 2426 est
752 2359 868 2426 anime
895 2357 1109 2446 intelligens,
1134 2367 1171 2426 et
1192 2359 1236 2428 ad
1256 2381 1450 2450 supremam
1466 2363 1563 2430 veri·

389 2472 497 2536 tatem
524 2465 804 2550 substantialem,
822 2466 859 2532 in
884 2487 951 2556 qua
968 2471 1053 2533 sunt
1072 2466 1225 2536 rationes
1250 2467 1361 2536 omnis
1378 2469 1558 2539 veritatis.

390 2575 480 2644 Sane
491 2576 593 2666 longe
609 2575 707 2646 aliud
723 2585 776 2644 est
794 2575 967 2644 obiectiva
979 2575 1113 2644 veritas
1128 2575 1367 2665 metaphysica
1379 2577 1562 2646 abstracta

388 2691 424 2752 et
444 2683 666 2766 universalis,
693 2705 753 2751 eeu
784 2681 820 2749 id
845 2681 935 2770 qnod
952 2687 1007 2749 set
1029 2681 1200 2750 obiectum
1223 2683 1349 2750 mentis
1364 2682 1561 2752 iudicantis

388 2789 430 2860 de
453 2813 569 2858 rernm
594 2791 769 2872 essentiis,
799 2795 834 2856 et
856 2787 954 2856 alind
977 2796 1032 2858 est
1054 2790 1227 2878 sapientia
1253 2811 1294 2858 eo
1321 2791 1454 2858 veritas
1477 2791 1560 2858 snb

388 2897 579 2980 stantialis,
605 2897 690 2965 licet
711 2897 755 2962 ab
778 2895 856 2984 ipsa
883 2895 933 2962 sit
955 2895 1158 2964 intellectus
1181 2904 1223 2964 nt
1244 2919 1266 2964 a
1288 2919 1395 2965 eausa
1417 2903 1560 2967 creante

387 3013 424 3074 et
445 3005 490 3074 ad
513 3007 623 3095 ipsam
648 3003 864 3072 assimilatus
882 3011 922 3071 nt
938 3003 981 3070 ad
1003 3003 1192 3092 exemplar,
1210 3010 1314 3096 atque
1337 3003 1373 3072 in
1397 3005 1475 3093 ipsa
1495 3004 1558 3073 ba·

389 3115 467 3182 beot
477 3137 577 3182 snum
591 3113 854 3180 fundamentum
870 3109 979 3178 omnis
996 3111 1128 3180 veritas
1139 3111 1394 3200 cognoscibilis.
1408 3111 1558 3196 Quando

386 3243 469 3310 ergo
482 3219 801 3308 dicitAugustinns
813 3217 951 3286 ibidem:
962 3239 1153 3308 «quaerens
1162 3217 1251 3286 unde
1262 3219 1465 3303 iudicarem,
1477 3243 1557 3289 oum

386 3329 439 3396 its
454 3328 643 3398 iudicarem
660 3325 738 3413 (hoo
755 3325 807 3394 ita
821 3325 922 3394 debet
943 3347 1028 3407 asae,
1055 3323 1145 3392 illud
1168 3347 1236 3392 non
1252 3325 1318 3408 ite)
1331 3375 1339 3408 ,
1354 3325 1556 3394 inveneram

386 3431 697 3503 incommutabilem
718 3441 754 3500 et
765 3455 883 3499 veram
901 3429 1066 3499 veritatis
1086 3431 1325 3500 aeternitatem
1340 3455 1448 3521 supra
1464 3455 1556 3502 meu-

385 3545 453 3608 tem
470 3560 576 3608 meam
600 3537 894 3620 commutabilem,
916 3563 931 3598 n
951 3559 1018 3604 non
1042 3559 1123 3604 sane
1140 3535 1282 3624 putavit
1298 3547 1362 3606 aut
1376 3561 1480 3606 suurn
1503 3538 1555 3606 iu-

384 3647 560 3722 tellectum
578 3645 630 3712 ite
653 3645 862 3714 iudicantem
879 3649 942 3712 aut
958 3643 1128 3712 obiectum
1143 3643 1258 3732 ipsum
1275 3643 1329 3712 sni
1346 3644 1471 3714 iudicii
1488 3669 1555 3714 me·

384 3753 563 3842 tapbysiei
578 3775 652 3822 esse
668 3753 789 3836 Deum;
808 3751 867 3819 sed
883 3771 925 3819 ex
941 3750 1216 3819 consideratione
1227 3750 1283 3818 sui
1300 3749 1505 3820 intellectus
1520 3758 1555 3820 et

384 3861 549 3930 veritatis
573 3859 832 3949 metaphysicae
855 3857 1013 3926 ascendit
1035 3857 1218 3926 intellectu
1240 3857 1286 3926 ed
1308 3857 1418 3926 Deum
1446 3866 1488 3928 ut
1510 3859 1554 3928 ad

384 3987 522 4034 censam
545 3976 581 4035 et
603 3967 789 4056 exemplar.
808 3966 936 4034 Eodem
960 3965 1096 4034 omniuo
1121 3965 1217 4034 modo
1241 3965 1380 4034 deberet
1396 3965 1554 4055 intelligi

383 4073 500 4156 loous,
526 4095 593 4164 quo
616 4073 735 4163 plures
757 4074 857 4141 abuti
880 4073 992 4141 solent
1015 4071 1101 4142 Gen.
1120 4072 1165 4140 ad
1193 4073 1265 4153 litt.
1283 4072 1309 4140 l.
1326 4071 1412 4140 XII.
1431 4095 1468 4142 n.
1485 4073 1552 4157 59,

383 4181 442 4248 ubi
467 4203 561 4248 mens
583 4187 685 4270 rapte
709 4187 746 4250 et
780 4180 980 4248 carnalibus
1014 4181 1194 4248 subtracta
1229 4180 1387 4248 sensibus
1423 4181 1554 4248 visioni

382 4286 579 4375 expressius
594 4295 814 4376 praesentata
830 4287 962 4355 dicitnr
980 4315 997 4350 a
1014 4285 1120 4354 etiam
1136 4307 1244 4376 supra
1259 4308 1294 4354 sa
1311 4285 1430 4354 videre
1446 4286 1551 4372 illud,

383 4415 450 4486 quo
472 4393 595 4462 adiuta
610 4393 719 4478 videt,
737 4394 907 4486 quidquid
930 4394 1035 4462 etiem
1051 4394 1088 4460 iu
1105 4417 1141 4462 se
1157 4393 1388 4482 intelligendo
1404 4393 1515 4476 videt,
1532 4421 1549 4456 a
