3224 5068
525 366 562 380 -
583 335 644 396 305
665 368 703 382 -

43 438 271 530 simplicitatis
285 439 513 510 intrinsecam
525 440 696 510 rationem
713 441 903 530 declarent;
919 444 1043 513 deinde
1055 445 1205 528 modum,

43 570 98 638 qno
117 547 246 615 Patres
262 547 467 618 nominatim
482 571 555 633 ees,
575 572 662 642 quas
678 573 740 619 nos
756 552 967 643 concipimus
984 552 1085 622 velut
1100 552 1207 622 actio·

40 677 89 722 nes
103 655 178 740 Dei,
199 656 391 726 ostendunt
413 679 487 726 esse
503 657 540 726 in
562 657 632 727 Deo
656 658 768 748 ipsam
792 659 1107 740 incommutabilem
1127 661 1205 729 sub·

41 765 207 832 stantiam.

93 877 128 959 o)
151 871 279 954 Quoad
302 873 453 962 primum
476 873 604 963 duplex
636 857 855 964 potissimum
884 881 939 944 est
967 876 1060 967 apud
1084 876 1207 946 Patras

39 979 229 1048 declarandi
257 979 392 1048 modus.
426 979 604 1069 Imprimis
634 1003 676 1048 ex
705 981 866 1050 absoluta
897 985 1110 1074 perfectione
1139 985 1205 1054 Dei

40 1087 254 1172 concludunt,
268 1088 380 1155 Deum
396 1089 509 1178 ipsum
527 1111 602 1157 essa
618 1089 778 1179 singulas
794 1092 1024 1182 perfectiones
1039 1098 1205 1186 etomnee

38 1193 146 1278 simul,
173 1216 265 1285 quas
288 1195 468 1264 nominare
491 1219 693 1287 possumus:
720 1221 794 1266 esse
818 1199 927 1268 Deum
955 1201 1144 1269 secumdum
1168 1223 1204 1270 se

39 1309 134 1370 totum
148 1308 228 1371 tum
243 1301 419 1371 iustitiam
436 1309 511 1371 tum
528 1305 813 1395 omnipotentiam
826 1312 901 1374 tum
915 1307 1122 1398 sapientiam
1133 1313 1201 1378 eto.

39 1410 122 1478 Unde
151 1411 337 1504 sequitur,
363 1412 595 1502 perfectiones
626 1415 754 1482 neceb
784 1414 936 1484 essentie
958 1438 1021 1484 nec
1051 1416 1144 1485 inter
1167 1440 1203 1486 se

40 1521 211 1611 distingui3
239 1524 301 1590 ead
325 1522 481 1611 intelligi
505 1523 627 1591 debere
651 1546 758 1592 unum
781 1524 1078 1614 simplicissimum
1102 1526 1201 1607 Erae,

40 1629 114 1720 quod
135 1629 283 1699 e-nobia
307 1653 388 1699 vera
411 1629 551 1721 qnidam
575 1630 634 1699 aad
666 1630 897 1723 inadeequetc
925 1632 1019 1702 hisce
1050 1632 1203 1703 diversis

40 1738 277 1824 perfectionum
299 1738 502 1808 motionibus
525 1739 741 1830 coneipitur,
767 1746 804 1809 et
827 1741 980 1810 diversis
1003 1740 1201 1809 nominibus

42 1846 260 1934 appellatura
270 1848 378 1917 Multi
392 1847 541 1916 nomimis
557 1855 610 1917 est
620 1853 657 1916 et
668 1848 907 1938 omnipollens,
921 1847 1074 1918 etunius
1086 1855 1202 1917 amem

42 1952 152 2023 formae
175 1955 392 2024 substantie.
417 1955 494 2025 Nom
518 1956 628 2039 enim,
655 1956 738 2048 quia
761 1956 893 2025 dicitur
917 1956 1045 2040 bonus,
1071 1955 1199 2041 iustus,
1317 1977 1330 1990 “

43 2059 252 2150 omnipotens,
280 2061 356 2130 ideo
379 2061 546 2131 differens
569 2069 681 2132 estet
705 2063 885 2132 verius...
910 2063 989 2131 Non
1012 2063 1200 2133 secundum

44 2174 155 2254 partem
178 2170 307 2239 videns
329 2175 365 2240 et
388 2171 575 2240 secundum
599 2178 733 2262 partem
757 2193 878 2240 cerens
901 2171 1048 2256 visione,
1074 2171 1133 2240 sed
1149 2177 1200 2240 to·

43 2279 87 2340 tus
106 2281 157 2344 eat
178 2277 317 2362 oculus,
343 2282 379 2346 et
402 2282 499 2346 totus
522 2277 678 2364 auditus,
704 2285 740 2347 et
762 2283 859 2347 totus
883 2300 989 2362 mens,
1015 2301 1082 2346 non
1107 2279 1201 2349 sicut

42 2401 89 2448 nos
108 2405 147 2450 ex
170 2390 275 2474 parte
298 2383 503 2473 intelligens
526 2389 626 2453 etex
649 2393 749 2476 parte
772 2407 849 2453 non·
864 2407 1092 2475 cognoscens3
1119 2409 1200 2454 nam

44 2487 224 2580 blasphema
248 2491 336 2560 haec
359 2497 414 2560 est
437 2493 551 2561 oratio
567 2498 604 2560 et
620 2493 762 2562 divinae
786 2493 1003 2561 substantiae
1018 2493 1198 2584 indigna»

44 2593 149 2684 Cyrill.
162 2599 264 2669 Hier.
278 2599 410 2670 catech.
425 2599 490 2668 VI.
507 2601 579 2668 m.7.
599 2599 662 2688 (1).
680 2601 746 2668 His
763 2601 900 2670 omnimo
916 2601 1055 2690 gemine
1070 2603 1200 2672 hebent

44 2700 185 2776 Irenaeus
198 2709 230 2777 I.
243 2733 274 2777 o.
285 2708 385 2777 1211.
400 2709 434 2796 23
445 2709 494 2776 II.
506 2731 535 2776 c.
548 2707 602 2776 12.
618 2733 654 2776 n.
666 2708 698 2796 ὃς
715 2731 745 2778 e.
757 2708 813 2776 28.
825 2709 903 2794 n.4;
919 2709 1076 2778 Clemens
1091 2709 1195 2779 Alex.

45 2811 149 2884 Strom.
163 2815 250 2884 VII.
266 2839 301 2904 p.
318 2816 395 2903 721;
411 2815 558 2907 Gregor.
576 2816 686 2906 Nyss.
701 2816 739 2884 im
754 2816 889 2885 Cautio.
906 2815 995 2884 hom.
1012 2815 1095 2884 VII.
1108 2817 1149 2884 Τ.
1163 2815 1194 2884 I.

44 2941 67 3006 p.
78 2923 146 3010 5203
164 2923 342 3015 Epiphcn.
362 2923 400 2992 in
414 2925 544 2994 Ancon.
555 2947 585 2993 c.
596 2924 652 3012 563
670 2924 843 2994 Maximus
858 2925 905 2993 M.
917 2923 1010 3015 apud
1022 2923 1193 3016 Euthym.

44 3023 162 3121 Panopl.
181 3033 243 3100 tit.
264 3031 296 3102 3.
317 3058 351 3123 p.
367 3033 423 3102 80.

91 3137 287 3210 Declaratio
299 3139 414 3209 altera
425 3160 494 3206 nom
506 3161 544 3208 re
557 3139 616 3207 sed
630 3137 742 3208 forme
752 3145 890 3208 tantum
903 3139 1024 3208 differt
1036 3159 1058 3206 a
1070 3139 1194 3229 priori.

43 3239 133 3328 Deus,
157 3245 344 3339 inquiunt,
375 3251 429 3316 est
451 3245 516 3314 illa
543 3245 730 3336 perfectio,
757 3269 859 3339 quam
892 3247 1018 3316 habere
1048 3247 1192 3318 dicitur.

46 3345 130 3417 olleo
145 3351 293 3442 simplex
310 3352 442 3421 dicitur
457 3353 565 3438 Deus,
581 3354 744 3443 quoniam
769 3353 859 3445 quod
882 3351 1000 3438 habet,
1014 3351 1079 3422 hoc
1095 3359 1191 3424 est...

45 3449 151 3547 Inque
172 3482 257 3550 ergo
280 3460 325 3528 ad
350 3481 386 3528 re
408 3460 522 3550 ipsum
545 3461 677 3529 dieitur
700 3483 769 3529 non
797 3462 841 3530 ed
865 3461 1028 3546 alterum,
1054 3461 1118 3530 hoc
1142 3467 1196 3531 est

46 3563 115 3649 qnod
135 3565 260 3652 habet,
286 3567 380 3636 sicut
401 3567 446 3636 ad
469 3568 641 3660 seipsum
673 3568 806 3638 dieitur
829 3568 908 3636 vita
938 3570 1094 3639 habendo
1125 3569 1194 3639 uti-

46 3689 95 3755 que
114 3671 234 3760 vitam,
262 3680 298 3743 et
319 3674 435 3743 eadem
461 3675 538 3744 vita
562 3675 636 3766 ipse
660 3682 714 3745 est
733 3703 749 3736 n
768 3676 863 3766 Aug.
879 3675 962 3750 Oiv.
971 3677 1036 3745 Dei
1052 3675 1117 3745 XI.
1136 3677 1192 3745 10.

47 3779 73 3839 el
96 3777 171 3849 alibi
201 3803 322 3874 saepe,
352 3783 447 3854 siout
474 3784 601 3853 etalii
628 3786 762 3854 Patres.
793 3785 834 3854 In
855 3785 1046 3870 creaturis,
1074 3791 1115 3853 ut
1137 3807 1193 3854 au·

47 3885 140 3967 pertus
160 3892 410 3982 explicuimus,
436 3915 504 3961 non
528 3915 567 3962 eo
589 3893 700 3962 solum
724 3893 815 3986 quod
838 3899 940 3978 sunt,
966 3897 1021 3961 est
1046 3893 1116 3960 iem
1139 3891 1192 3962 ul·

49 3987 252 4068 linaearum
283 4000 471 4089 perfecti03
501 4001 583 4093 quia
612 4023 730 4070 aarum
761 4023 829 4068 esee
851 4005 905 4069 est
926 3998 1189 4090 participatum,

99 4172 204 4247 (l)'0vz
225 4179 253 4237 iu
271 4204 344 4256 μεριι
364 4155 476 4250 fiam-v,
497 4183 525 4240 iu
542 4205 614 4257 μερει
637 4191 663 4242 δε
687 4207 732 4241 του
753 4189 860 4256 filonem
881 4183 1108 4258 ἅπεστερημενος,
1128 4182 1193 4240 ἀλλ’

52 4257 96 4324 itm
110 4262 135 4320 ἦν
153 4270 299 4344 ἅφθαλμος,
320 4295 362 4326 και
385 4273 447 4337 όλος
466 4270 545 4340 duom,
562 4296 605 4329 και
628 4277 689 4338 ὁλος
709 4295 775 4340 γους,
794 4272 845 4350 ὃυχ
858 4273 891 4338 ὥς
910 4275 986 4344 ἡμας
1006 4271 1032 4332 ir
1044 4295 1116 4350 pisper
1130 4276 1191 4328 νοῶν

54 4353 120 4454 ξ’*ἶν
139 4381 202 4432 perper
221 4385 260 4434 μη
279 4379 415 4433 praenes·
444 4364 608 4436 βλασφημος
631 4387 684 4438 γαρ
707 4365 720 4422 o'
745 4372 827 4437 λογος
847 4386 889 4419 και
914 4363 989 4428 Seras
1018 4364 1190 4426 ὁποστασιως

54 4445 143 4511 ΜιξιοἸ

165 4559 319 4614 Fecundior
815 4629 820 4634 ι
1009 4563 1044 4617 20
