3280 5070
566 365 603 376 -
626 333 687 392 565
708 365 745 376 -

137 435 194 502 Ex
216 435 424 506 diversitate
447 458 516 528 qua
538 437 710 516 terminus
726 435 1057 525 praedestinationis
1079 443 1135 504 est
1156 458 1242 525 opus

71 543 147 626 Dei,
174 549 283 633 patet,
309 544 574 632 praescientiam
586 565 688 634 quam
700 541 927 630 Augustinus
939 541 983 610 ad
1000 564 1130 609 omnem
1147 563 1243 630 prae·

72 649 338 718 destinationem
360 649 523 741 requirit,
549 657 585 716 et
607 649 644 716 in
668 669 737 739 qna
759 649 853 716 Deus
876 647 1010 718 dieitur
1033 649 1157 716 futura
1179 668 1244 716 sua

71 777 174 846 opera
197 756 390 848 disponere,
415 780 484 824 non
507 779 576 826 uno
600 778 733 846 semper
759 756 856 824 modo
872 755 1241 845 esseintelligendam;

71 863 128 931 sed
153 863 260 932 aliter
282 869 387 955 atque
410 864 535 944 aliter,
550 870 655 954 prout
668 863 841 932 terminus
856 863 1175 953 praedisponendus
1190 871 1245 932 est

70 971 126 1038 vel
150 994 238 1062 opus
259 973 325 1042 Dei
348 972 458 1040 solius
481 972 581 1040 nulla
604 972 785 1062 supposita
807 993 913 1040 eausa
935 994 978 1039 ex
1006 978 1107 1061 parte
1136 971 1243 1039 homi·
1284 1013 1287 1021 ·

71 1081 147 1162 nis,
179 1080 235 1148 vel
258 1103 345 1169 opus
368 1080 435 1150 Dei
459 1081 595 1150 viribus
618 1079 757 1170 gratiae
779 1101 801 1146 a
824 1081 896 1148 Deo
920 1079 1159 1170 superadditis
1183 1101 1244 1168 per

71 1209 130 1253 nos
152 1187 263 1256 libere
278 1188 488 1272 faciendum,
508 1188 564 1257 vel
581 1211 668 1279 opus
683 1189 749 1257 Dei
764 1188 877 1256 solius
889 1187 952 1256 eod
968 1186 1244 1278 praesuppositis

72 1293 201 1362 nostrie
224 1293 346 1362 liberis
369 1295 508 1364 autibus
531 1301 706 1387 tamqnam
722 1294 1011 1384 dispositionibus
1027 1294 1085 1362 vel
1108 1293 1244 1362 meritis

70 1401 257 1470 seeundum
272 1401 427 1470 ordinem
442 1401 585 1470 divinae
601 1402 844 1492 providentiae
861 1402 1054 1492 requisitis.
1069 1401 1151 1468 Ideo
1169 1401 1243 1469 fru-

71 1515 146 1575 stra
169 1516 254 1577 sunt
267 1508 436 1598 theologi,
455 1511 516 1601 qui
532 1509 798 1598 praeseientiam
813 1509 913 1576 illam
933 1507 1243 1599 praedestinationi

71 1616 284 1705 suppositam
308 1639 411 1705 penes
427 1616 672 1706 Augustinum
687 1616 905 1686 contendunt
920 1615 985 1683 alii
1001 1616 1151 1707 quidem,
1169 1637 1244 1684 esse

70 1723 249 1791 seientiam
272 1723 442 1814 simplicis
465 1723 741 1814 intelligentiae,
767 1723 833 1792 alii
855 1745 930 1792 esse
964 1723 1145 1792 seientiam
1176 1745 1242 1790 me·

71 1831 173 1914 diam,
199 1831 265 1900 alii
280 1855 354 1901 osse
371 1834 552 1902 seientiam
577 1833 736 1920 visionis;
754 1839 809 1902 est
822 1831 926 1916 enim,
944 1838 986 1900 ut
1001 1831 1088 1917 dixi,
1107 1853 1169 1922 pro
1192 1831 1243 1900 di·

72 1937 241 2006 versitate
263 1939 517 2028 praedestinati
540 1939 654 2030 operis
677 1940 743 2008 Dei
766 1940 919 2009 diversa.

134 2044 185 2114 Ut
201 2067 242 2114 ex
259 2046 366 2115 dietis
388 2045 458 2114 iam
482 2055 631 2132 oonstet,
649 2047 922 2137 praedestinatio
938 2043 1153 2116 considerari
1169 2051 1243 2135 pot·

70 2158 122 2220 est
145 2151 204 2222 vel
228 2153 428 2242 incompleta
450 2175 533 2243 prae
551 2153 706 2243 singulis
730 2154 893 2244 operibus
915 2151 1243 2243 supernaturalibus

73 2259 106 2325 in
119 2259 266 2328 oonsilio
282 2259 404 2330 divino
419 2260 628 2331 adsalutem
645 2268 827 2332 ereaturae
844 2261 1030 2330 rationalis
1045 2259 1242 2350 praedispo-

73 2366 167 2452 sitis;
203 2365 261 2437 vel
291 2367 473 2455 complete,
506 2376 547 2438 ut
576 2368 732 2437 refertur
754 2367 798 2436 ad
821 2375 945 2436 totam'
965 2367 1089 2436 seriem
1119 2365 1243 2434 horum

72 2495 209 2562 operum
240 2473 306 2542 Dei
337 2497 359 2542 a
389 2476 501 2565 prima
531 2476 711 2544 voeatione
735 2498 844 2568 usque
866 2477 910 2544 ab
933 2474 1185 2544 beatitudinem
1207 2481 1245 2542 et

74 2579 219 2667 gloriam
241 2587 429 2649 aeternam.
455 2582 547 2650 Hine
570 2582 699 2672 duplex
723 2588 779 2652 est
801 2605 904 2672 penes
927 2582 1170 2671 augustinum
1186 2579 1242 2648 de·

72 2685 183 2756 linitio
199 2687 539 2776 praedestinationis.
559 2689 610 2758 De
625 2689 737 2780 priori
753 2691 850 2760 modo
866 2687 1071 2779 incompleta
1086 2691 1242 2777 spectato

73 2792 214 2863 dieitur:
235 2824 251 2860 a
270 2797 309 2860 in
331 2819 394 2862 aaa
417 2819 506 2886 qaae
522 2796 619 2884 salli
633 2800 830 2888 mutarique
845 2809 1037 2884 evaporat
1051 2795 1241 2884 praeseien-

74 2903 133 2982 tia,
159 2924 264 2990 opera
286 2925 349 2970 etta
366 2902 498 2990 setara
521 2903 711 2992 disponere,
738 2901 777 2971 id
800 2907 935 2970 omuino
952 2927 1011 2970 aee
1026 2901 1127 2970 aliud
1143 2897 1241 2993 qaid·

73 3031 169 3097 qaam
194 3025 243 3076 est
265 3008 533 3097 praedestinare.
561 3010 664 3080 Siout
686 3019 803 3080 autem
827 3010 888 3080 ille
912 3034 1012 3102 quem
1036 3017 1171 3078 eastum
1188 3009 1241 3076 lu·
1323 3001 1329 3012 '

73 3120 188 3184 turum
211 3139 286 3186 esse
302 3117 506 3206 praescivit,
526 3119 687 3210 quamvis
704 3119 740 3188 id
761 3120 934 3188 incertum
949 3117 1089 3201 habaet,
1108 3115 1186 3205 agit
1201 3120 1244 3182 nt

74 3227 187 3292 aestus
210 3221 277 3308 sit;
302 3223 355 3292 ita
376 3215 439 3294 ille
462 3248 563 3316 quem
586 3231 721 3296 eastum
749 3227 911 3296 futurum
940 3223 1239 3315 praedestinavit,

74 3329 229 3416 quamvis
244 3329 281 3400 id
296 3329 468 3400 intertum
483 3332 621 3418 habeat,
637 3359 703 3400 aaa
718 3333 791 3401 ideo
809 3357 876 3400 aaa
889 3335 980 3423 epit,
996 3347 1035 3398 at
1051 3347 1163 3400 caetus
1179 3331 1238 3412 sit,

75 3440 231 3522 quoniam
246 3439 313 3504 Dei
336 3435 421 3504 dono
437 3463 471 3506 se
485 3439 586 3507 audit
596 3441 761 3529 suturam
778 3463 844 3508 esse
859 3439 951 3532 quod
966 3445 1034 3506 erit
1052 3467 1068 3502 ιι
1087 3439 1129 3508 de
1144 3439 1241 3506 Dono

75 3563 203 3628 persev.
227 3567 256 3614 a.
279 3544 333 3614 17.
356 3569 392 3613 ιι.
413 3547 470 3616 41.
497 3548 554 3618 Ad
577 3548 927 3639 praedestinationem
950 3547 1062 3617 altero
1085 3546 1182 3616 modo
1205 3552 1241 3615 ot

74 3647 166 3735 plene
182 3657 372 3740 speotetam
384 3655 539 3744 pertinet
552 3655 722 3725 delinitio:
740 3685 757 3720 a
771 3655 857 3726 haee
867 3655 1139 3746 praedestinatio
1154 3653 1238 3720 San·

75 3759 202 3826 otorum
225 3757 316 3826 nihil
338 3759 437 3830 alind
458 3766 525 3846 sse,
552 3785 655 3854 quam
673 3765 908 3851 praescientia
933 3763 1064 3829 seilicet
1086 3775 1119 3826 et
1136 3781 1238 3849 prae-

74 3867 206 3944 paratio
231 3865 462 3954 deaefiaiorum
485 3869 565 3952 Dei,
590 3870 714 3960 quidue
737 3873 922 3938 certissime
937 3871 1144 3950 liberanter,
1161 3871 1237 3959 pai·

76 3988 205 4061 nemque
227 3970 422 4038 liberantur
439 4001 454 4034 a
474 3974 521 4042 ib.
544 3997 574 4042 o.
595 3975 650 4042 14.
668 3999 704 4043 n.
730 3975 785 4044 35.
812 3975 938 4060 Patet,
970 3977 1014 4043 ab
1036 3971 1239 4063 Augustino

76 4077 217 4162 spectari
240 4079 276 4141 ia
301 4093 389 4144 reeta
413 4079 539 4149 donum
563 4105 624 4151 eeu
647 4103 718 4150 rem
734 4082 1047 4172 praedestinatam,
1066 4103 1152 4174 quae
1168 4079 1238 4150 diei

77 4179 157 4250 solet
167 4184 500 4274 praedestinationis
513 4191 689 4271 terminas,
702 4197 739 4258 et
754 4192 792 4256 ia
805 4189 943 4282 obliquo
956 4213 1138 4280 personam
1151 4209 1239 4280 quae

79 4290 350 4372 praedestinatur
372 4294 417 4362 ad
440 4294 568 4364 donum
591 4321 652 4368 seu
675 4299 720 4368 ad
743 4297 941 4384 terminum,
960 4305 997 4368 et
1012 4321 1100 4390 quae
1115 4299 1159 4366 ab
1173 4293 1237 4364 ali·

77 4393 193 4478 quibus
216 4405 364 4468 vooatur
389 4400 721 4489 praedestinationis
744 4403 919 4473 obieetam.
946 4403 983 4474 S.
1003 4405 1154 4474 'lbomas
1176 4423 1236 4470 au·
