3280 5070
901 361 938 374 -
960 329 1021 390 554
1041 361 1080 374 -

465 437 580 530 Atqui
594 436 679 506 talis
694 435 900 504 antecedens
916 434 1079 503 voluntas
1099 434 1172 502 Deo
1187 435 1274 502 bono
1288 441 1326 502 et
1339 430 1560 512 misericordi,

401 546 462 637 qui
484 545 589 613 toties
612 566 674 634 por
697 567 733 612 se
756 543 870 631 ipsum
893 543 1002 626 iuret,
1027 543 1120 610 nolle
1143 565 1179 610 se
1203 547 1347 610 mortem
1377 537 1563 630 pronioris

400 661 438 723 et
448 653 541 722 nolle
552 675 588 722 se
600 674 803 745 quemquam
813 651 938 742 perire,
949 651 1092 720 videtur
1103 651 1261 740 indigno,
1272 655 1309 717 et
1320 670 1399 717 oum
1410 644 1564 714 salvifice

399 769 543 830 eotuose
566 759 761 845 voluntate,
780 780 849 852 que
871 781 954 827 sues
976 758 1113 848 gratias
1136 780 1252 826 omnes
1273 764 1310 826 et
1335 757 1373 823 in
1398 754 1562 834 omnibus,

400 874 570 959 quantum
581 889 624 935 ex
637 889 674 936 se
684 877 750 952 est,
762 889 802 936 eo
809 867 947 956 dirigit,
959 875 1001 934 ut
1012 889 1128 934 omnes
1136 865 1284 934 salutem
1298 867 1563 955 consequuntur,

401 975 500 1043 nullo
522 975 620 1043 modo
643 981 758 1064 potest
780 974 971 1044 conciliari.
998 972 1093 1056 Quid
1115 974 1206 1041 enim
1222 994 1349 1063 quaeso
1367 969 1567 1060 significent

400 1082 485 1150 illae
493 1082 739 1151 obtestationes
751 1081 905 1166 divinoe,
917 1079 1255 1150 direotseedomnes
1267 1077 1405 1148 omnino
1414 1075 1566 1144 homines

399 1196 436 1259 et
451 1190 598 1260 menime
613 1189 658 1258 ed
674 1195 870 1280 peccatores
886 1188 1097 1257 constitutos
1111 1189 1148 1256 in
1165 1187 1225 1256 via
1240 1183 1471 1276 perditionis,
1486 1204 1566 1273 quse

399 1297 565 1367 videntur
587 1297 750 1387 plenotus
772 1296 837 1365 Dei
851 1303 887 1364 et
909 1302 994 1364 sunt
1009 1296 1189 1365 verissime
1205 1293 1295 1362 Filii
1311 1293 1377 1362 Dei
1393 1291 1566 1360 memnon·

378 1406 602 1495 ‚lachrymae
624 1407 667 1475 do
696 1405 847 1474 interitu
872 1404 1113 1494 reproborum?
1138 1433 1155 1468 a
1172 1401 1350 1495 Numquid
1373 1398 1566 1468 voluntetis

400 1534 493 1582 mese
515 1519 570 1582 est
601 1535 692 1582 mors
713 1511 834 1602 impii,
860 1513 949 1582 dicit
976 1512 1146 1580 Dominus
1175 1510 1318 1580 Densi..
1339 1509 1452 1578 facite
1475 1505 1566 1576 vobis

400 1641 458 1688 oor
481 1641 609 1688 novum
631 1625 668 1688 et
689 1619 855 1709 spiritum
877 1641 1018 1704 novum,
1043 1626 1079 1687 et
1101 1639 1209 1710 quere
1232 1617 1428 1686 moriemini
1452 1616 1566 1682 domus

399 1727 533 1795 Israeli
549 1727 632 1818 quio
645 1727 725 1794 nolo
739 1733 882 1796 mortem
899 1727 1110 1794 morientis»
1127 1731 1194 1794 eto.
1212 1723 1341 1794 Enoch.
1358 1723 1501 1791 XVIII.
1513 1719 1564 1787 23.

399 1855 452 1924 sq.
473 1831 681 1901 illicereris
707 1833 876 1916 omnium,
902 1832 986 1924 quis
1016 1832 1131 1900 omnis
1159 1838 1277 1921 potos,
1302 1837 1339 1900 et
1367 1829 1565 1899 dissimules

399 1945 541 2030 peooets
564 1939 740 2009 hominurn
755 1946 898 2031 propter
914 1939 1178 2029 poenitentiam
1196 1939 1320 2029 diligis
1341 1939 1434 2008 enim
1459 1938 1566 2006 omnis

399 2069 488 2140 quoe
511 2053 605 2132 sunt,
624 2053 660 2118 ot
673 2048 766 2116 nihil
789 2049 895 2118 odisti
921 2069 1144 2138 eorumquae
1159 2047 1302 2116 fecisti..
1321 2046 1440 2136 perois
1455 2052 1564 2112 eutem

400 2155 577 2240 omnibns,
602 2156 764 2247 quopiam
787 2165 850 2224 tus
873 2163 957 2224 sunt
979 2156 1142 2240 Domine,
1167 2155 1230 2246 qui
1252 2174 1348 2221 smus
1370 2151 1518 2220 enimus.
1540 2149 1564 2216 0

399 2282 501 2352 quum
525 2262 635 2331 bonus
650 2268 687 2332 et
701 2261 823 2330 snuvis
838 2267 891 2330 est
917 2261 1061 2329 Domine
1078 2261 1227 2350 spiritus
1240 2267 1325 2329 tuus
1339 2259 1378 2326 in
1393 2255 1561 2326 omnibns!

400 2366 543 2459 ideoque
559 2389 617 2437 eos
633 2367 694 2460 qni
710 2375 874 2437 exerrent
888 2368 1049 2458 portibus
1064 2366 1223 2457 corripis,
1241 2365 1335 2434 etde
1350 2365 1481 2458 quibus
1497 2385 1561 2454 mo·

400 2481 493 2559 oeni,
513 2475 674 2545 admones
688 2482 725 2544 et
739 2473 940 2566 alloqueris,
959 2481 1000 2543 ut
1021 2475 1147 2544 relicte
1169 2473 1306 2540 melitis
1321 2472 1471 2542 orodsnt
1485 2471 1520 2538 in
1533 2479 1561 2538 tc

398 2579 543 2652 Domine
557 2609 574 2646 n
588 2582 688 2669 (hseo
699 2583 737 2651 in
748 2581 918 2652 relatione
930 2583 974 2652 ed
985 2581 1229 2652 exterminium
1240 2581 1427 2671 impiorum
1437 2580 1560 2649 cheno

399 2799 416 2834 o
434 2797 523 2849 regno
542 2785 681 2836 cociones
694 2781 730 2836 ed
743 2785 934 2838 ostensionem
948 2799 1015 2837 eune
1028 2783 1162 2838 iustitiee
1180 2783 1211 2836 in
1229 2784 1293 2836 illis
1311 2787 1342 2836 et
1359 2781 1560 2836 nmcriwrdiu

398 2871 430 2924 in
448 2871 685 2940 proedestInetie.
704 2871 780 2938 Ergo
799 2874 880 2940 prins
899 2877 998 2928 nostro
1017 2873 1098 2928 modo
1116 2871 1296 2941 concipiendi
1313 2877 1360 2926 eet
1377 2875 1514 2927 voluntte
1534 2871 1558 2922 ir

399 2961 456 3014 Deo
475 2963 589 3030 sliquos
603 2963 772 3016 excludendi
784 2979 802 3016 e
815 2979 901 3030 regno
914 2965 1055 3018 coelorum
1070 2979 1153 3032 quem
1168 2963 1333 3032 permittere
1353 2968 1384 3016 et
1402 2961 1559 3031 preevidere

398 3055 523 3120 peceato,
539 3055 568 3105 et
580 3056 786 3122 consequenter
798 3053 961 3121 reprobetio
975 3055 1111 3121 negetive
1123 3070 1179 3108 non
1192 3055 1226 3106 nt
1243 3069 1278 3106 ex
1297 3054 1492 3121 preescientie
1509 3066 1558 3120 pet

398 3145 534 3209 cetorum,
549 3141 647 3196 sodex
660 3143 785 3211 simplici
798 3144 851 3198 Dei
864 3146 1015 3198 voluntete
1029 3143 1185 3213 procedit..
1199 3183 1206 3196 .
1218 3145 1252 3198 In
1266 3143 1466 3212 proeponndo
1478 3141 1558 3197 medic

399 3229 543 3286 defective
565 3249 583 3286 e
604 3233 659 3288 line
677 3235 874 3288 nnneturenr
892 3233 991 3288 modus
1011 3235 1148 3303 operendi
1167 3239 1213 3289 est
1230 3235 1356 3300 incipere
1382 3253 1400 3285 c
1426 3237 1559 3286 retentare

399 3319 525 3386 &sectere
544 3339 561 3374 o
573 3323 642 3387 fine,
658 3331 684 3374 et
696 3339 729 3374 en
741 3324 796 3376 ilio
803 3324 941 3390 prope-edi
960 3325 998 3377 od
1014 3325 1179 3377 politionem
1196 3331 1222 3375 ct
1243 3323 1407 3376 dectioneee
1418 3325 1557 3376 medinm

398 3409 613 3462 conducentium
630 3410 667 3462 od
686 3411 869 3476 deficiendum
883 3429 900 3462 o
913 3413 984 3477 fine.
1004 3411 1085 3466 Unde
1101 3413 1188 3466 Deus,
1201 3450 1209 3464 .
1222 3449 1230 3464 .
1245 3427 1423 3480 praepetens
1442 3409 1557 3480 reprobis

399 3495 613 3563 permissionem
636 3500 743 3564 peccati
767 3504 796 3554 et
820 3501 932 3566 greum
961 3501 1079 3555 efficeois
1104 3501 1320 3567 denegetionem
1344 3499 1556 3566 coniungendam

398 3599 460 3638 enm
478 3587 580 3640 ultimo
598 3587 697 3642 ellectu
716 3591 927 3657 reprobetionie
942 3591 1055 3644 seilicet
1073 3607 1134 3644 enm
1153 3591 1318 3644 exclusione
1337 3591 1472 3658 eglorie,
1487 3589 1555 3641 debet

393 3675 476 3742 pne·
493 3676 639 3730 intendere
653 3681 838 3732 minionem
851 3699 869 3733 o
887 3681 992 3749 plocio.
1005 3719 1013 3734 .
1026 3717 1034 3734 .
1047 3683 1078 3734 et
1091 3682 1133 3734 sio
1140 3681 1285 3747 per-miecio
1293 3683 1408 3747 peccati
1420 3693 1554 3748 nnnqw

398 3765 559 3818 remittendi
582 3768 714 3834 nepponit
738 3769 879 3837 esflcoccrn
899 3773 1070 3824 uoluntatem
1094 3771 1263 3822 exclusionis
1283 3789 1301 3821 c
1322 3770 1447 3838 yloric·
1469 3771 1553 3823 donet

398 3855 420 3907 l.
434 3871 458 3908 e.
472 3855 585 3912 Lendee
603 3857 665 3910 elnt
683 3860 714 3910 et
731 3859 890 3924 gretiuum
914 3861 990 3914 ectio
1013 3863 1132 3914 eeternu
1149 3859 1230 3912 Petri
1256 3859 1511 3914 misericordiarum
1531 3857 1555 3906 oi

398 3943 455 3996 Deo
474 3946 565 3998 totino
584 3948 790 4002 consoletionie
816 3949 897 4002 enine
923 3955 1028 4003 neture
1052 3949 1184 4014 bonitas,
1207 3948 1283 4016 quod
1303 3951 1483 4002 volunteten
1499 3960 1554 4012 erre

398 4033 555 4085 mentorem
574 4047 653 4088 suem
680 4036 850 4089 retionelem
875 4035 1048 4090 destinatum
1076 4037 1158 4088 unice
1177 4034 1213 4089 ed
1238 4038 1331 4104 ipsum
1354 4035 1553 4102 glorificentur

398 4119 429 4171 in
448 4123 566 4176 uterne
583 4123 763 4178 beatitudIne
789 4141 844 4178 non
870 4125 943 4179 hene
968 4124 1018 4178 sed
1042 4125 1155 4179 omnino
1174 4125 1261 4179 eliam
1280 4126 1363 4179 nobie
1382 4127 1552 4180 menIleetere

398 4205 536 4274 dignene
555 4215 600 4264 eet
619 4213 716 4266 verbis
735 4217 766 4266 et
783 4213 880 4280 Ieetis,
894 4213 1044 4281 ipsiusque
1057 4215 1110 4268 Dei
1128 4213 1273 4269 incenati
1291 4215 1451 4283 leboribue,
1466 4211 1551 4268 dolori·

399 4295 462 4364 bur,
478 4299 643 4368 lachrymis
658 4303 798 4368 unguine
812 4307 842 4356 et
858 4307 948 4356 morte
966 4317 1018 4370 pro
1031 4303 1163 4358 omnibns
1177 4293 1349 4372 liminibus,
1366 4325 1380 4352 ι
1393 4305 1462 4373 quie
1472 4314 1551 4358 omne·

399 4385 528 4442 homtnee
545 4391 612 4444 vult
629 4393 727 4446 reiro·
744 4391 843 4452 fleri.-
