3224 5068
526 337 564 351 ..
585 306 643 366 331
668 337 705 352 ..

40 423 84 484 ret
103 420 233 484 natura
254 414 396 504 propria
417 412 531 504 ipsius
553 413 673 500 Verbi,
699 415 751 483 ite
774 420 815 482 ut
837 413 895 484 hio
915 419 1014 487 homo
1030 419 1079 488 sit
1095 441 1200 489 verus

40 526 131 592 Dens.
155 524 235 592 Hoc
248 528 364 592 autem
381 523 506 591 bonnm
521 522 681 592 infinitae
697 523 889 612 dignitatis
903 527 989 596 licet
1003 527 1201 597 immediate

40 639 69 700 et
87 631 283 700 formaliter
305 631 354 700 sit
376 630 485 698 solius
507 629 677 698 humanae
700 637 848 700 naturae
871 633 1025 719 Christi,
1048 635 1202 724 pertinet

40 748 142 808 tanen
157 739 340 808 moraliter
352 743 388 807 et
399 737 560 822 iuridioe,
572 743 615 804 nt
631 738 682 806 ita
697 738 893 830 loquamur,
905 742 949 810 ad
962 765 1094 811 omnem
1110 764 1202 811 orea-

40 855 153 932 turam,
179 869 271 938 quae
292 846 331 914 in
354 869 417 914 sno
436 845 667 935 primogenito
686 846 844 915 exaltata
859 855 925 933 est,
944 848 988 916 ad
1005 857 1202 918 creaturam

40 957 168 1044 inquam
197 953 372 1044 imprimis
404 951 597 1041 angelicam
629 957 665 1020 et
692 951 900 1039 humanam,
928 955 1030 1037 cuius
1052 957 1127 1046 ipse
1149 963 1204 1025 est

40 1067 143 1152 eaput.
171 1059 326 1130 Maxime
350 1081 432 1129 vero
455 1059 609 1150 pertinet
622 1059 668 1127 ad
685 1067 793 1151 totam
817 1069 979 1130 naturam
1002 1062 1200 1150 humanam,

41 1175 73 1235 nt
93 1169 154 1237 hoc
177 1167 388 1258 mysterium
411 1167 460 1235 sit
483 1167 561 1235 fons
584 1173 620 1236 et
635 1167 734 1258 origo
751 1167 862 1238 totius
881 1171 1203 1242 «subministratio-

40 1280 85 1345 nis
105 1301 146 1345 ex
169 1278 287 1368 capite
309 1277 346 1344 in
370 1277 522 1345 membra
535 1299 566 1362 r;
595 1276 671 1345 ade
694 1277 771 1346 eius
793 1279 884 1347 enim
907 1279 1125 1369 plenitudine
1140 1303 1203 1348 nos

41 1409 143 1454 onnes
164 1386 366 1476 accepimus
388 1391 425 1453 et
447 1384 600 1473 gratiam
622 1405 685 1474 pro
707 1387 827 1476 gratia
841 1414 872 1454 n.
898 1385 1154 1479 Consequenter
1168 1395 1205 1456 et

42 1498 229 1564 extensione
252 1493 354 1562 velut
377 1493 524 1584 quadam
547 1493 701 1584 pertinet
723 1501 895 1585 postremo
917 1496 1022 1563 etiam
1046 1496 1090 1564 ad
1111 1517 1204 1565 crea·

42 1609 141 1671 turam
156 1601 414 1684 irrationalem,
429 1623 517 1692 quae
530 1603 575 1671 ad
590 1609 788 1671 creaturam
805 1603 1011 1671 rationalem
1027 1609 1204 1694 tamquam

43 1711 177 1777 medinm
201 1708 248 1776 ad
272 1708 374 1776 finem
397 1707 593 1797 proximum
610 1711 777 1778 refertur.
793 1710 902 1778 Immo
918 1709 1132 1778 considerari
1148 1709 1204 1778 de·

44 1819 89 1888 bet
106 1820 221 1909 ipsius
243 1825 393 1887 naturae
416 1841 598 1908 corporeae
621 1819 659 1887 in
683 1842 719 1888 se
742 1821 820 1910 ipsa
843 1818 1016 1887 mirabilis
1036 1818 1205 1887 exaltatio

45 1927 72 1992 in
91 1950 231 2018 corpore
254 1927 409 2012 Christi,
436 1926 528 2018 quod
558 1933 613 1995 cst
635 1951 761 2017 corpus
789 1949 954 2016 personae
985 1926 1145 2010 divinae,
1171 1932 1206 1994 et

45 2043 169 2126 propter
184 2036 304 2126 ipsum
328 2035 366 2103 in
389 2035 592 2124 corporibus
608 2036 759 2103 omnium
773 2035 958 2118 iustorum,
974 2055 1062 2125 quae
1077 2033 1206 2124 templa

46 2141 195 2212 dicuntur
205 2142 366 2233 Spiritus
375 2140 1206 2233 SanctiabApostolo(1.Cor.VI.19.)aliqnando

48 2248 294 2317 ereformanda
315 2255 353 2316 et
375 2247 626 2336 configuranda
656 2249 793 2338 corpori
821 2248 997 2317 claritatis
1027 2247 1164 2316 Christi
1186 2277 1202 2311 n

46 2354 122 2424 Phil.
138 2357 209 2426 111.
229 2357 294 2444 213
321 2362 363 2423 nt
384 2353 476 2423 nihil
499 2356 655 2424 dicamus
678 2355 720 2424 de
743 2356 938 2437 elevatione
962 2362 1110 2424 naturae
1134 2378 1206 2425 oor·

48 2485 151 2550 pereae
172 2465 219 2533 ad
236 2465 474 2532 instrumenta
489 2463 642 2532 efficacia
657 2463 948 2532 sanctificationis
965 2463 1002 2530 in
1016 2484 1208 2532 sacramen·

48 2571 94 2654 tis,
106 2577 141 2640 et
159 2573 202 2641 de
214 2570 478 2640 consecratione
498 2592 584 2661 quae
604 2571 776 2639 latissime
792 2576 901 2660 patet,
917 2571 961 2638 ad
974 2569 1209 2638 instrumenta

49 2684 75 2744 et
93 2679 292 2748 adiumenta
314 2677 433 2747 cultus
457 2677 657 2762 christiani,
676 2677 835 2768 nihilque
851 2677 1008 2746 dicamus
1024 2677 1067 2745 de
1083 2677 1209 2745 futura

49 2785 238 2856 liberatione
266 2815 283 2850 o
296 2807 319 2853 a
341 2787 513 2856 servitute
537 2785 771 2876 corruptionis
794 2785 832 2852 in
855 2785 1053 2854 libertatem
1075 2785 1209 2874 gloriae
1232 2795 1234 2802 ⁴

50 2893 182 2963 filiorum
198 2897 279 2980 Dei,
297 2921 312 2957 n
339 2917 427 2988 quae
449 2901 635 2986 antequam
659 2893 734 2976 fiat,
763 2893 903 2960 comnis
928 2898 1090 2961 ereatura
1111 2891 1208 2980 inge-

51 3003 206 3074 miscitat
233 3003 392 3094 parturit
421 3024 531 3092 usque
554 3001 701 3070 adhuco
727 3001 826 3069 Rom.
843 2999 943 3069 VIII.
960 2999 1017 3068 21.
1032 2999 1090 3068 22.
1114 2998 1209 3066 Haeo

51 3117 147 3176 eutem
169 3109 287 3177 omnia
308 3108 347 3175 in
370 3107 492 3176 ordine
508 3107 683 3198 praesenti
699 3111 960 3198 consequuntur
975 3111 1012 3174 et
1028 3106 1211 3173 dimanant

52 3216 84 3281 ab
102 3239 138 3284 eo
160 3216 355 3308 mysterio,
381 3215 472 3306 quod
498 3243 515 3278 o
535 3213 689 3284 Verbum
713 3236 794 3283 caro
825 3214 957 3283 factum
981 3219 1090 3296 est,n
1117 3211 1209 3305 quod

55 3322 163 3392 theos
184 3325 354 3415 apparuit
375 3323 413 3391 in
445 3343 604 3408 oerne,n
631 3323 723 3414 quod
747 3343 827 3391 oaro
850 3319 1012 3410 Virginis
1036 3321 1133 3390 facta
1155 3325 1211 3388 est

54 3451 117 3498 earo
138 3433 224 3500 Filii
250 3431 327 3500 Dei.

107 3539 228 3608 Altera
252 3539 355 3607 velut
384 3537 544 3607 formalis
574 3537 699 3605 summi
730 3536 810 3604 boni
833 3558 911 3604 cnm
932 3543 1099 3605 creatura
1122 3557 1210 3604 com·

55 3648 225 3716 nunicatio
250 3646 409 3716 cernitur
425 3645 462 3714 in
478 3645 613 3714 visione
630 3644 802 3727 beatifica,
822 3651 863 3712 nt
878 3665 920 3712 ex
937 3642 1042 3712 dictis
1059 3643 1096 3709 in
1112 3663 1212 3732 prae-

57 3753 176 3823 cedente
199 3755 361 3825 Sectione
384 3775 459 3843 cap.
477 3753 527 3820 II.
551 3751 638 3819 satis
661 3750 891 3840 intelligitur.
914 3751 1083 3819 «Natura
1105 3748 1212 3816 ratio·

58 3859 133 3929 nolis
153 3886 212 3954 per
235 3861 427 3954 potentiam
454 3859 706 3928 intellectivam
730 3864 784 3926 est
806 3879 916 3946 capax
939 3854 1153 3938 divinitatis,
1179 3859 1215 3922 et

61 3963 170 4038 lumine
187 3969 322 4059 gloriae
337 3967 522 4035 illustrata
538 3971 574 4034 et
588 3965 712 4033 adiuta
728 3965 891 4054 factaque
903 3964 974 4030 Deo
991 3961 1119 4030 similis
1131 3961 1213 4030 erni-

62 4075 242 4144 nentiesimo
266 4075 364 4144 modo
388 4097 449 4164 per
472 4073 614 4142 eandem
638 4071 835 4140 formaliter
857 4069 989 4138 transit
1004 4075 1040 4138 et
1055 4075 1217 4160 penetrat

64 4175 92 4240 in
110 4179 222 4266 Deum,
240 4187 277 4249 et
292 4181 387 4248 Dens
410 4181 448 4247 in
464 4179 540 4269 ipsa
555 4201 644 4246 novo
661 4178 768 4245 modo·
776 4176 912 4260 existit,
931 4199 1035 4268 seque
1051 4175 1121 4266 ipsi
1137 4197 1215 4243 cum

66 4285 198 4355 omnibus
220 4287 296 4356 suis
320 4287 417 4355 bonis
448 4287 697 4369 communicat,
724 4290 767 4352 ut
789 4283 941 4352 omnium
972 4281 1157 4352 dulcedine
1180 4287 1216 4350 et

66 4389 304 4474 pulchritudine
320 4395 540 4483 perfruatur.
558 4391 738 4461 Potentiae
750 4389 990 4460 intellectivae
1006 4389 1108 4460 velut
1123 4387 1216 4458 socia
