3262 5076
398 465 480 531 nate
503 481 625 529 verum
647 463 714 530 est:
740 459 772 526 si
794 480 835 526 ea
859 457 1024 526 voluntas
1047 455 1324 526 constitueretur
1346 455 1414 524 sub
1427 453 1485 522 his
1499 477 1569 524 oon·

398 565 610 650 ditionibus,
635 565 779 635 eliceret
801 565 894 634 hunc
917 573 1051 648 actum,
1078 565 1238 657 quamvis
1263 571 1382 654 posset
1407 583 1486 631 cum
1509 585 1570 632 non

398 677 524 746 elicere
547 674 605 743 vel
627 673 752 742 elicere
775 672 897 740 alium.
915 671 987 740 Nec
1011 670 1199 740 ullomodo
1222 678 1337 761 potest
1361 669 1498 759 concipi
1520 669 1569 737 de·

396 785 588 854 terminata
611 783 745 850 veritas
761 779 1008 872 propositionis
1024 779 1205 848 absolutae
1218 802 1249 848 e.
1266 804 1303 870 g.
1321 779 1453 847 Petrus
1469 778 1507 844 in
1522 777 1572 844 hir
1615 766 1616 830 l

399 888 577 958 adiunctis
600 888 708 956 libers
732 886 906 978 peccabit,
931 909 1010 954 cum
1033 886 1155 977 ntique
1180 895 1296 975 posset
1321 907 1390 952 non
1423 906 1571 976 peccare,

401 997 487 1090 quin
510 994 615 1064 simul
638 994 864 1084 intelligatur
887 994 1021 1062 ratione
1039 993 1138 1084 prius
1152 992 1382 1062 determinate
1399 1013 1489 1060 vara
1504 1014 1574 1059 oon·

398 1102 586 1172 ditionata:
612 1101 643 1170 si
665 1103 793 1170 Petrus
815 1099 1088 1168 constitueretur
1111 1100 1148 1168 in
1171 1098 1229 1168 his
1251 1099 1445 1183 adiunctis,
1471 1097 1574 1166 libere

400 1215 571 1300 peccaret.
590 1208 779 1297 Repugnat
801 1208 892 1276 enim
914 1208 1108 1291 evidenter,
1133 1212 1175 1275 nt
1197 1229 1321 1275 vernnr
1348 1205 1411 1290 sit,
1438 1207 1573 1275 Petrum

401 1316 594 1387 verilicutis
609 1316 666 1384 his
680 1315 858 1384 adiunctis
875 1316 984 1385 libere
1007 1316 1122 1406 reipsa
1145 1322 1356 1406 negaturum
1379 1336 1459 1383 asse
1482 1313 1574 1382 Chri·

400 1431 506 1509 stum,
525 1431 562 1494 et
577 1447 644 1492 non
660 1423 710 1492 sit
724 1426 863 1490 racione
875 1425 974 1513 priua
991 1445 1125 1508 verum,
1140 1423 1244 1516 qnod,
1260 1423 1292 1492 si
1308 1422 1395 1492 haec
1412 1422 1575 1492 adiuncta
1617 1467 1618 1472 κ

401 1532 681 1615 verificarentur,
700 1539 846 1621 negaret
868 1531 1058 1600 Christum.
1078 1531 1182 1601 Sicut
1196 1555 1281 1622 ergo
1296 1531 1363 1600 hoo
1379 1532 1472 1621 ipso,
1492 1529 1575 1622 quod
1617 1539 1618 1592 Τ

399 1638 528 1710 Petrus
550 1639 588 1708 in
611 1639 788 1708 adiunctis
818 1639 925 1708 huius
948 1646 1049 1708 actus
1079 1638 1184 1730 primi
1213 1640 1434 1708 constitutus
1466 1639 1576 1728 reipsa

399 1749 510 1818 libere
541 1753 681 1836 peccat,
707 1745 776 1813 iam
808 1753 889 1816 ante
918 1746 1140 1816 existentiam
1171 1747 1344 1816 actualem
1377 1747 1517 1837 peremi
1537 1745 1577 1812 ab

400 1865 541 1926 aeterno
564 1853 771 1922 obiectivam
797 1855 982 1924 veritatem
1005 1854 1157 1923 habebat
1180 1857 1373 1944 propositio
1397 1853 1575 1922 obcluso.-

401 1963 529 2034 Petrus
545 1962 758 2030 constitutus
771 1962 808 2030 in
824 1961 881 2030 bis
897 1963 1074 2032 adiunctis
1087 1963 1255 2052 peccabit;
1271 1963 1323 2030 ita
1334 1962 1575 2031 antecedenter

402 2071 446 2142 ad
469 2068 683 2161 hypothesin
713 2069 865 2139 actualis
895 2071 1159 2140 constitutionis
1189 2071 1227 2139 in
1257 2071 1314 2138 his
1341 2071 1523 2139 adiunctis
1542 2077 1575 2139 et

402 2177 518 2268 reipsa
535 2176 650 2246 futuri
667 2177 814 2265 peccati,
833 2176 984 2246 habebat
1000 2177 1184 2246 veritatem
1201 2177 1412 2246 obiectivam
1423 2179 1576 2266 proposi·

406 2288 455 2352 tio
472 2281 725 2352 conditionata.-
741 2285 772 2352 si
788 2284 915 2354 Petrus
930 2285 1203 2354 constitueretur
1222 2284 1260 2352 in
1278 2283 1462 2352 adiunctis
1478 2283 1577 2352 huius

403 2399 504 2462 actus
519 2391 634 2482 primi,
647 2399 817 2481 peccaret.
836 2391 1006 2474 Quamvis
1019 2393 1263 2483 proindeDens
1279 2414 1346 2461 non
1364 2391 1578 2482 permisisset

402 2501 545 2570 Petrum
569 2499 739 2568 constitui
755 2499 791 2568 in
807 2500 987 2569 adiunctis
1010 2499 1117 2568 huius
1132 2507 1234 2568 actus
1249 2498 1367 2590 primi,
1386 2507 1424 2568 et
1440 2499 1494 2568 ita
1510 2521 1577 2588 pec·

402 2619 519 2678 catum
543 2629 730 2698 numquam
747 2605 876 2676 suisset
891 2607 1049 2676 absoluto
1066 2608 1237 2694 iuturnm3
1256 2606 1444 2676 mansisset
1467 2615 1575 2675 tamen

404 2714 537 2784 veritas
554 2713 804 2803 propositionis
820 2713 1090 2784 conditionatos:
1107 2715 1138 2782 si
1159 2713 1285 2784 Petrus
1304 2713 1576 2782 constitueretur

401 2821 438 2890 in
456 2819 634 2888 adiunctis
650 2819 757 2888 huius
772 2827 874 2889 actus
891 2820 1008 2910 primi,
1029 2828 1199 2911 peccaret.
1219 2819 1293 2888 Iam
1310 2842 1394 2889 vero
1410 2820 1575 2910 perfectio

401 2927 542 2997 infinita
556 2927 698 2997 divinas
714 2927 882 2996 scientiae
897 2949 940 2996 er
956 2949 1022 2997 sna
1037 2927 1230 2996 intrinseca
1256 2929 1393 2997 ratione
1416 2927 1573 2998 determi-

401 3041 487 3106 nata
508 3043 564 3105 est
586 3035 630 3104 ad
654 3035 886 3124 cognitionem
909 3035 1021 3104 omnis
1044 3035 1133 3104 veri.
1152 3035 1254 3105 Sicut
1275 3059 1360 3126 ergo
1381 3036 1480 3104 Deus
1502 3033 1571 3104 infi-

401 3144 514 3214 nitate
530 3143 782 3234 praescientiae
797 3143 842 3210 ab
856 3149 997 3212 aeterno
1020 3143 1217 3232 cognoscit,
1236 3163 1336 3235 quem
1352 3143 1449 3212 inter
1463 3163 1571 3211 omnes

401 3259 502 3322 actus
518 3250 700 3342 possibiles
715 3257 835 3320 creata
850 3249 1016 3320 voluutas
1032 3249 1071 3318 in
1093 3249 1227 3318 talibus
1254 3249 1432 3320 adiunctis
1447 3251 1499 3320 sit
1511 3249 1570 3318 ele

402 3367 514 3444 ctare,
533 3359 617 3451 quia
639 3359 683 3426 ab
705 3365 847 3426 aeterno
871 3379 992 3426 verum
1010 3363 1075 3439 est,
1095 3357 1186 3449 quod
1210 3355 1303 3426 hnno
1329 3357 1437 3427 talem
1462 3365 1569 3426 actum

401 3465 523 3555 eliget,
542 3464 704 3557 quamvis
715 3485 823 3555 aequo
835 3471 950 3553 posset
965 3463 1096 3553 eligere
1108 3464 1218 3532 alium
1235 3463 1428 3550 (th.XLII.
1439 3459 1567 3532 XLIII.

400 3597 435 3642 n.
445 3571 544 3658 111.):
562 3573 615 3640 ita
629 3571 747 3640 eudem
763 3569 939 3640 infinitate
955 3570 1123 3640 scientias
1135 3572 1327 3662 cognoscit,
1341 3592 1442 3662 quem
1459 3577 1568 3640 actum

402 3681 495 3749 inter
518 3702 634 3750 omnes
650 3679 833 3770 possibiles
857 3687 975 3749 creata
999 3679 1163 3750 voluntas
1186 3689 1278 3750 esset
1299 3680 1468 3763 electura,
1487 3679 1568 3748 siin

401 3787 535 3860 talibus
550 3787 728 3857 adiunctis
751 3787 1039 3873 constitueretur,
1054 3789 1138 3882 quia
1154 3809 1275 3858 verum
1292 3797 1357 3872 est,
1376 3787 1469 3879 quod
1485 3787 1568 3856 hunc

402 3893 644 3988 potiusquam
668 3894 778 3962 alium
802 3893 964 3983 eligeret.

468 4003 514 4070 2⁰.
541 4003 624 4072 Sina
647 4003 922 4072 consideratione
946 4001 1167 4071 habitudinis
1197 4003 1240 4072 ad
1270 4003 1430 4072 absolute
1454 4004 1566 4072 futura

402 4107 574 4178 declarari
590 4108 679 4178 solet
694 4109 868 4178 obiectiva
880 4109 1014 4178 veritas
1029 4109 1066 4177 in
1084 4111 1378 4200 propositionibus
1392 4112 1564 4180 enuntian-

401 4215 498 4286 tibus
521 4223 622 4285 actns
644 4215 785 4300 liberos,
804 4216 864 4308 qui
889 4217 955 4284 snb
970 4217 1167 4288 conditione
1194 4218 1315 4311 aliqua
1330 4220 1457 4288 forent.
1474 4214 1563 4301 Quod

401 4321 438 4392 in
454 4321 590 4392 duabus
606 4321 900 4413 propositionibus
912 4321 1162 4393 conditionatis
1174 4325 1456 4395 contradictoriis
1466 4345 1561 4394 enun-

401 4427 528 4500 tiatur:
546 4427 578 4498 si
592 4429 720 4498 Petrus
742 4429 996 4500 costitueretur
1022 4427 1060 4496 in
1074 4427 1132 4500 his
1145 4430 1324 4501 adiunctis
1339 4437 1439 4502 actus
1455 4425 1558 4520 primi,
