3224 5068
407 347 412 354 .
518 343 557 356 -
578 313 639 376 329
659 345 697 360 ..

47 419 121 504 finis,
138 427 174 488 et
188 425 245 488 est
259 423 438 489 creaturae
461 419 646 488 rationalis
670 442 839 489 summum
863 423 988 490 bonnm
1005 443 1073 490 non
1089 419 1203 488 solnm

47 527 219 596 causaliter
242 535 282 596 ut
305 533 486 597 creaturae
509 527 615 596 etiam
635 528 867 611 irrationalis,
887 529 947 597 sed
962 551 1022 619 per
1038 551 1074 596 se
1089 527 1204 617 ipsum

46 643 76 702 nt
94 637 216 704 bonum
240 636 453 704 beatificans.
483 665 500 700 u
513 636 569 704 Ad
593 637 763 705 rationem
780 638 955 727 perfectae
972 633 1203 727 possessionis

45 741 119 808 nihil
141 743 241 811 aliud
266 743 474 834 requiritur,
501 766 603 834 quam
627 750 669 812 ut
691 767 747 812 res
770 745 823 812 ita
846 745 1018 814 habeatur
1041 763 1204 835 praesens

46 860 72 916 et
90 849 124 916 in
145 856 318 940 potestate
345 850 574 941 possidentis,
600 858 641 920 ut
663 853 776 942 possit
798 875 836 921 ec
867 854 921 922 nti
945 853 991 940 (si
1014 852 1126 920 solnm
1150 853 1205 918 cst

47 957 193 1044 medinm)
215 964 252 1026 et
274 958 349 1027 frui
373 957 418 1046 (si
433 963 487 1026 est
502 957 597 1043 finis)
622 981 684 1046 pro
700 981 763 1026 sno
779 958 964 1028 desiderio.
986 958 1111 1049 Itaque
1128 981 1204 1026 cum

47 1087 94 1152 per
115 1065 283 1135 visionem
306 1067 401 1136 Deus
424 1066 477 1135 ita
500 1067 670 1136 habeatur
698 1089 861 1157 praesens
889 1074 925 1136 et
951 1073 1132 1148 teneatur,
1165 1071 1207 1132 ut

48 1171 151 1240 sidens
173 1195 215 1241 eo
238 1173 314 1242 frui
337 1181 373 1243 et
396 1197 526 1242 omnem
551 1174 816 1244 oblectationem
841 1180 946 1264 prout
962 1174 1149 1257 desiderat,
1164 1195 1206 1240 ex

48 1301 77 1344 eo
95 1279 235 1350 haurire
258 1281 382 1371 possit,
401 1282 491 1351 visio
514 1282 580 1351 Dei
602 1289 657 1352 est
680 1305 765 1352 vera
788 1283 865 1351 eius
888 1283 1071 1374 possessio.
1089 1280 1207 1349 Simili

48 1387 127 1454 ucdo
149 1389 294 1457 auditus
318 1388 546 1479 symphoniae
576 1396 630 1458 est
657 1391 827 1480 possessio
850 1390 1097 1480 symphoniae,
1124 1389 1207 1479 qnia

49 1493 87 1559 ita
107 1518 164 1583 per
186 1495 348 1564 anditum
372 1503 524 1581 tenetur,
543 1503 585 1565 nt
608 1520 740 1565 omnem
764 1497 1027 1566 oblectationem
1052 1501 1087 1564 et
1110 1516 1207 1562 omne

50 1604 243 1672 commodum
266 1605 342 1672 eius
365 1603 541 1694 percipere
564 1605 688 1694 possit.
718 1605 818 1674 Unde
841 1605 970 1673 falsum
993 1609 1070 1689 est,
1096 1603 1207 1671 Deum

50 1711 220 1779 secundum
237 1735 275 1780 se
293 1734 361 1780 non
378 1733 452 1780 esse
466 1712 664 1781 immediate
681 1714 805 1781 bonurn
821 1717 991 1780 nostrum.
1009 1709 1208 1800 Dupliciter

51 1816 122 1883 enirn
144 1818 240 1888 Deus
264 1819 398 1889 dicitnr
425 1821 550 1888 bonnm
581 1826 763 1906 nostrum,
789 1819 901 1910 primo
931 1817 1121 1888 causaliter
1148 1840 1209 1886 sen

51 1925 205 2010 effective,
233 1933 407 2018 qnatenus
430 1929 474 1995 ab
497 1929 573 2018 ipso
590 1933 764 2020 tamqnam
784 1928 880 1996 fonte
897 1949 993 1996 omne
1010 1927 1134 1994 bonnm
1150 1947 1208 1993 no·

53 2031 92 2096 bis
118 2033 304 2102 obveniens
334 2035 514 2123 dimanat;
547 2035 697 2104 secundo
725 2035 859 2104 dicitur
893 2035 1017 2103 bonnm
1052 2039 1208 2102 nostrum

53 2139 132 2226 quasi
147 2141 348 2210 formaliter
370 2149 406 2210 et
428 2161 490 2232 per
509 2165 545 2211 se
568 2143 694 2231 ipsum.
721 2143 840 2234 Neque
857 2143 901 2211 ad
917 2140 982 2210 hoc
997 2139 1206 2232 requiritur,

54 2253 83 2310 ut
101 2248 168 2336 ipse
190 2257 371 2340 tamqnam
403 2251 515 2318 forma
544 2251 643 2318 nobis
665 2250 869 2334 inhaereat,
896 2249 1026 2318 sufficit
1048 2251 1089 2316 ut
1111 2245 1210 2315 nobis

54 2351 204 2443 iungatur
227 2357 403 2426 mediante
427 2358 573 2427 visione.
599 2359 649 2427 Ut
671 2359 762 2427 euim
786 2357 923 2449 aliquid
947 2361 1129 2426 censeatur
1153 2355 1208 2422 bc-

55 2481 117 2529 num
139 2486 264 2550 meum,
291 2465 421 2534 sufficit
443 2471 485 2535 nt
506 2466 787 2557 apprehendatur
810 2473 987 2558 tamquam
1007 2463 1141 2556 aliquid
1165 2463 1208 2530 ad

56 2589 93 2634 ne
112 2571 290 2659 pertinens
318 2595 379 2662 per
409 2575 545 2642 modum
572 2573 670 2642 reia
693 2595 746 2642 me
776 2593 972 2664 possessae,
999 2571 1100 2640 cuins
1126 2591 1210 2638 usus

56 2673 99 2740 rel
110 2677 232 2746 fruitio
257 2679 307 2746 sit
328 2679 366 2746 iu
389 2701 464 2747 mea
483 2687 667 2770 potestate.
693 2681 741 2748 Et
758 2681 822 2749 hoc
838 2679 935 2748 modo
950 2677 1134 2766 Deusipsc
1149 2698 1210 2765 per

56 2801 82 2844 se
99 2783 291 2854 formaliter
313 2792 368 2854 est
390 2788 515 2855 bonnm
530 2793 701 2872 nostrum,
716 2809 836 2876 nempe
852 2791 894 2854 ut
909 2807 965 2852 res
981 2805 1003 2850 a
1019 2782 1118 2850 nobis
1133 2804 1209 2871 pos-

56 2907 140 2974 sessa,
164 2898 206 2960 ut
228 2915 365 2982 semper
388 2895 559 2983 possimus
584 2919 622 2964 eo
647 2896 721 2964 frui
744 2902 779 2963 et
803 2893 982 2977 delectari,
1005 2889 1210 2981 praesertim

57 3015 116 3061 eum
138 2999 242 3067 vitali
266 3000 393 3069 unione
416 3003 671 3092 perfectissime
694 3007 731 3070 et
752 3006 919 3092 perpetuo
950 2999 1049 3068 nobis
1073 2997 1109 3065 in
1133 2999 1210 3066 bea·

56 3099 184 3176 titudine
197 3107 414 3198 copulatura
432 3109 575 3180 Lessius
591 3111 633 3180 de
649 3133 779 3180 summo
796 3110 891 3178 Bono
907 3107 997 3178 1.11.
1017 3131 1047 3177 c.
1059 3107 1091 3176 a.
1106 3131 1141 3174 u.
1152 3105 1208 3174 31.

59 3206 100 3295 325
114 3235 140 3279 c.
151 3213 204 3282 17.
220 3239 258 3282 n.
274 3215 353 3284 146.

108 3320 154 3389 At
173 3345 289 3391 nonne
313 3323 378 3392 hcc
401 3326 500 3394 modo
522 3326 604 3394 finis
636 3327 782 3395 ultimus
812 3325 923 3394 totius
946 3323 1079 3392 ordinis
1102 3322 1213 3391 creati

61 3429 270 3499 constituitur
293 3431 473 3501 beatitudo
497 3440 678 3503 creaturae
705 3433 914 3502 rationalis?
945 3429 1210 3522 Respondetur:

61 3531 152 3600 totius
166 3537 354 3606 creationis
371 3537 517 3606 ultimus
527 3541 625 3628 ficis,
637 3541 700 3630 qai
714 3539 911 3608 intenditur
927 3537 1145 3620 obtinendus,
1161 3541 1214 3604 est

63 3635 158 3719 plorio
174 3644 240 3709 Dei
255 3645 464 3734 extrinseca
483 3653 589 3740 atque
613 3648 689 3716 ideo
704 3647 851 3715 ultimus
860 3648 958 3735 ficis,
978 3647 1073 3712 caius
1092 3645 1214 3733 pratia

64 3755 131 3815 suut
149 3753 262 3820 omnia
285 3761 403 3824 creata
426 3762 461 3824 et
484 3755 527 3822 ad
551 3779 652 3847 quem
676 3755 790 3824 omnia
812 3756 1027 3836 referuntur,
1046 3757 1101 3819 est
1119 3751 1214 3818 Deus

64 3847 131 3936 ipse.
154 3857 218 3928 Dei
241 3859 334 3928 enim
356 3863 574 3931 necessarius
602 3885 697 3930 amor
721 3883 803 3930 suae
819 3861 1029 3929 intrinsecae
1044 3855 1214 3925 excellen-

65 3959 120 4028 tiae
133 3971 269 4056 propter
280 3967 371 4037 hanc
385 3969 627 4040 excellentiam
643 3970 784 4060 dignam
802 3968 941 4036 infinita
957 3963 1213 4055 glorificatione

67 4065 137 4158 (qua
163 4075 300 4165 quidem
323 4077 360 4144 in
388 4078 522 4168 seipso
553 4101 614 4147 seu
643 4079 681 4146 in
712 4076 828 4168 gloria
857 4073 1050 4142 intrinseca
1080 4072 1215 4140 fruitur

70 4176 173 4269 absque
193 4182 392 4273 indigentie
415 4187 683 4276 glorificationis
698 4185 873 4271 alterius),
891 4181 999 4249 libere
1014 4179 1216 4249 extenditur

73 4285 105 4354 ed
122 4289 293 4376 yolendem
310 4295 384 4364 eius
400 4297 749 4384 repraesentationem
765 4298 801 4362 et
816 4290 1028 4380 agnitionem
1044 4313 1111 4380 per.
1122 4310 1214 4358 crea·

74 4397 162 4465 tures.
184 4401 231 4470 Et
253 4403 339 4472 baec
361 4409 416 4472 est
438 4403 553 4492 gloria
568 4403 634 4470 Dei
649 4401 847 4470 extrinseca
861 4405 935 4468 tum
952 4399 1118 4464 obieetivo
1139 4401 1216 4462 tum
1281 4393 1284 4400 '
