3394 5056
641 389 677 402 ..
698 359 739 418 37
760 389 797 403 ...

128 467 225 530 stum
246 471 301 532 est
320 465 358 532 in
382 463 469 532 illis.
488 491 505 525 n
522 463 595 532 Hoc
610 469 731 532 notum
746 462 812 531 Dei
833 461 996 530 continuo
1018 457 1216 548 explicatur
1238 475 1299 544 per

127 589 185 652 ea,
204 571 472 660 qussdicnntur
490 571 720 640 «invisibilia
742 571 875 660 ipsius,
896 597 912 632 n
939 567 1074 636 scilicet
1102 561 1299 633 invisibilia

128 674 168 741 in
195 677 336 766 seipsis,
366 700 454 770 quaa
477 685 592 747 tamen
620 703 681 770 per
704 679 803 748 aliud
826 685 910 746 suunt
932 674 1193 764 intelligibilia3
1219 691 1298 738 nam

132 783 350 854 «intellecta
372 787 648 876 conspiciuntur.
665 815 682 850 n
701 785 792 856 Sunt
814 808 916 877 porro
938 784 1024 854 haec
1047 782 1231 850 intellectu
1262 784 1300 847 et
1324 856 1329 864 ¹

128 891 264 960 ratione
287 901 472 986 conspecta
500 895 693 980 attributa,
719 895 846 987 quibus
868 893 962 963 Deus
984 889 1202 980 intelligitur
1224 909 1298 958 esse

129 1023 325 1092 supremum
350 1025 499 1089 numen,
528 1003 772 1094 csempiterna
794 1003 870 1072 eius
894 1000 1011 1070 virtus
1033 1005 1070 1068 et
1091 997 1295 1066 divinitas»

129 1107 227 1177 Rom.
246 1109 277 1176 Ι.
297 1109 352 1177 19.
371 1110 427 1178 20.
450 1111 541 1180 Huic
565 1110 726 1203 Apostoli
749 1109 927 1179 doctrinae
951 1105 1121 1198 parallelo
1142 1112 1198 1173 est
1223 1125 1298 1172 sen·

128 1216 241 1284 tentia
254 1217 342 1285 libri
355 1217 566 1308 Sapientiae.
588 1249 605 1284 c
617 1217 709 1287 Vani
725 1224 840 1287 autem
853 1222 936 1285 sunt
949 1237 1064 1284 omnes
1075 1212 1242 1294 homines,
1260 1209 1298 1278 in

130 1323 254 1415 quibus
270 1347 340 1392 non
356 1325 763 1412 subestscientiaDc13n
782 1323 839 1394 vel
855 1331 896 1393 ut
911 1331 966 1392 est
981 1323 1018 1391 in
1041 1327 1142 1390 textu
1159 1339 1296 1409 graeco:

134 1462 153 1496 e
164 1435 245 1503 rani
268 1435 362 1503 enim
377 1443 461 1504 sunt
475 1457 590 1504 omnes
604 1435 760 1503 homines
775 1438 919 1515 notarit,
944 1432 1071 1526 quibus
1086 1431 1186 1498 adast
1200 1427 1299 1518 igno·

132 1544 219 1612 ratio
230 1544 341 1612 Deizn
362 1549 425 1612 cet
436 1545 527 1636 (qni)
543 1567 611 1612 non
628 1549 819 1634 potuerunt
833 1541 1033 1632 intelligere
1049 1563 1126 1610 eum
1139 1537 1200 1630 qui
1216 1543 1295 1605 esto

135 1645 198 1740 (rm
226 1648 342 1738 incl:
365 1681 381 1717 a
403 1651 687 1741 cognoscibiliter
709 1651 800 1720 enim
823 1649 954 1740 poterit
985 1655 1121 1719 creator
1150 1645 1295 1715 videris

138 1755 311 1848 (ἀναλεγως
339 1759 354 1822 ὁ
379 1780 581 1850 γενεσιουργσς
615 1754 818 1850 θεωρειται);
849 1757 915 1826 osi
943 1763 1081 1826 tautum
1108 1758 1298 1845 potuerunt

135 1868 235 1954 scire,
263 1874 308 1937 ut
330 1874 473 1959 possent
493 1867 677 1937 aestimare
701 1867 896 1951 saeculum,
922 1865 1087 1958 quomodo
1110 1862 1218 1933 huius
1240 1860 1297 1928 do·

134 1977 257 2044 minum
269 1999 340 2044 non
352 1974 495 2045 facilius
509 1979 579 2065 (gr.
590 1975 697 2044 citius
709 1971 824 2061 ταχιον)
842 1971 1087 2044 invenerunt'lr
1100 1971 1181 2062 Sap.
1191 1971 1293 2041 XIII.

192 2192 239 2262 2⁹.
259 2193 436 2260 Distinete
459 2195 497 2259 in
532 2191 652 2260 iisdem
675 2193 874 2282 Scripturas
897 2193 981 2258 locis
1004 2189 1209 2258 describitur
1231 2215 1298 2258 mo·

134 2297 190 2367 das
211 2301 514 2390 manifestationis
536 2300 615 2381 Dei,
641 2315 673 2366 et
695 2299 884 2366 rationulis
908 2301 1130 2389 cognitionis,
1156 2322 1244 2391 proc
1267 2303 1300 2366 ei

132 2405 317 2496 respondet.
342 2406 523 2476 Obiectum
546 2405 758 2497 cognitionis
780 2410 862 2475 actu
886 2404 1047 2494 cognosci
1070 2427 1138 2473 non
1168 2411 1294 2495 potest,

132 2513 197 2582 nisi
220 2521 396 2606 qnatenus
420 2513 528 2582 menti
550 2514 721 2582 hnmanae
751 2535 826 2582 sess
855 2513 1079 2597 manifestat,
1105 2535 1182 2582 cum
1213 2512 1297 2582 haec

133 2623 369 2692 nnmtestetio
391 2621 483 2690 nihil
506 2622 554 2691 sit
576 2621 674 2691 aliud
706 2643 808 2711 quam
842 2619 1125 2711 cognoscibilitas
1148 2620 1186 2688 in
1216 2625 1299 2689 actu

133 2727 278 2796 meando
300 2725 414 2818 quoad
437 2729 709 2814 cognoscentem.
735 2724 854 2793 Potest
870 2745 952 2793 vero
968 2723 1138 2793 obiectum
1154 2723 1297 2792 manite-

133 2841 219 2902 stum
243 2834 322 2903 lieri
338 2833 396 2904 vel
412 2833 608 2904 immediata
623 2856 684 2924 per
699 2855 736 2902 se
751 2833 877 2924 ipsum,
896 2831 953 2902 vel
969 2831 1116 2901 mediata
1133 2852 1193 2920 per
1208 2830 1297 2900 obia-

132 2949 221 3012 ctum
255 2942 356 3011 aliud
390 2943 674 3034 praecognitum,
707 2941 798 3034 quod
828 2939 899 3010 dici
930 2940 1061 3030 poterit
1087 2938 1297 3008 obiectivum

134 3051 277 3122 medium
292 3049 505 3140 cognitionis
520 3049 584 3138 (1).
597 3049 673 3118 Iam
686 3071 769 3119 vero
782 3049 906 3118 docent
922 3046 1126 3136 Scripturas
1141 3045 1297 3116 luculen-

133 3159 276 3242 tissime,
300 3158 412 3226 Deum
434 3155 605 3226 humanae
628 3157 759 3226 rationi
782 3179 855 3226 sese
879 3155 1115 3240 manifestare
1141 3153 1201 3222 sed
1227 3173 1296 3221 ma·

133 3267 296 3336 nilcstars
317 3287 355 3335 se
377 3288 439 3355 per
461 3273 641 3335 creaturas
663 3265 738 3352 ita,
764 3271 806 3334 nt
827 3287 869 3333 ex
893 3263 1044 3355 cognitis
1075 3261 1298 3352 aspectabilis

133 3375 285 3444 universi
308 3373 581 3464 perfectionibus
604 3373 865 3463 imperfectione
888 3371 1053 3441 limitetis
1072 3369 1298 3461 perveniatur

132 3481 172 3552 ad
187 3481 422 3572 cognitionem
445 3481 523 3566 Dei,
548 3503 616 3549 non
633 3479 771 3572 quidem
787 3479 877 3572 quod
900 3479 938 3548 in
961 3477 1133 3548 creaturis
1149 3475 1244 3544 Deus
1261 3475 1297 3542 in

130 3612 164 3659 sc
185 3611 318 3682 suaque
341 3589 538 3676 substantia
552 3587 728 3671 videatur,
754 3587 814 3656 sed
837 3586 927 3678 quod
950 3608 992 3654 ax
1015 3585 1155 3674 cognito
1171 3584 1298 3652 effectu

129 3697 339 3788 effectusque
360 3694 572 3787 perfectione
594 3695 686 3764 ratio
702 3693 883 3784 intelligat
895 3695 960 3763 Dei
978 3713 1157 3784 supremae
1174 3709 1298 3758 causae

129 3813 163 3874 et
175 3805 400 3876 existentiam
416 3811 452 3873 et
466 3804 717 3895 quadamtenus
733 3802 989 3893 perfectionem.
1019 3829 1036 3866 a
1054 3799 1155 3882 Quod
1176 3802 1296 3866 notum

128 3919 180 3983 est
200 3913 280 3998 Dei,
306 3912 424 4004 inquit
445 3911 589 3997 Paulus,
615 3912 837 3981 manifestum
852 3918 907 3980 est
923 3911 960 3978 in
976 3907 1063 3992 illis,
1084 3935 1100 3970 n
1127 3904 1298 3975 obiectivs

130 4019 359 4114 cognoscibile
374 4025 430 4088 est
444 4017 550 4088 etiam
567 4019 759 4088 subiective
782 4016 971 4107 cognitum
1000 4015 1128 4083 cDeus
1151 4012 1243 4082 enim
1259 4009 1297 4079 il-

130 4127 173 4196 lis
193 4124 453 4208 manifestavit,
470 4152 486 4186 n
511 4124 732 4216 reddiditque
749 4147 784 4193 ss
800 4121 1066 4212 cognoscibilem
1088 4121 1126 4188 in
1147 4125 1229 4187 actu
1245 4137 1295 4188 sa·

130 4235 249 4306 cundo.
276 4234 369 4304 Tum
392 4231 512 4301 subdit
533 4232 702 4302 rationem
726 4231 921 4299 atmodum
944 4229 1051 4298 huius
1082 4222 1295 4318 cognoscibi-

185 4377 229 4454 (1)
246 4377 321 4435 vido
339 4377 370 4433 S.
380 4377 435 4433 Th.
448 4375 598 4446 quodlibet
607 4377 672 4432 vn.
686 4391 712 4432 a.
725 4377 749 4429 1.
766 4373 810 4429 ot.
823 4373 952 4442 Appond.
966 4372 1003 4427 ad
1015 4377 1143 4428 nocuum
1155 4369 1250 4424 'tract
1261 4365 1296 4420 do

130 4465 209 4524 irad.
219 4472 251 4522 ct
260 4467 368 4534 script.
