3394 5056
606 365 644 384 ..
665 331 705 394 33
725 363 763 382 ...

165 436 212 508 11.
238 440 466 530 Argumenta
487 441 614 534 quihus
636 439 825 510 existentia
847 437 912 508 Dei
928 438 964 506 iu
980 437 1201 530 philosophia
1214 438 1271 510 da·

107 551 329 631 monstratur,
344 554 490 638 possunt
516 548 669 638 spectari
692 546 893 638 dupliciter:
917 549 954 632 o)
978 545 1122 628 directe,
1149 551 1270 640 quate·

106 674 165 722 nus
178 673 220 722 ex
236 654 373 722 eutium
386 655 663 744 contingentium
679 655 879 738 existentia,
898 676 941 721 ex
957 675 1074 722 eorum
1090 653 1271 743 perfectio

106 761 199 828 nibus
221 782 304 830 cum
330 761 592 851 imperfectione
623 761 809 846 connexis,
834 783 877 830 ex
905 767 1053 830 naturae
1084 760 1272 830 rationalis

107 873 360 960 ceterarumque
376 869 539 953 omnium,
557 889 705 961 quarum
724 869 913 938 existentia
924 867 1119 937 immediate
1139 866 1270 936 intelli·

104 975 204 1064 gitur,
220 997 262 1044 ac
273 975 422 1065 proinde
447 975 608 1044 etiamen
626 977 737 1044 totius
763 975 920 1044 universi
943 974 1123 1044 essentiali
1146 973 1269 1065 depau-

105 1081 224 1167 deutia,
243 1083 367 1151 ordine
380 1105 421 1151 ac
431 1082 710 1173 dispositioneed
727 1084 839 1168 finem,
852 1106 894 1152 ex
910 1083 1001 1172 legis
1016 1080 1157 1150 moralis
1173 1082 1269 1152 abso·

104 1185 172 1256 lota
184 1193 221 1256 et
244 1188 470 1276 ineluctabili
482 1191 519 1260 vi
531 1191 711 1280 obligandi
724 1191 816 1260 ratio
829 1191 867 1260 vi
883 1213 949 1260 aaa
961 1197 998 1260 et
1011 1189 1118 1258 insito
1138 1189 1270 1260 lumine

105 1297 284 1384 cognoscit,
303 1319 373 1364 non
389 1319 488 1387 posse
510 1321 578 1368 non
600 1299 751 1370 existere
767 1323 827 1368 eus
844 1297 1076 1368 necessarium
1093 1303 1268 1390 tamquam

104 1399 283 1471 effectuum
307 1424 448 1472 causam
476 1405 690 1491 creatricem,
716 1406 1028 1496 sapientissimum,
1054 1403 1270 1495 perfectissi-

107 1531 199 1593 mum,
208 1510 347 1579 iustum
359 1532 399 1579 ac
413 1518 570 1582 sanotum
584 1514 796 1603 provisorem
809 1521 844 1581 et
856 1512 1104 1602 legislatorem,
1116 1511 1267 1580 omnium

108 1616 308 1708 principium
321 1641 361 1688 ao
373 1619 581 1689 finam.'Potu
593 1621 677 1690 haec
689 1621 949 1710 argumentatio
957 1613 1072 1710 posita
1084 1625 1138 1688 est
1147 1619 1182 1688 in
1193 1639 1267 1710 per·

108 1731 210 1812 specto
221 1725 417 1796 intrinseco
428 1751 520 1796 nexu
529 1731 720 1799 veritatum
732 1729 863 1798 lumine
876 1728 1024 1798 rationis
1032 1727 1266 1818 cognitarum,

108 1837 198 1922 utque
213 1832 300 1900 adeo
324 1833 368 1902 ad
384 1834 639 1926 philosophiam
661 1837 826 1928 pertinet.
845 1836 996 1904 Possunt
1013 1835 1046 1922 d)
1062 1839 1270 1923 argumenta

109 1939 285 2009 rationalia
301 1943 458 2031 spectari
474 1944 573 2014 velut
584 1945 720 2032 rapiere,
738 1946 819 2014 dum
837 1943 1032 2036 quaeritur,
1050 1942 1130 2034 quis
1150 1941 1198 2009 sit
1213 1962 1267 2010 eo·

29 2093 34 2102 -
109 2067 173 2114 rum
193 2047 322 2117 velor'l
337 2071 383 2116 an
405 2049 498 2117 ratio
519 2050 670 2119 humana
692 2051 886 2142 generatim
910 2049 1040 2139 polleat
1063 2047 1200 2116 viribus
1215 2049 1267 2118 iu·

109 2154 175 2223 sitis
185 2157 227 2226 ed
239 2158 354 2228 Deum
370 2159 576 2230 existentem
592 2167 687 2229 certo
699 2159 984 2250 cognoscendum,
1002 2179 1047 2226 an
1062 2158 1268 2226 nominatim

111 2284 143 2330 cr
163 2267 361 2355 cognitione
384 2275 623 2337 creaturarum
646 2268 690 2336 ad
714 2268 946 2357 cognitionem
969 2266 1176 2335 existentiae
1200 2265 1266 2334 Dei

111 2375 275 2460 creatoris,
285 2375 353 2444 Dei
369 2375 511 2468 inquam
526 2377 615 2461 veri,
629 2375 832 2467 personalis,
848 2375 969 2443 abhoc
985 2375 1149 2443 universo
1165 2373 1268 2462 plane

111 2477 255 2550 distincti
278 2504 323 2551 ao
345 2482 479 2552 diversi
503 2484 771 2553 humanaratio
792 2482 950 2551 naturali
966 2505 1028 2551 suo
1043 2481 1173 2548 lumine
1192 2501 1266 2570 pcr-

112 2585 232 2678 tiugere
255 2591 389 2684 queat?
413 2592 651 2662 consideratio
673 2592 759 2662 haec
787 2593 917 2680 reflexo
947 2590 1122 2680 propriam
1154 2588 1267 2657 sedem

112 2690 201 2764 hahet
220 2703 298 2766 tum
323 2698 361 2766 iu
384 2699 606 2790 philosophia
628 2707 703 2782 tum
725 2700 763 2768 in
786 2699 965 2788 theologia
990 2701 1060 2786 (l),
1086 2695 1146 2765 sed
1169 2694 1268 2763 modo

112 2797 233 2870 diverso
244 2791 650 2893 respondeutadiversae
662 2806 794 2874 rationi
810 2805 950 2874 formali
962 2805 1146 2895 utriusque
1162 2803 1268 2872 scien·

111 2905 179 2978 tiae.
202 2909 244 2979 In
267 2912 492 3004 philosophia
511 2915 649 3005 quidem
667 2937 728 3004 per
744 2914 855 3003 ipsam
872 2913 1199 2982 demonstrationem
1215 2909 1266 2979 di·

112 3024 224 3086 reotam
245 3021 355 3089 etiam
379 3024 536 3113 quaestio
559 3022 689 3091 reflexa
711 3022 827 3094 soluta
846 3029 911 3106 est,
927 3043 1004 3089 cum
1019 3021 1111 3089 ratio
1127 3019 1266 3088 eviden-

113 3123 157 3188 ter
176 3147 384 3216 cognosceus
407 3129 576 3199 obiectum
600 3129 783 3218 intelligat
804 3129 909 3198 etiam
933 3128 1070 3213 reflexo,
1096 3125 1267 3217 cognitio·

113 3247 175 3296 uem
195 3255 267 3302 esse
293 3256 425 3304 veram.
450 3235 543 3306 Vera
565 3227 656 3307 euim
681 3237 828 3306 scientia
856 3258 924 3306 nou
954 3243 1027 3321 est,
1052 3265 1067 3300 a
1093 3233 1165 3302 uisi
1188 3231 1268 3324 quie

116 3423 140 3480 iu
154 3429 257 3488 Sumus
275 3435 440 3500 theologico
460 3453 488 3503 q.
504 3437 531 3488 2.
547 3453 573 3490 a.
589 3437 616 3489 8.
637 3435 765 3490 absolvit
781 3437 856 3490 lacto
880 3433 1044 3502 compendio
1063 3448 1099 3485 ex
1118 3433 1170 3499 iis,
1193 3447 1267 3505 quaa

117 3515 298 3587 disputaverat
320 3528 421 3578 contra
439 3525 563 3590 gentiles
588 3525 640 3578 lib.
658 3527 682 3578 Ι.
695 3541 720 3578 c.
732 3525 765 3578 13
777 3543 783 3590 ;
805 3524 907 3576 maiori
932 3523 1019 3576 etiam
1041 3523 1185 3576 brevitate
1206 3536 1267 3576 eum

117 3611 254 3676 expediunt
271 3630 307 3668 ex
321 3615 448 3668 vetustis
466 3613 653 3668 Scholasticis
672 3615 814 3668 Robertus
826 3611 938 3677 Pullus,
953 3613 1057 3665 Petrus
1073 3611 1265 3664 Pictavicusio

116 3694 187 3753 initio
197 3703 406 3757 sententiarum
420 3719 545 3770 suerum,
558 3703 723 3758 Alexander
732 3703 868 3756 Halansis
881 3703 949 3775 P.Wl.
961 3717 989 3768 q.
1002 3701 1029 3752 3.
1041 3716 1078 3752 m.
1089 3700 1117 3751 4.
1128 3699 1268 3765 Magister

117 3789 195 3842 aulem
207 3793 230 3844 1.
240 3793 309 3846 diat.
319 3793 347 3846 3.
362 3793 394 3846 P.
405 3793 429 3846 1.
444 3809 500 3846 uon
515 3809 589 3847 mere
603 3793 799 3861 philosophice
813 3791 990 3846 demonstrat
1008 3787 1202 3855 existentiam,
1215 3786 1267 3842 sod

117 3876 198 3940 potius
215 3895 248 3933 ox
267 3883 417 3950 Scriptura
429 3887 459 3935 et
470 3883 606 3936 Patribus
626 3882 934 3936 demonstrabilitatom
955 3879 1073 3946 eiusque
1093 3875 1205 3930 modum
1218 3875 1266 3930 dc·

118 3963 206 4034 clcrat;
226 3971 397 4039 eandemque
417 3972 578 4026 methodum
598 3976 697 4026 servat
712 3971 740 4026 S.
752 3971 955 4024 Bouaventura
972 3969 1003 4022 iu
1017 3967 1217 4022 commentario
1230 3965 1267 4020 ad

117 4049 186 4108 illum
202 4059 289 4114 locum
306 4062 452 4128 llagistri.
479 4062 657 4115 Posteriores
684 4063 769 4114 etiam
795 4061 922 4124 theologi
951 4057 1118 4125 gravissimi
1141 4057 1264 4124 Suarcz,

120 4139 243 4216 lacones,
262 4152 430 4206 Franciscus
453 4151 486 4204 de
506 4153 585 4218 Lago
603 4159 674 4220 etc,
695 4152 743 4204 uhi
764 4151 923 4214 theologico
943 4149 977 4201 de
997 4149 1054 4202 Deo
1079 4152 1183 4215 agunt,
1209 4163 1266 4202 nou

120 4231 166 4285 um
183 4233 212 4288 de
224 4239 285 4306 ipsa
303 4241 504 4309 philosophica
521 4241 765 4296 demonstratione
781 4245 849 4293 sunt
867 4239 998 4306 solliciti,
1021 4253 1103 4305 quam
1121 4237 1154 4290 do
1169 4238 1266 4292 valore

122 4332 325 4386 &umentorum
347 4331 536 4384 rationalium
554 4346 589 4383 cx
612 4329 764 4398 principiis
780 4328 952 4394 theologicis
971 4325 1159 4382 aestimando.

170 4411 207 4484 ll)
223 4417 292 4472 Vide
308 4423 415 4476 Suarca
433 4419 467 4474 de
486 4421 545 4474 Deo
563 4421 618 4474 1.1.
634 4433 658 4472 c.
674 4419 699 4470 1.
714 4433 764 4470 nu.
777 4417 860 4474 213.

242 4537 393 4592 Fremitu
1106 4535 1125 4587 8
1212 4511 1214 4514 V
