3360 5060
920 385 958 398 ..
980 350 1042 414 682
1062 385 1100 398 ..
1188 341 1197 360 ·

426 459 712 552 praecedentibus
736 459 889 544 meritis;
915 458 1067 550 adeoque
1091 457 1135 526 ad
1158 458 1312 547 gratiam
1337 457 1392 526 vel
1419 458 1464 526 ad
1489 463 1582 526 totam

426 567 666 636 benefimorum
684 567 819 650 seriem,
840 565 943 634 simul
962 565 1099 634 scilicet
1114 566 1325 654 adgratiam
1340 567 1437 634 etad
1453 567 1584 656 glorium

425 675 462 742 iu
478 674 671 766 complexu.
691 673 744 740 Ex
761 673 922 762 gratuita
939 695 1021 742 vero
1037 673 1222 742 donatione
1239 674 1463 743 concluditur
1480 675 1586 764 utique

425 783 530 852 etiam
542 782 587 850 ad
599 788 779 849 aeternum
798 811 814 844 ι
833 780 1048 869 propositum
1067 807 1083 842 n
1103 781 1220 848 seuad
1233 782 1584 870 praedestinationem,

427 891 462 956 iu
486 911 555 982 qua
578 888 694 956 eodem
718 887 838 956 ordine
854 887 945 954 dona
960 886 1278 976 praedestinantur,
1297 889 1393 956 sicut
1408 891 1446 954 in
1463 909 1587 955 exsecu-

426 997 520 1066 tione
545 995 830 1088 praecedentibus
855 995 911 1062 vel
935 1018 1001 1062 non
1027 996 1312 1084 praecedentibus
1336 996 1475 1064 meritis
1490 996 1588 1064 conie-

427 1111 557 1174 runtnr
572 1103 668 1191 (ride
680 1101 732 1170 th.
745 1101 858 1170 LVII.
871 1109 907 1170 et
918 1101 968 1170 ibi
983 1125 1017 1168 n.
1033 1101 1074 1168 3⁶⁰
1088 1103 1272 1170 verborum
1285 1101 1388 1170 Pauli
1400 1101 1588 1191 explicatio·

427 1235 504 1282 nani
528 1235 570 1280 ex
594 1209 832 1299 Augustino).

495 1321 597 1390 Sicut
627 1317 767 1385 dilectio
797 1318 902 1386 Iacob
934 1317 986 1386 its
1024 1339 1107 1386 saue
1138 1317 1245 1384 etiam
1276 1315 1392 1382 odium
1422 1316 1523 1384 Esou
1549 1316 1590 1384 di·

427 1429 522 1499 citur
545 1429 587 1496 da
610 1427 730 1494 ordine
752 1426 998 1494 exsecutionis.
1025 1424 1064 1492 Si
1090 1426 1231 1492 verbum
1255 1447 1317 1514 per
1340 1447 1376 1493 se
1401 1430 1589 1514 spectetur,

427 1557 513 1602 usus
544 1533 694 1601 biblicus
725 1554 791 1599 non
824 1539 1017 1621 repugnat,
1051 1538 1091 1598 nt
1117 1530 1232 1598 odium
1259 1541 1461 1620 comparate
1493 1551 1591 1598 suma·

426 1648 487 1710 tur
510 1663 573 1730 pro
598 1639 723 1706 minori
746 1637 932 1708 dilectione
948 1662 1010 1706 seu
1026 1639 1152 1706 minori
1170 1639 1340 1727 largitate
1357 1639 1590 1708 beneficiorum

427 1749 529 1836 (Gan.
541 1745 735 1814 xxixam
747 1745 803 1832 al;
820 1746 1087 1832 mnemia
1099 1746 1349 1832 Luexlvaa
1360 1746 1591 1830 Matth.X.3i;

426 1857 473 1924 of.
488 1855 591 1922 Prov.
609 1853 783 1940 x1fl.24;
808 1853 858 1920 lo.
873 1855 958 1920 XII.
972 1855 1058 1938 hb).
1083 1855 1134 1922 Re
1157 1861 1273 1922 tamen
1298 1876 1382 1922 vera
1415 1855 1511 1945 apud
1532 1853 1592 1922 llu-

427 1961 577 2029 lachiam
602 1959 781 2048 significat
804 1961 957 2050 positiva
981 1961 1154 2030 iustitiam
1179 1967 1216 2030 et
1238 1961 1468 2030 severitatem
1492 1961 1528 2028 in
1543 1983 1592 2048 pu·

425 2066 562 2135 niardis
586 2067 757 2154 peceatis3
784 2091 845 2137 meo
870 2068 945 2136 ulla
967 2076 1024 2136 est
1046 2069 1150 2150 ratio,
1176 2091 1239 2137 cur
1263 2070 1300 2136 in
1324 2091 1432 2136 sensu
1463 2069 1589 2158 typico,

426 2199 492 2268 qno
515 2177 558 2242 ab
582 2173 749 2264 Apostolo
773 2174 977 2242 instituitur
1000 2176 1270 2264 argumentatio,
1289 2199 1356 2244 non
1372 2176 1534 2266 intelligi
1546 2176 1591 2242 de·

427 2285 506 2350 beat
522 2282 639 2350 eadem
656 2281 915 2370 significatione
931 2283 1068 2370 punitio
1080 2282 1301 2365 Iudaeorum,
1316 2286 1378 2374 qui
1389 2283 1498 2352 fidem
1505 2281 1590 2350 Chri·

426 2391 474 2458 sti
498 2389 674 2478 suscipere
698 2389 899 2457 noluerunt.
934 2391 1029 2458 Haeo
1059 2397 1174 2458 autem
1209 2391 1350 2458 iustitia
1381 2393 1509 2462 divina
1535 2414 1589 2460 non

426 2503 539 2587 potest
563 2497 720 2587 intelligi
745 2497 815 2564 nisi
839 2499 1032 2587 suppositis
1055 2499 1209 2587 peccatis
1224 2521 1264 2566 cx
1284 2499 1475 2568 voluntate
1490 2521 1589 2568 conse

425 2610 562 2696 quante.
589 2605 735 2673 Nullum
759 2627 842 2693 ergo
867 2605 904 2672 in
928 2605 984 2674 his
1008 2608 1124 2674 verbis
1146 2615 1200 2675 est
1225 2607 1418 2698 vestigium
1438 2609 1495 2678 vel
1509 2617 1589 2676 ante

423 2712 578 2781 cedentis
601 2712 855 2802 reprobationis
879 2713 1031 2802 positive
1046 2713 1331 2783 Calvinianorum
1348 2715 1403 2783 vel
1423 2716 1523 2783 illins
1542 2737 1588 2782 ne

424 2819 567 2908 gativae
583 2818 837 2907 reprobationis
853 2841 875 2886 a
890 2819 1005 2907 gloria
1028 2825 1182 2903 aeterna,
1197 2842 1298 2911 quam
1316 2820 1476 2912 theologi
1491 2821 1589 2912 aliqui

425 2925 590 2994 catholici
613 2931 853 2994 asseruerunt.

491 3033 575 3102 Sive
599 3056 701 3123 porro
724 3055 828 3122 penes
851 3032 1061 3102 Malachiam
1084 3042 1121 3101 et
1144 3033 1290 3102 Paulum
1322 3033 1537 3102 dilectionem
1561 3041 1589 3102 et

425 3140 540 3208 odiam
564 3140 746 3230 intelligas
769 3140 967 3208 immediate
990 3140 1032 3210 de
1055 3140 1143 3229 ipsis
1168 3140 1306 3230 populis
1330 3141 1589 3232 repraesentabo

425 3271 485 3338 per
509 3255 696 3338 utrumque
719 3247 989 3336 progenitorem,
1015 3247 1091 3315 sive
1114 3269 1192 3316 oum
1216 3247 1252 3314 S.
1278 3247 1495 3338 Hieronymo
1518 3251 1589 3316 hacc

424 3355 521 3424 dicta
544 3377 685 3424 censeas
700 3355 898 3423 immediate
914 3355 955 3424 de
973 3355 1254 3444 progenitoribus
1270 3357 1307 3424 iu
1323 3357 1446 3426 ordina
1462 3359 1506 3427 ad
1520 3376 1588 3426 suos

423 3469 590 3552 posteros,
618 3460 759 3550 perinde
783 3461 921 3528 omnino
944 3469 1009 3529 est.
1031 3461 1118 3528 Tum
1137 3485 1218 3530 vero
1235 3462 1271 3530 S.
1291 3463 1527 3554 Hieronymus
1541 3485 1587 3529 er·

423 3570 547 3660 plicat:
567 3599 583 3634 ι
602 3568 744 3638 dilectio
767 3573 805 3636 et
826 3568 942 3638 odium
965 3569 1031 3638 Dei
1058 3569 1114 3638 vel
1129 3592 1170 3638 ex
1187 3571 1422 3659 praescientis
1442 3571 1586 3640 nascitur

425 3679 624 3746 futurorum
650 3675 771 3744 velex
795 3675 957 3764 operibus
980 3677 1071 3760 (iam
1095 3677 1222 3761 factis)
1246 3677 1308 3765 (l);
1326 3678 1488 3771 alioquim
1502 3677 1585 3745 novi·

422 3807 511 3868 mus,
538 3784 629 3876 quod
653 3782 768 3850 omnia
790 3781 885 3850 Deus
908 3781 1039 3871 diligat
1054 3805 1116 3851 nec
1132 3783 1320 3875 quidquam
1335 3807 1455 3854 eorum
1471 3785 1581 3864 oderit,

423 3914 511 3986 quae
535 3889 701 3960 creavitr
720 3889 779 3975 (in
794 3888 879 3956 Mal.
894 3889 924 3957 I.
941 3889 982 3958 Τ.
997 3889 1062 3958 VI.
1077 3914 1110 3979 p.
1127 3889 1237 3976 946.).

487 4083 529 4158 (1)
542 4085 622 4138 Hauc
639 4081 800 4134 futurorum
817 4095 931 4148 operum
946 4081 1165 4148 praescientiam
1186 4081 1415 4146 subintelligunt
1431 4081 1582 4147 (linsamo

423 4191 493 4240 mus,
514 4173 726 4227 Ambrosiaster
743 4175 795 4224 etc.
815 4173 844 4222 et
863 4187 897 4222 ex
918 4171 981 4223 iliis
1001 4171 1119 4223 'dolatus
1138 4167 1181 4243 (in
1198 4171 1223 4222 1.
1236 4186 1265 4237 q.
1279 4172 1321 4222 12.
1334 4171 1400 4224 ab,
1411 4173 1442 4224 in
1455 4172 1579 4225 solutione

424 4267 449 4319 1.
471 4259 654 4333 abiectioris)
668 4261 755 4314 etiam
773 4262 803 4313 in
826 4277 854 4314 v.
869 4261 911 4312 11.
925 4263 955 4312 et
966 4259 1010 4328 12,
1032 4265 1065 4312 nt
1082 4275 1132 4327 per
1151 4259 1274 4314 incisum
1286 4281 1298 4307 ι
1311 4277 1366 4314 non
1389 4277 1423 4314 ox
1437 4261 1578 4329 operibnrr

423 4357 514 4410 solnm
534 4367 620 4421 opera
639 4353 695 4404 iam
719 4351 795 4404 iacta
814 4348 1015 4415 emcndantum
1038 4363 1110 4416 quae
1133 4353 1229 4402 umen
1254 4349 1457 4416 interpretatio
1474 4364 1527 4402 uon
1545 4345 1579 4398 ri·

424 4445 509 4500 detur
527 4449 618 4500 totum
638 4457 753 4496 sensum
774 4441 916 4494 dictorum
937 4441 1068 4508 Apostoli
1090 4438 1250 4508 complecti.
