3394 5056
923 359 961 372 ..
981 328 1021 389 94
1044 360 1081 373 -

415 431 578 526 suggerit
599 433 701 526 quasi
723 433 765 502 de
780 429 919 524 publico
942 455 1056 521 sensu3
1082 433 1242 504 doctrina
1256 439 1403 504 naturae
1426 439 1606 526 congeni·

413 549 476 613 tae'
501 547 538 611 et
567 543 745 632 ingenitae
780 541 1009 610 conscientiae
1039 543 1151 611 tacita
1189 545 1372 612 commissa
1392 571 1408 606 n
1435 551 1504 614 ete.
1532 546 1606 613 Iu·

413 652 498 721 stin.
522 649 627 740 Apol.
646 650 696 718 Π.
714 674 750 718 n.
769 649 802 736 ὃς
821 649 928 717 Clem.
948 649 1052 718 Alam
1072 648 1201 718 Strom.
1220 651 1265 722 V.
1282 675 1318 742 p.
1336 651 1415 740 6123
1433 653 1537 743 Orig.
1562 654 1608 720 in

412 759 511 826 Rom.
528 756 554 825 l.
574 757 605 825 I.
623 781 658 828 n.
679 757 733 844 165
753 757 904 826 Tertull.
924 758 966 826 de
981 758 1098 826 anima
1125 781 1155 826 c.
1174 759 1213 846 25
1232 759 1274 828 da
1300 759 1434 828 testim.
1454 761 1607 828 animae

413 888 444 934 c.
463 865 496 950 53
510 861 637 933 Euaeb.
650 865 773 955 Praep.
784 864 853 934 Ev.
867 865 892 933 l.
908 865 958 934 H.
969 889 999 935 c.
1014 865 1047 953 93
1062 867 1150 936 Nau.
1169 889 1220 934 or.
1235 867 1290 934 28.
1306 867 1353 935 al.
1369 867 1425 936 34.
1439 891 1476 935 n.
1491 867 1602 952 6.16;

413 971 469 1040 34.
489 971 537 1040 al.
556 973 611 1041 24.
630 997 665 1042 n.
686 974 740 1061 103
757 973 866 1063 Nysa.
885 974 928 1043 da
944 973 1115 1043 beatitud.
1135 996 1185 1042 or.
1204 975 1236 1042 5.
1257 973 1298 1044 Τ.
1319 974 1350 1041 Ι.
1368 999 1404 1064 p.
1421 975 1500 1062 8015
1520 975 1604 1064 Cy-

412 1079 486 1148 rill.
505 1079 608 1149 Alex.
627 1088 738 1152 contr.
756 1081 887 1151 Iulian.
906 1082 931 1150 l.
951 1083 1001 1151 Π.
1019 1106 1054 1173 p.
1074 1083 1136 1170 525
1162 1083 1323 1152 Damaso.
1349 1082 1428 1152 Fid.
1447 1082 1599 1152 orthod.

412 1185 439 1256 l.
456 1187 487 1256 I.
507 1211 537 1256 o.
559 1187 614 1257 13.

478 1295 560 1366 Ideo
583 1298 617 1364 2⁰
632 1297 718 1368 haec
741 1299 806 1366 Dei
829 1299 962 1367 notitia
985 1299 1175 1367 communis
1198 1305 1253 1367 est
1275 1299 1433 1367 omnibus
1450 1320 1522 1366 nou
1538 1321 1600 1364 so-

411 1407 485 1479 lum
508 1409 621 1480 doctis
644 1409 704 1478 scd
726 1409 878 1478 indoctis
893 1429 934 1478 ac
949 1409 1119 1492 barbaris,
1138 1409 1221 1499 quia
1236 1431 1353 1478 omnes
1368 1408 1500 1478 habent
1514 1408 1600 1475 ani-

412 1541 502 1586 mam
524 1517 732 1588 rationalem
754 1523 791 1586 et
811 1517 878 1586 Dei
900 1538 1004 1606 opera
1028 1515 1299 1586 considerationi
1329 1518 1482 1586 omnium
1511 1539 1599 1606 per-

411 1635 516 1720 potuo
540 1627 766 1714 obiiciuntur;
792 1633 1042 1719 proptereaque
1065 1628 1149 1696 hacc
1180 1627 1365 1716 primitiva
1397 1633 1433 1696 et
1462 1627 1598 1696 funda-

411 1736 574 1806 mentalis
597 1735 725 1804 notitia
746 1736 812 1805 Dei
834 1735 1004 1804 rationem
1027 1735 1248 1820 nondeserit‚
1269 1737 1373 1804 etiam
1389 1737 1471 1805 dum
1487 1737 1598 1804 homo

411 1849 532 1914 contra
543 1843 712 1912 rationem
723 1843 875 1934 publicis
887 1842 1108 1934 privatisque
1121 1842 1274 1910 moribus
1290 1843 1335 1912 ad
1352 1843 1596 1914 idololatriam

411 1953 627 2022 instituitur.
644 1952 734 2022 Vide
746 1951 956 2020 Clementem
970 1949 1074 2018 Alex.
1090 1949 1165 2018 loco
1182 1973 1290 2042 supra
1305 1953 1425 2020 citato:
1451 1953 1596 2020 omani·

412 2062 503 2129 festa
518 2065 572 2128 est
586 2060 652 2129 Dei
667 2059 893 2150 providentia
908 2083 950 2128 ex
967 2059 1042 2150 ipso
1058 2063 1203 2149 aspectu
1225 2060 1377 2128 omnium
1400 2082 1591 2150 operum...

411 2168 495 2260 quia
518 2167 689 2259 impertiit
711 2168 812 2236 nobis
834 2167 929 2236 Deus
951 2167 1179 2236 rationem...
1199 2168 1290 2236 unde
1305 2167 1444 2238 nullum
1458 2173 1513 2238 est
1529 2191 1593 2258 ge·

410 2297 478 2345 nus
500 2275 689 2360 hominum,
709 2260 800 2367 quo'd
817 2273 1008 2365 superioris
1030 2283 1179 2344 naturae
1201 2275 1425 2366 persuasione
1446 2297 1516 2344 non
1540 2275 1593 2342 sit

410 2390 701 2474 praeoccupatum
728 2379 1065 2475 (npoaarulopccc)...
1087 2384 1170 2476 quia
1186 2382 1506 2452 universalissimae
1521 2385 1591 2454 Dei

411 2489 627 2580 operationes
640 2489 754 2558 omnia
762 2511 870 2582 aeque
882 2497 1147 2579 pervaserunt.»
1159 2489 1255 2558 Idem
1268 2489 1446 2560 Strom.V.
1458 2515 1492 2581 p.
1505 2491 1588 2558 590:

409 2598 502 2688 apud
526 2621 641 2668 omnes
664 2604 757 2668 recte
780 2598 956 2688 sapientes
980 2599 1122 2683 fuisse,.
1135 2597 1269 2690 inquit,
1295 2598 1361 2667 Dei
1384 2599 1589 2668 manifesta·

409 2705 539 2774 tionem
561 2705 770 2791 naturalem,
798 2735 815 2770 c
833 2706 894 2798 qui
917 2729 986 2774 non
1009 2728 1142 2774 omnem
1164 2706 1267 2796 plane
1290 2707 1455 2796 pudorem
1484 2729 1589 2774 exue·

409 2821 495 2883 runt
509 2813 679 2883 adversus
695 2815 880 2885 veritatem
897 2843 913 2878 n
938 2811 975 2901 (a
993 2839 1044 2878 και
1060 2837 1103 2900 μη
1120 2811 1219 2880 τελεον
1237 2814 1497 2906 ἀπηρυθριακοτες
1514 2836 1590 2906 προς

408 2943 461 2987 roa
478 2917 656 3008 ἀληθειαν).
684 2921 899 2991 Nazianzeni
922 2922 947 2989 l.
967 2945 997 2990 c.
1018 2921 1171 2990 vidimus
1195 2922 1416 2990 sententiam:
1440 2951 1455 2986 a
1474 2922 1588 2992 Deum

410 3051 509 3113 esse,
534 3035 610 3096 tum
633 3028 725 3098 oculi
748 3029 817 3118 ipsi
840 3035 916 3096 tum
938 3027 995 3096 lex
1018 3028 1196 3098 naturalis
1230 3029 1378 3096 rationis
1402 3028 1585 3099 docent...

409 3135 524 3206 Nimis
546 3141 663 3204 autem
685 3135 837 3206 stolidus
862 3143 940 3222 est,
967 3137 1028 3229 qui
1050 3135 1230 3230 hucusque
1260 3161 1329 3206 non
1359 3138 1587 3228 progreditur

411 3265 475 3312 sua
490 3249 610 3334 sponte
626 3250 662 3312 et
675 3245 898 3314 naturalibus
913 3247 1102 3334 obsequens
1117 3244 1384 3316 ostensionibus.
1404 3273 1421 3308 n
1440 3246 1484 3314 In
1502 3271 1586 3316 eun·

410 3350 486 3419 dem
498 3373 635 3420 sensum
650 3351 811 3444 loquitur
821 3354 1047 3444 Augustinus
1062 3355 1100 3422 iu
1117 3355 1168 3423 Io.
1179 3354 1451 3423 tract.106.n.4:
1472 3355 1587 3426 «haec

410 3463 465 3526 est
480 3460 538 3527 vis
561 3481 664 3528 verae
687 3461 899 3548 divinitatis,
918 3469 960 3532 ut
983 3469 1163 3533 creaturae
1186 3463 1352 3531 rationali
1364 3463 1501 3533 ratione
1516 3465 1587 3532 iam

410 3567 526 3636 utenti
548 3589 617 3634 non
641 3569 778 3638 omuino
794 3591 834 3640 ao
849 3571 990 3661 penitus
1006 3571 1118 3662 possit
1132 3571 1309 3660 abscondi;
1324 3573 1478 3663 exceptis
1493 3573 1585 3642 enim

408 3673 541 3762 paucis,
567 3673 605 3742 in
628 3675 754 3766 quibus
777 3683 906 3746 natura
924 3678 1069 3746 nimium
1086 3678 1281 3768 depravata
1296 3684 1360 3763 est,
1380 3673 1584 3748 universum

409 3804 519 3871 genua
550 3781 727 3852 hominum
757 3784 868 3854 Deum
898 3785 1020 3854 mundi
1052 3787 1159 3854 huius
1187 3786 1323 3855 fatetur
1354 3793 1580 3858 auctorem.»

408 3887 678 3977 Chrysostomus
701 3889 792 3960 hom.
818 3891 883 3960 IX.
908 3916 944 3960 n.
963 3891 996 3962 2.
1016 3893 1060 3962 ad
1075 3893 1193 3984 popul.
1212 3893 1393 3964 Antioch.:
1415 3922 1431 3958 a
1449 3918 1512 3985 per
1527 3918 1583 3964 res

407 3995 502 4064 Deus
524 4003 686 4066 naturam
709 3999 896 4068 humanam
919 4001 1040 4070 docere
1063 4001 1190 4072 voluit.
1219 4001 1313 4085 Quid
1339 4002 1480 4072 tandem
1503 4009 1579 4091 est,

408 4157 589 4228 pecuniarum,
607 4159 742 4232 προληψις
763 4177 868 4234 aarum.
885 4162 914 4217 ἆυ
935 4167 1063 4228 ἃιδακτον,
1081 4148 1251 4235 derogasse,
1274 4163 1463 4220 αὐτοδιδακτον
1480 4187 1582 4239 χρῆμα.

411 4265 456 4298 του
475 4267 576 4318 ratpot
595 4243 715 4318 ἔμφυτως
735 4272 778 4304 και
796 4251 941 4313 ἆδιδακτως
961 4251 1193 4326 ἀντιλαμβανεται
1216 4275 1313 4308 naara.
1332 4256 1345 4310 o'
1362 4255 1391 4308 ix
1413 4253 1476 4308 troo
1498 4261 1581 4326 λογος

410 4355 453 4387 και
475 4355 543 4390 aaut
560 4349 697 4408 συμφυτος
717 4359 760 4392 και
782 4361 880 4412 uectat
899 4340 999 4415 irripere
1012 4361 1091 4414 sopor
1112 4341 1154 4398 im
1168 4341 1229 4398 θεον
1247 4342 1319 4414 ἡμας
1332 4339 1470 4416 ὀνηγαγεν
1491 4344 1520 4400 ix
1533 4366 1580 4398 rar

411 4443 479 4496 opopa
481 4444 547 4478 ννννν
