3360 5060
600 397 639 414 -
660 367 717 426 cal
742 397 779 413 ···
1261 422 1263 428 ,

94 473 232 541 ciorum
257 481 294 541 et
317 471 481 562 specialis
504 471 734 562 protectionis
757 491 840 539 suae
855 473 1079 561 exprobraret
1095 473 1275 560 ingratum

94 581 254 648 animum
266 580 523 669 comparatione
535 579 642 647 etiam
655 578 821 645 instituta
838 601 915 646 cum
931 577 1082 645 historia
1097 577 1274 646 Idumaeo-

90 711 189 771 rum,
216 710 301 778 quos
324 687 430 768 Deus,
456 686 540 754 licet
562 693 599 754 et
622 685 691 775 ipsi
714 695 831 754 esseut
847 686 1034 754 secundum
1053 707 1188 754 caruem
1208 685 1277 754 filii

89 793 378 883 patriarcharum
400 793 580 861 Abraham
604 802 640 861 et
662 792 774 876 Isaac,
800 791 903 881 longe
931 794 1088 862 severius
1119 793 1271 882 punivit.

88 900 193 969 Illud
218 902 308 992 quod
332 900 530 969 immediate
555 902 756 990 praecessit:
782 925 883 965 creon
908 923 950 966 eu
973 902 1130 987 operibus
1153 897 1211 966 sed
1235 923 1276 966 eu

86 1007 377 1076 vocantedictum
401 1023 451 1074 eat
467 1011 512 1087 ei,
531 1011 617 1099 prela
635 1011 745 1074 maior
772 1009 896 1075 acciet
918 1011 1089 1089 minoren
1108 1007 1198 1098 quod
1224 1007 1276 1074 ni-

85 1117 220 1185 mirum
239 1117 309 1184 iam
325 1117 362 1184 in
380 1126 479 1185 utero
495 1117 619 1184 matris
644 1115 842 1184 declaratus
868 1123 922 1183 est
947 1113 1051 1182 Iacob
1074 1113 1276 1204 patriarcha

93 1223 221 1313 populi
238 1223 354 1306 electi,
372 1224 468 1292 Esau
494 1246 576 1292 vero
599 1222 664 1290 hoo
688 1221 890 1290 beneficium
914 1245 981 1290 non
1005 1231 1060 1290 est
1087 1221 1272 1306 collatum,

90 1332 290 1421 Apostolus
303 1333 487 1400 confirmat
497 1331 562 1400 hoc
574 1331 686 1399 altero
697 1330 898 1399 testimonio
911 1330 1129 1420 Scripturas:
1151 1359 1167 1394 a
1185 1333 1276 1395 sicut

90 1441 348 1525 scriptumest:
374 1437 478 1506 Iacob
503 1436 615 1504 dilexi
627 1485 636 1517 ,
663 1437 762 1504 Ecca
787 1451 899 1503 autem
924 1435 1002 1502 odio
1027 1436 1155 1516 tubui,·
1172 1461 1188 1496 r
1208 1458 1275 1525 quo

90 1566 219 1633 nempe
235 1543 435 1611 testimonio
451 1541 646 1612 Malachiae
659 1542 760 1612 velut
774 1543 972 1632 compendio
985 1542 1185 1611 continetur
1199 1547 1275 1609 tota

90 1648 249 1718 historia
273 1649 468 1739 singularis
484 1649 726 1740 providentiae
742 1657 778 1716 et
794 1648 1020 1738 protectionis
1036 1647 1101 1715 Dei
1116 1669 1201 1736 erga
1217 1670 1273 1736 po-

90 1766 211 1826 steros
241 1758 344 1826 Iacob
374 1779 414 1826 ac
445 1757 687 1852 beneficiorum
715 1756 753 1823 in
777 1757 941 1845 populum
965 1755 1050 1824 licet
1072 1755 1274 1845 frequenter

90 1865 278 1948 rebellem,
314 1866 515 1957 pariterque
546 1863 707 1932 iustitiae
737 1876 773 1932 et
796 1865 1000 1933 severitatis
1028 1865 1065 1932 in
1090 1862 1274 1952 puniendis

90 1973 253 2062 peccatis
275 1972 530 2042 Idumaeorum.
557 1972 652 2040 Haec
675 1971 795 2039 autem
815 1973 892 2060 ipsa
914 1971 1063 2040 historia
1093 1971 1275 2056 evidenter

91 2081 234 2169 probat,
260 2081 351 2172 quod
374 2081 507 2149 Paulus
533 2079 622 2160 vult,
648 2078 685 2145 in
716 2079 820 2147 Iacob
850 2081 986 2150 scilicet
1015 2080 1091 2148 eius
1122 2089 1274 2167 posteros

91 2188 257 2276 gratuito
280 2187 408 2258 electos
431 2209 506 2257 esse
529 2187 568 2255 in
585 2185 749 2276 populum
769 2189 899 2256 veteris
916 2187 1144 2268 Testamenti,
1165 2207 1272 2276 aquo-

90 2317 176 2362 rum
199 2294 339 2384 adoptio
362 2303 417 2363 est
441 2293 607 2376 filiorum,
633 2299 669 2362 et
691 2293 818 2382 gloria,
843 2300 881 2362 et
895 2302 1155 2382 testamentum,
1174 2305 1212 2367 et
1226 2298 1273 2367 le·

92 2401 263 2490 gislatio,
289 2409 325 2470 et
348 2405 551 2494 obsequium
579 2397 611 2476 (t.
626 2399 748 2487 λατρεικ
772 2399 889 2468 cultus
914 2401 1114 2488 Mosaions),
1141 2409 1177 2472 et
1200 2427 1273 2494 pro·

92 2507 215 2592 missa,
242 2530 388 2599 quorum
413 2517 543 2598 patres,
562 2522 598 2580 et
613 2533 654 2580 ex
679 2510 805 2600 quibus
828 2516 882 2576 est
906 2507 1069 2578 Christus
1085 2512 1272 2579 secundum

93 2637 252 2698 carnem,
286 2617 348 2707 qui
379 2625 433 2686 est
460 2618 704 2707 superomnia
733 2617 827 2685 Deus
859 2616 1062 2685 benedictus
1093 2618 1130 2684 in
1155 2641 1272 2687 saecu·

92 2721 129 2788 la
158 2749 175 2784 n
202 2721 360 2808 (IX.4.).
388 2723 500 2792 Sensu
524 2724 638 2814 igitur
662 2723 860 2792 immediato
884 2745 919 2790 v.
947 2723 1002 2791 13.
1028 2724 1180 2810 dicitur,
1205 2725 1272 2795 ele·

93 2831 246 2898 ctionem
269 2829 372 2898 Iacob
396 2835 433 2898 et
456 2839 670 2920 posterorum
694 2831 771 2899 eius
795 2830 831 2897 in
863 2830 1028 2919 populum
1062 2831 1271 2920 peculiarem

92 2935 189 3004 sicut
205 2959 273 3002 non
290 2935 491 3005 electionem
507 2937 603 3005 Esau
618 2943 654 3005 et
666 2935 819 3004 filiorum
834 2936 910 3003 eius
926 2936 970 3005 ad
987 2935 1050 3004 hoc
1069 2937 1272 3006 beneficium

92 3062 263 3131 apparere
286 3063 328 3109 cx
353 3063 454 3109 sacra
475 3041 646 3128 historia,
672 3063 775 3109 sensu
799 3042 948 3110 mediato
972 3043 1197 3131 significatur
1220 3045 1270 3112 di-

93 3171 200 3217 versa
222 3148 387 3232 conditio,
406 3149 444 3217 in
461 3173 530 3241 qua
546 3154 631 3218 suut
645 3149 683 3216 iu
700 3149 745 3219 N.
765 3147 807 3216 Τ.
826 3149 978 3239 gentiles
994 3173 1055 3238 per
1072 3153 1270 3240 gratuitum

93 3253 224 3322 donum
240 3253 322 3322 fidei
338 3255 426 3323 facti
443 3255 592 3345 populus
607 3255 685 3339 Dei,
704 3265 739 3323 et
755 3255 877 3324 Iudaei
893 3257 953 3348 qui
971 3256 1073 3347 culpa
1089 3281 1153 3326 sua
1169 3257 1269 3326 fidam

94 3367 298 3430 recusantes
321 3361 472 3450 populus
495 3361 560 3430 Dei
584 3384 657 3430 essa
680 3361 872 3430 desierunt.

162 3468 269 3536 Porro
291 3469 566 3552 animadvertas,
593 3469 684 3560 quod
708 3469 778 3536 iam
804 3469 933 3552 monui,
960 3479 1035 3539 tum
1052 3473 1146 3560 apud
1161 3471 1269 3540 Mala-

93 3575 208 3643 chiam
232 3583 307 3644 tum
331 3575 368 3642 in
393 3576 562 3646 citatione
585 3577 746 3666 Apostoli
770 3575 865 3646 hisee
894 3577 1028 3647 verbis:
1054 3607 1071 3644 u
1094 3578 1197 3647 Iacob
1221 3579 1270 3647 di·

93 3679 179 3763 lexi,
198 3679 294 3749 Esau
311 3681 388 3750 odio
405 3681 524 3766 habui,
545 3709 561 3744 n
580 3682 778 3751 immediate
794 3705 982 3752 sermonem
998 3706 1073 3752 esse
1089 3683 1131 3752 de
1148 3683 1269 3752 ordine

94 3792 335 3858 exsecutionis.
362 3789 402 3858 Si
424 3814 508 3880 ergo
532 3792 672 3858 dilectio
696 3791 914 3881 intelligitur
929 3793 971 3860 de
988 3792 1164 3861 beneficiis
1179 3814 1270 3859 mere
1385 3779 1393 3796 ’

95 3896 288 3987 gratuitis,
321 3921 389 3966 nou
419 3906 566 3989 possunt
598 3899 703 3967 verba
725 3922 830 3968 sensu
854 3899 974 3988 typico
999 3898 1132 3984 (multo
1157 3898 1270 3966 minus

95 4027 200 4072 sensu
224 4005 412 4090 historico)
436 4006 627 4098 transferri
640 4006 684 4074 ad
702 4006 891 4096 praemium
916 4005 1009 4074 vitae
1032 4011 1194 4074 aeternae
1209 4028 1269 4096 per

96 4134 132 4180 se
155 4118 371 4200 spectatum
397 4112 434 4180 in
458 4113 677 4182 exsecutione
701 4112 791 4181 euim
808 4121 940 4182 certum
957 4121 1009 4181 est
1027 4113 1135 4181 vitam
1159 4123 1267 4182 aeter·

96 4240 175 4286 nam
198 4219 333 4288 adultis
349 4220 448 4289 reddi
466 4232 507 4290 ut
522 4243 682 4289 coronam
699 4221 981 4310 praecedentibus
998 4223 1132 4290 meritis
1152 4244 1269 4312 super-

96 4326 331 4395 naturalibus.
357 4327 516 4417 'Iypicus
532 4351 615 4417 ergo
632 4351 754 4396 sensus
770 4329 963 4396 necessario
976 4331 1130 4398 refertur
1145 4330 1189 4397 ad
1206 4329 1269 4398 illa

98 4433 187 4501 dona
210 4433 254 4502 N.
282 4433 323 4502 Τ.
351 4457 438 4526 quae
462 4435 565 4502 etiam
592 4435 627 4502 in
644 4435 866 4506 exsecutione
884 4443 966 4504 suut
983 4437 1143 4526 gratuita
1160 4436 1269 4506 nullis
