3292 5062
861 342 900 357 -
924 310 982 371 104
1003 343 1042 358 ..

367 421 465 490 diata
487 425 524 488 et
545 417 729 500 intuitiva,
746 415 788 485 de
811 437 881 507 qua
902 437 940 484 re
963 414 1099 505 egimus
1114 415 1153 484 iu
1168 417 1283 508 capite
1301 422 1543 510 praecedeuti;

368 529 428 598 sed
452 526 662 618 simpliciter
684 525 780 593 Dens
795 522 982 592 exhibetur
995 523 1191 594 invisibilis
1209 525 1410 598 intellectui
1425 539 1551 602 creata

368 641 405 704 et
426 634 492 704 soli
516 631 584 702 sibi
606 631 675 722 ipsi
698 629 864 699 visibilis:
891 629 931 698 in
953 629 1043 698 serie
1067 652 1150 700 vero
1180 631 1295 702 altera
1327 637 1550 708 testimonio-

371 765 449 811 rum
471 764 534 831 prc
556 738 692 829 angelis
714 743 751 807 st
772 735 972 806 hominibus
994 738 1032 804 in
1056 737 1134 806 vita
1155 744 1300 808 aeterna
1317 743 1551 833 praedicatur

369 871 411 918 ac
434 846 656 939 promittitur
678 845 757 935 ipsa
779 843 871 914 visio
893 844 1089 931 intuitiva,
1123 845 1183 915 sed
1211 851 1392 942 tamquam
1422 858 1552 943 gratis

369 957 435 1026 Dei
457 961 494 1024 et
515 961 692 1046 tamqnam
714 973 844 1020 merces
866 973 907 1021 ac
930 973 1057 1021 corona
1091 953 1294 1026 meritorum
1323 959 1478 1050 gratiae.
1504 964 1552 1032 1n

370 1063 515 1134 eundem
538 1061 640 1152 plane
663 1081 801 1128 sensum
824 1057 1039 1149 praedicatio
1069 1059 1307 1132 ecclesiastiea
1336 1071 1442 1160 atque
1473 1075 1551 1138 tra-

371 1169 460 1239 ditio
482 1169 650 1238 universa
672 1167 830 1238 declarat
850 1173 887 1236 et
909 1167 1119 1258 explicatius
1134 1171 1299 1262 proponit
1312 1171 1403 1243 hanc
1419 1173 1552 1245 distin-

371 1275 520 1346 ctionem
535 1273 799 1344 invisibilitatis
814 1281 851 1344 et
874 1274 1022 1344 visionis
1036 1276 1103 1346 Dei
1118 1277 1156 1345 in
1173 1299 1209 1346 se
1225 1277 1314 1370 ipso.
1332 1280 1553 1354 Huiusmodi

373 1405 456 1452 vero
479 1381 639 1452 doctrina
661 1381 829 1467 revelata,
856 1387 898 1450 ut
919 1388 1040 1472 patet,
1066 1383 1131 1454 hoc
1153 1385 1293 1455 taudem
1316 1387 1444 1478 dogma
1467 1413 1551 1460 cou-

371 1491 476 1561 tinet:
495 1491 607 1560 Deum
629 1491 666 1558 in
689 1513 726 1559 se
748 1489 825 1580 ipso
846 1512 921 1560 esse
936 1489 1152 1560 invisibilem
1167 1493 1305 1562 viribus
1320 1496 1553 1566 naturalibus

373 1604 566 1686 creaturae;
592 1597 683 1667 hanc
703 1604 820 1669 tamen
842 1620 942 1689 posse
963 1597 1097 1668 elevari
1129 1605 1166 1668 et
1195 1622 1233 1669 re
1264 1599 1342 1691 ipsa
1370 1602 1553 1674 elevatam

374 1729 449 1776 esse
470 1727 532 1796 per
555 1705 708 1795 gratiam
730 1704 775 1774 ad
798 1704 967 1774 visionem
989 1705 1055 1774 Dei
1077 1705 1296 1792 intuitivam,
1321 1707 1359 1776 iu
1382 1731 1454 1802 qua
1469 1735 1552 1804 pro·

374 1814 455 1884 inde
477 1811 757 1904 supernaturalis
780 1811 962 1882 beatitudo
995 1813 1152 1903 perfecta
1181 1819 1217 1882 et
1247 1815 1395 1884 ultimus
1427 1840 1553 1909 super-

373 1919 550 1991 naturalis
572 1917 654 1987 finis
677 1917 866 2008 (formalis)
888 1921 1136 1990 constituatur.
1155 1920 1327 2004 Quoniam
1342 1946 1447 2014 porro
1461 1925 1554 1996 haec

374 2030 452 2120 ipsa
474 2027 577 2111 visio,
603 2032 725 2117 utpote
747 2027 901 2117 operatio
924 2028 1049 2097 mentis
1071 2035 1208 2098 creatae
1238 2031 1468 2122 quantumvis
1492 2056 1553 2102 sn-

373 2133 593 2228 pernaturali
615 2133 748 2203 lumine
770 2133 939 2220 elevatae,
965 2141 1082 2204 manet
1103 2135 1298 2206 intellectio
1329 2137 1445 2226 finita,
1471 2139 1554 2209 eins

376 2265 459 2312 vero
482 2240 667 2326 obiectum,
686 2246 808 2332 utpote
830 2263 891 2309 ens
914 2241 1105 2328 infinitum,
1130 2249 1186 2313 est
1207 2243 1346 2314 infinite
1369 2247 1553 2336 cognosci·

375 2349 457 2436 bile;
475 2347 558 2415 hinc
580 2347 672 2416 visio
693 2347 759 2416 Dei
781 2347 820 2415 in
842 2353 1006 2418 creatura
1028 2347 1189 2419 admittit
1212 2351 1345 2440 gradus
1361 2351 1553 2440 perfectio

376 2458 433 2526 nis
456 2457 493 2526 in
516 2455 747 2540 indefinitum,
773 2477 835 2524 uec
858 2477 1021 2548 umquam
1044 2463 1257 2546 potestesse
1280 2459 1474 2551 adaequate
1499 2482 1554 2529 re·

377 2566 547 2656 spondens
569 2563 636 2634 toti
658 2563 818 2633 infinitae
848 2564 1144 2655 cognoscibilitati
1173 2566 1320 2636 obiecti:
1345 2589 1413 2660 quo
1444 2591 1553 2639 scum

376 2672 508 2744 dicitur
531 2673 777 2762 comprehensio
799 2671 868 2739 Dei
897 2671 1039 2762 propria
1070 2671 1137 2740 soli
1164 2673 1363 2744 intellectui
1392 2673 1551 2744 infinito.

375 2781 527 2850 Possunt
549 2779 664 2870 igitur
686 2777 859 2868 distingui
883 2783 1033 2870 quatuor
1056 2779 1157 2848 velut
1179 2779 1318 2850 ordines
1332 2786 1408 2850 toto
1423 2805 1554 2873 genere

378 2888 471 2958 inter
494 2909 530 2956 se
553 2885 698 2956 diversi:
717 2885 808 2954 visio
831 2885 990 2972 sensilis3
1004 2891 1080 2955 tum
1094 2887 1185 2956 visio
1199 2887 1265 2958 Dei
1279 2887 1551 2976 intellectualis,

378 2996 438 3066 sed
460 3016 565 3064 sensu
587 2992 775 3086 improprio
797 2998 835 3062 et
857 2993 1007 3062 mediata
1029 3015 1092 3084 per
1120 3016 1162 3062 ea
1191 3017 1280 3087 quae
1312 2998 1409 3066 facta
1438 3003 1551 3086 sunt;

377 3101 469 3172 visio
491 3101 556 3171 Dei
578 3101 750 3170 intuitiva
772 3105 808 3168 et
839 3121 943 3168 sensu
973 3101 1137 3192 proprio;
1156 3101 1250 3173 visio
1279 3103 1429 3196 denique
1461 3125 1554 3173 oom-

377 3209 598 3301 preheusiva.
618 3208 736 3276 Prima
758 3209 796 3276 in
819 3231 856 3278 se
878 3214 1064 3300 repugnat
1078 3209 1193 3279 altera
1215 3233 1323 3304 ecque
1345 3211 1421 3280 sola
1434 3217 1556 3302 potest

377 3338 452 3386 esse
475 3316 511 3384 in
535 3316 656 3386 ordine
678 3315 855 3405 naturali;
873 3316 983 3386 tertia
996 3315 1148 3386 donatur
1162 3323 1345 3388 creaturae
1367 3318 1404 3386 in
1427 3319 1554 3390 ordine

377 3421 658 3514 supernaturali;
673 3427 801 3514 quarta
822 3427 878 3492 est
900 3422 967 3492 soli
989 3423 1058 3514 ipsi
1080 3423 1152 3492 Deo
1168 3423 1321 3516 propria.
1341 3424 1459 3508 Quare
1475 3448 1553 3516 spe·

378 3528 506 3600 ctando
521 3527 690 3598 visionem
713 3551 774 3619 per
790 3550 930 3599 sensum
945 3551 1159 3620 corporeum,
1176 3530 1235 3600 vel
1250 3531 1438 3622 spectando
1453 3532 1553 3602 vires

378 3634 560 3704 naturales
582 3633 785 3704 intellectus
808 3634 918 3705 creati
940 3641 977 3704 et
999 3635 1165 3705 sumendo
1198 3637 1361 3703 visionem
1383 3635 1421 3704 in
1445 3659 1553 3707 sensu

379 3743 519 3836 proprio
550 3764 612 3833 pro
645 3741 835 3812 intuitione
867 3741 1090 3828 immediata,
1123 3741 1219 3812 Dens
1248 3748 1423 3833 potestat
1450 3743 1554 3814 debet

378 3851 450 3922 dioi
483 3849 689 3942 simpliciter
719 3849 915 3919 invisibilis
944 3855 1019 3919 tum
1049 3851 1188 3942 angelis
1218 3855 1294 3920 tum
1326 3849 1550 3940 hominibns;

378 3958 565 4050 spectando
587 3957 693 4027 etiam
716 3957 872 4028 ordinem
894 3958 1207 4050 supernaturalem,
1233 3959 1294 4029 sed
1320 3957 1553 4049 intelligendo

377 4067 514 4136 nomine
536 4065 684 4135 visionis
707 4065 806 4135 illam
829 4087 917 4161 qnae
933 4066 1218 4158 comprehensiva
1229 4067 1290 4152 sit,
1304 4065 1342 4134 in
1358 4087 1423 4134 sna
1439 4068 1551 4157 perle-

378 4175 493 4244 ctioue
514 4175 724 4265 respondens
754 4175 823 4244 toti
853 4174 1150 4266 cognoscibilitati
1185 4173 1331 4260 obiecti,
1356 4175 1452 4244 Deus
1487 4173 1552 4244 hoc

378 4305 481 4352 sensu
504 4281 662 4352 absolute
684 4281 879 4354 invisibilis
902 4289 957 4352 est
978 4281 1178 4352 intellectui
1202 4286 1319 4352 creato
1340 4286 1379 4352 at
1399 4281 1470 4352 eibi
1485 4281 1552 4350 soli

380 4389 544 4460 visibilis.
563 4390 655 4460 Hinc
678 4391 715 4458 in
738 4389 953 4482 oppositione
975 4390 1020 4459 ad
1054 4388 1243 4474 haeresim,
1270 4409 1340 4482 qna
1370 4394 1551 4458 asseratur
