3454 5068
922 409 959 422 -
980 375 1041 438 540
1062 407 1100 422 -

424 483 588 553 mandata
610 483 688 552 eins
714 502 829 570 serva;
848 481 912 550 hoo
936 487 991 550 est
1012 482 1103 551 enim
1128 480 1398 550 omnishomo.»
1424 481 1526 552 Hane
1546 482 1596 550 in·

424 589 709 680 terpretationem
740 589 843 658 Corn.
873 610 895 656 a
920 587 1077 679 Lepide,
1109 587 1280 658 Alliolins
1310 587 1442 680 aliique
1473 590 1598 658 ceteris

425 697 682 788 praetulerunt;
709 696 770 766 sed
792 718 917 767 revera
939 697 1095 788 inspeoto
1119 696 1323 787 praesertim
1345 701 1448 764 textu
1475 717 1600 786 graeoo

425 826 494 873 non
517 804 661 874 videtur
684 825 806 872 sensus
830 803 1016 892 genuinus.
1043 803 1086 870 In
1109 803 1352 872 commentario
1376 803 1441 871 sub
1463 802 1600 871 nomine

426 908 573 1000 Didymi
600 910 708 998 (Bibl.
721 910 815 979 Max.
830 911 897 979 PP.
913 910 956 980 Τ.
970 911 1033 981 IV.
1049 935 1084 1002 p.
1099 910 1195 997 323.)
1225 909 1423 1002 explicatur
1454 911 1596 1002 positio,

425 1041 495 1112 qna
518 1041 554 1088 se
579 1019 673 1109 ipsos
699 1023 894 1108 posuerunt
916 1018 960 1088 ed
983 1041 1052 1086 non
1082 1018 1301 1088 eredendum.
1337 1047 1354 1082 s
1373 1016 1440 1086 Est
1470 1017 1598 1108 positio

426 1125 630 1196 voluntaria
655 1125 799 1195 initium
821 1148 890 1195 non
913 1125 1075 1196 eredendi
1106 1149 1275 1216 gerens...
1300 1125 1345 1195 ad
1367 1149 1436 1194 non
1460 1125 1599 1194 ereden-

426 1234 508 1302 dum
530 1255 553 1302 a
575 1232 771 1324 semetipsis
794 1239 879 1302 sunt
900 1233 1019 1323 positi.
1037 1261 1054 1296 n
1079 1233 1122 1302 In
1145 1233 1236 1302 idem
1255 1233 1328 1302 lere
1348 1232 1477 1302 residit
1492 1232 1597 1300 inter·

430 1341 582 1430 pretatio
597 1341 797 1412 Oeoumenii
812 1341 850 1410 in
865 1341 901 1410 b.
916 1341 943 1410 1.
958 1342 1015 1430 (Τ.
1028 1342 1078 1410 Π.
1093 1366 1127 1434 p.
1141 1341 1257 1429 496.),
1284 1339 1473 1411 seeundum
1496 1359 1598 1431 quam

427 1449 523 1520 Dens
546 1447 679 1518 dioitnr
702 1448 885 1520 voluntate
908 1450 953 1519 ad
976 1449 1230 1540 praevisionem
1247 1454 1468 1540 peecatorum
1491 1469 1598 1514 conse·

426 1571 549 1650 quante
563 1555 766 1646 permittere
777 1556 1034 1626 infidelitatem.
1050 1555 1137 1624 «Aa
1148 1556 1240 1648 quod
1255 1571 1288 1623 et
1293 1558 1407 1646 positi
1421 1568 1516 1637 aune,
1532 1575 1599 1621 non

426 1666 559 1736 dieitur
588 1664 691 1757 qnasi
713 1685 735 1731 a
757 1663 829 1734 Deo
851 1664 897 1734 ad
920 1663 984 1735 hoo
1008 1671 1126 1734 essent
1155 1663 1346 1751 destinati;
1378 1663 1480 1733 nulla
1509 1663 1599 1732 enim

426 1792 532 1842 eausa
562 1769 772 1860 perditionis
802 1771 1026 1840 ministratur
1053 1773 1096 1840 ab
1122 1793 1181 1856 eo,
1207 1771 1268 1863 qni
1295 1792 1412 1840 omnes
1440 1770 1597 1840 homines

429 1878 510 1949 vult
533 1877 651 1948 salvos
674 1878 764 1948 lieri:
790 1877 851 1948 sed
875 1882 939 1970 pai
960 1881 1087 1970 seipsos
1106 1893 1313 1969 aptaverunt
1334 1903 1417 1946 oasa
1440 1881 1517 1945 irae
1537 1878 1597 1964 (ei.

426 1989 525 2056 Rom.
539 1985 605 2054 IX.
620 1985 676 2074 22;
691 1985 724 2054 2.
741 1985 832 2054 Tim.
847 1985 897 2054 Il.
912 1986 968 2054 20.
983 1985 1077 2072 21.),
1095 2009 1153 2056 eos
1173 1991 1293 2056 seonto
1315 1993 1370 2056 est
1391 1992 1428 2056 et
1449 1984 1600 2054 infideli-

425 2102 494 2182 tas3
520 2099 556 2162 et
579 2094 616 2162 in
640 2082 741 2185 quem
764 2093 919 2163 ordinem
943 2117 980 2163 se
1003 2095 1098 2185 ipsos
1120 2100 1434 2185 praeparaverunt,
1452 2093 1491 2162 in
1508 2093 1600 2162 buno

427 2207 510 2270 sunt
532 2199 650 2291 positi.
675 2199 725 2269 Et
748 2200 779 2269 si
802 2200 902 2270 homo
925 2208 1065 2271 oreatus
1087 2209 1142 2270 est
1163 2201 1265 2286 liber,
1283 2223 1346 2270 neo
1362 2207 1418 2270 est
1433 2201 1490 2268 vis
1514 2200 1599 2268 infe·

427 2307 535 2378 rende
557 2306 667 2376 libero
689 2306 851 2392 arbitrio,
869 2329 968 2376 nemo
992 2307 1117 2378 merito
1140 2313 1375 2399 conqueretur
1396 2307 1438 2375 de
1462 2329 1515 2392 eo,
1543 2305 1601 2397 qni

426 2413 533 2484 talem
556 2419 684 2482 sortem
707 2411 839 2482 homini
862 2413 1058 2499 adtribuat,
1084 2435 1187 2506 qnam
1214 2413 1289 2480 suis
1313 2411 1477 2503 operibns
1500 2411 1599 2480 homo

282 2537 285 2543 ⁴
428 2522 498 2590 sibi
521 2521 592 2612 ipsi
615 2519 782 2590 adsoivit.
798 2548 814 2584 n
833 2521 1055 2591 Advertatnr
1071 2528 1200 2606 antem,
1221 2519 1438 2607 offensionem
1454 2522 1493 2585 tn
1512 2519 1599 2608 lapi-

427 2627 500 2696 dem
522 2628 724 2719 aepulas-em
746 2629 784 2696 in
808 2627 1005 2718 seripturis
1028 2627 1187 2698 exhiberi
1209 2635 1251 2695 ut
1273 2647 1416 2717 poenam
1440 2625 1599 2694 ineredu-

428 2735 560 2804 litatis:
589 2742 656 2805 set
670 2736 782 2805 erit...
802 2736 840 2805 in
855 2736 1005 2827 lapidem
1029 2737 1274 2806 offensionis...
1292 2740 1329 2804 et
1344 2739 1597 2805 conterentur»

429 2841 478 2912 Is.
492 2842 595 2912 VIII.
612 2841 668 2910 14.
687 2842 742 2930 155
771 2849 843 2912 ret
865 2843 927 2935 qni
957 2843 1125 2913 oeoiderit
1153 2865 1257 2934 snper
1287 2841 1439 2933 lapidem
1471 2841 1596 2923 istum,

429 2950 695 3040 eonfringetnr3
721 2972 950 3042 superquam
973 2972 1057 3019 vero
1080 2949 1268 3036 oeoiderit,
1294 2953 1451 3019 oonteret
1478 2969 1558 3016 enm
1582 2971 1596 3008 ι

429 3056 561 3126 Matth.
575 3057 675 3126 XXI.
688 3058 746 3127 44.
765 3057 803 3126 Si
818 3079 902 3147 ergo
918 3057 1171 3147 intelliguntur
1194 3056 1302 3148 positi
1325 3062 1468 3147 propter
1491 3055 1599 3122 inors-

430 3164 615 3234 dulitatem
639 3165 683 3235 ad
706 3165 930 3234 offensionem
953 3171 990 3234 et
1012 3165 1282 3235 ooniraotionem
1305 3164 1343 3234 in
1366 3163 1496 3255 lapide,
1516 3162 1554 3230 h.
1567 3183 1595 3231 e.

430 3277 572 3362 propter
588 3276 769 3363 peceatum
784 3273 829 3342 ad
844 3294 1000 3364 posnam,
1018 3272 1130 3342 omnis
1146 3273 1302 3363 disparet
1316 3270 1520 3342 difficultas.

497 3378 565 3447 Pro
589 3377 761 3448 solutione
785 3379 1046 3465 difficultatum,
1065 3403 1153 3472 quae
1175 3380 1267 3449 finnt
1289 3401 1331 3449 ex
1355 3378 1518 3449 doctrina
1531 3379 1601 3446 An·

431 3486 582 3575 gnstini,
608 3507 649 3555 ao
672 3487 703 3555 ei
727 3493 905 3578 peooatnm
929 3488 1102 3578 originale
1124 3489 1368 3558 antecedenter
1382 3487 1428 3556 ad
1442 3487 1600 3576 quamvis

432 3592 539 3660 aliam
562 3593 815 3684 praevisionem
838 3602 930 3664 esset
951 3616 1059 3666 eausa
1080 3595 1336 3687 reprobationis
1365 3595 1526 3665 omnibns
1552 3617 1600 3663 re·

431 3699 550 3790 probis
572 3699 678 3769 etiam
695 3701 841 3787 adultis,
860 3708 932 3770 tam
955 3702 1002 3770 iis
1025 3702 1151 3794 quibus
1174 3701 1383 3788 remittitur,
1402 3723 1507 3794 qnam
1521 3701 1600 3770 aliis

429 3807 607 3898 inquibus
622 3813 740 3892 manet
750 3831 819 3877 non
831 3809 1027 3895 remissum,
1040 3809 1118 3899 lege
1133 3809 1377 3879 adnotationes
1387 3809 1425 3879 J.
1436 3809 1480 3878 B.
1489 3809 1600 3878 Fanre

430 3917 475 3986 ad
490 3917 675 3987 Enobirid.
689 3916 785 4008 Aug.
800 3941 830 3988 o.
846 3918 902 3988 58.
916 3924 1080 3988 etnotam
1092 3918 1152 3986 3¹¹⁰
1171 3918 1215 3986 ad
1232 3941 1262 3988 o.
1281 3917 1337 3988 98.
1359 3920 1411 3989 De
1431 3917 1600 3989 sententis

432 4025 629 4114 Augustini
659 4024 753 4096 oiroa
782 4026 1134 4116 praedestinationem
1158 4031 1195 4095 et
1216 4026 1495 4116 reprobationem
1520 4025 1598 4094 dats

431 4151 535 4220 opera
549 4131 704 4202 disemus
720 4132 795 4203 suis
810 4132 908 4204 loeis.
