3280 5070
556 409 591 423 -·
615 377 674 436 577
695 407 733 424 -·

71 487 161 556 etiam
186 509 252 554 non
276 484 347 553 nisi
370 483 530 574 praeviso
554 480 618 550 hoo
642 479 766 550 merito
792 480 1080 572 praedestinavit.
1106 481 1227 553 Massi·

71 592 185 660 lienses
200 591 339 660 initium
353 590 434 658 fidei
451 589 617 659 docebant
633 613 706 658 esse
722 611 764 658 ex
780 589 911 657 nostris
929 590 1076 673 viribus,
1097 599 1229 659 ceteras

70 699 216 790 deinceps
231 698 382 766 virtutes
394 697 462 765 lide
474 697 684 788 impetrante
697 720 717 763 a
733 697 805 765 Deo
817 697 940 765 donari
953 699 1227 766 consentiebant.

69 807 282 896 Augustinus
296 829 338 874 ex
355 803 421 873 hac
436 804 594 874 doctrina
612 805 647 872 in
665 803 787 894 primis
807 804 996 888 concludit,
1016 805 1120 873 etiam
1137 805 1229 895 ipsos

68 915 138 982 illos
153 921 310 982 errantes
324 935 364 980 eo
380 911 464 996 solo,
484 911 573 1002 quod
590 911 711 980 dicant
729 912 885 980 virtutes
902 919 1035 982 ceteras
1048 934 1123 981 esse
1140 909 1230 978 donc

69 1021 136 1100 Dei,
161 1020 344 1089 concedere
369 1017 432 1086 has
456 1017 609 1086 virtutes
634 1015 927 1107 praedestinareris
954 1017 1036 1104 De03
1056 1041 1117 1087 nee
1132 1017 1229 1088 aliud

67 1131 103 1196 ab
124 1127 337 1198 adversariis
360 1125 521 1218 requirit,
540 1147 642 1218 quam
667 1131 709 1194 ut
732 1127 912 1194 fateantur
934 1125 1041 1194 etiam
1065 1126 1146 1194 fidei
1164 1126 1228 1194 ini-

67 1237 165 1320 tium,
190 1235 292 1304 nulla
314 1233 557 1323 impetratione
584 1235 738 1324 ipsorum
769 1231 961 1301 infidelium
992 1233 1225 1318 antecedente,

67 1341 177 1410 donari
202 1365 223 1410 a
246 1342 329 1409 Deo:
353 1339 418 1408 hoc
441 1339 591 1408 admisso
613 1339 785 1428 integram
812 1339 1009 1429 praedicari
1032 1339 1084 1408 ait
1101 1341 1227 1409 doctri·

66 1471 135 1517 uam
159 1450 200 1518 de
216 1447 545 1542 praedestinatione.
564 1445 663 1516 Unde
679 1445 743 1515 hoc
759 1447 883 1515 existit
898 1453 1140 1537 argumentum
1156 1447 1227 1516 evi·

66 1556 152 1624 dens:
170 1555 227 1625 illi
243 1553 440 1624 adversarii
456 1553 712 1623 contendebant
729 1553 764 1621 in
781 1554 998 1622 exsecutione
1026 1554 1228 1644 praecedere

65 1662 197 1755 aliquod
221 1663 381 1731 meritum
405 1661 486 1730 fidei
509 1683 551 1730 ex
567 1661 705 1730 viribus
727 1667 887 1746 naturae,
906 1661 963 1730 cui
986 1663 1104 1750 gratia
1126 1663 1228 1730 retri-

66 1771 196 1856 buatur3
216 1769 305 1838 unde
329 1769 529 1839 inferebant
553 1768 653 1837 velut
668 1767 862 1837 necessario
878 1789 1099 1860 consequens,
1124 1769 1228 1838 etiam

64 1875 423 1965 inpraedestinations
445 1875 562 1944 eodem
586 1874 705 1942 ordine
730 1874 932 1963 praecedere
962 1874 1121 1942 meritum
1147 1874 1227 1945 fidei

64 1984 267 2072 praevisum,
292 1988 328 2050 et
350 1983 513 2075 consequi
537 1981 888 2071 praedestinationem
913 1987 1105 2050 ceterorum
1122 1982 1228 2051 douo-

64 2111 144 2174 rum,
155 2111 245 2181 qnae
257 2088 502 2157 retribuuntur
515 2088 660 2157 meritis.
674 2087 787 2180 Atqui
801 2089 1025 2177 Augustinus
1041 2090 1225 2174 consentit,

62 2196 123 2266 rite
144 2198 190 2264 ab
211 2196 263 2265 eis
285 2195 480 2286 praedicari
496 2195 649 2264 ordinem
677 2195 1005 2286 praedestinationis
1020 2195 1161 2263 illarum
1178 2219 1227 2265 se·

62 2304 233 2393 quantiam
258 2305 451 2386 virtutum,
476 2326 534 2372 eas
567 2326 686 2394 nempe
716 2303 972 2393 praedestinari
1000 2302 1041 2370 ob
1065 2303 1227 2372 meritum

61 2409 134 2478 fidei
158 2411 380 2502 praevisum,
413 2409 594 2478 dummodo
617 2410 861 2493 concederent,
886 2409 992 2478 etiam
1015 2409 1113 2478 fidem
1140 2433 1226 2501 quae

60 2537 112 2584 eas
134 2517 313 2608 impetrat,
331 2539 404 2586 esse
429 2517 492 2586 Dei
515 2515 655 2584 donum.
672 2515 769 2606 Ergo
792 2516 1018 2606 Augustinus
1042 2517 1227 2587 manifesto

61 2626 237 2710 consentit,
264 2647 351 2718 qnae
376 2624 548 2692 donantur
574 2627 609 2690 iu
634 2627 843 2691 emnecutione
859 2647 900 2691 eo
915 2628 1048 2708 meritc,
1065 2647 1106 2693 ea
1121 2626 1225 2694 etiam

61 2755 96 2798 ee
111 2733 220 2800 eodem
235 2735 355 2799 merito
373 2735 532 2822 praeviso
556 2730 827 2820 praedestinari.
847 2731 937 2801 Sene
954 2731 1226 2801 Massiliensium

60 2839 212 2908 doctrina
229 2840 442 2909 testantibus
459 2839 627 2930 Prospero
643 2847 679 2908 et
695 2839 833 2908 Hilario
855 2839 892 2908 in
917 2839 1077 2933 epistolis
1092 2841 1136 2909 ad
1152 2841 1224 2909 Au·

60 2947 235 3036 guatinum
259 2947 344 3016 haec
367 2955 454 3016 erat.
477 2945 578 3028 «Qui
601 2946 770 3015 credituri
798 2953 882 3016 sunt
896 2947 1062 3037 (propriis
1077 2955 1225 3018 naturae

60 3053 224 3138 uiribus),
250 3053 454 3143 praesciisse
477 3059 559 3121 ante
581 3052 701 3122 mundi
726 3054 1012 3124 constitutionem
1035 3053 1165 3138 Deum,
1191 3059 1226 3123 et

59 3183 109 3228 eos
131 3161 409 3252 praedestinasse
432 3160 468 3228 in
491 3181 636 3250 regnum
662 3182 775 3247 suurn,
803 3185 947 3254 quos...
968 3163 1054 3230 bono
1076 3162 1145 3230 tine
1168 3183 1224 3230 ex·

60 3289 211 3337 cessuros
232 3289 306 3336 esse
330 3267 555 3358 praeviderit.
575 3295 591 3330 n
612 3267 913 3338 aPraescientiam
930 3275 967 3337 et
988 3268 1223 3359 praedestina·

60 3361 184 3445 tionem
203 3375 260 3443 vel
275 3374 489 3466 propositum
506 3374 603 3445 adid
619 3375 737 3444 valere
752 3377 977 3460 contendunt,
997 3383 1037 3444 ut
1052 3399 1110 3444 eos
1127 3398 1224 3466 prae·

61 3484 192 3568 scierit,
219 3481 276 3552 vel
300 3482 633 3572 praedestinaverit,
661 3483 715 3552 vel
740 3484 964 3574 proposuerit
986 3483 1137 3574 eligere,
1163 3483 1224 3575 qui

60 3591 196 3658 fuerant
217 3587 402 3658 credituri.
423 3615 438 3651 a
458 3589 683 3679 Augustinus
706 3591 743 3658 in
767 3590 871 3658 libris
895 3591 936 3660 de
961 3589 1083 3660 Praed.
1104 3589 1168 3658 SS.
1190 3597 1225 3658 et

60 3695 150 3764 Dono
166 3719 300 3787 persev.
314 3695 441 3786 quibus
458 3697 643 3786 respondet
653 3695 923 3766 Massiliensium
940 3697 1221 3780 difficultatibus,

60 3801 143 3872 nihil
166 3805 244 3893 agit
258 3802 369 3887 aliud,
390 3825 490 3895 qnam
517 3811 557 3873 ut
580 3805 805 3890 demonstret,
826 3805 926 3874 iidem
943 3812 980 3874 et
1001 3825 1221 3895 perseveran-

61 3909 138 3977 tiam
163 3912 197 3978 in
221 3911 290 3978 tide
312 3931 420 4003 aeque
443 3931 517 3980 esse
533 3911 659 3980 donum
675 3911 739 3981 Dei
756 3933 795 3981 ac
813 3911 968 3980 virtutes
984 3917 1127 3995 ceteram
1146 3908 1222 3977 ideo

61 4017 146 4088 sicut
174 4018 371 4087 adversarii
400 4019 465 4087 has
495 4019 563 4088 fide
585 4020 794 4110 impetrante
817 4041 839 4086 a
866 4021 936 4088 Deo
967 4017 1221 4109 praedestinari

62 4147 178 4214 negare
208 4129 401 4216 nequeant,
427 4124 479 4192 ita
503 4127 625 4214 negari
650 4149 717 4194 uon
741 4148 839 4216 posse
873 4124 1221 4216 praedestinationem

63 4229 165 4317 ipsius
186 4230 267 4300 fidei
290 4229 388 4298 nullo
411 4232 536 4300 merito
558 4233 795 4322 praecedente,
820 4238 856 4300 et
872 4232 1221 4324 praedestinationem

63 4335 340 4423 perseverantiae,
359 4356 460 4426 quam
477 4337 683 4428 suppliciter
697 4339 841 4407 emereri
857 4339 1040 4428 possimus.
1055 4328 1218 4420 o'Adhuc,

63 4441 178 4534 inquit,
202 4444 238 4512 in
264 4443 465 4535 quaestione
489 4444 647 4534 caligant
670 4445 748 4531 (isti
765 4447 911 4531 tratres)
927 4445 968 4514 de
986 4445 1220 4536 praedestina·

194 4571 350 4624 remees
1044 4573 1078 4624 37
