3394 5056
627 346 664 360 ..
686 315 726 374 59
748 347 785 361 ..

120 440 180 506 pro
204 425 309 508 parte
331 416 480 488 adversa
503 429 726 508 provocatur.
746 417 970 486 Affirmamus
986 423 1116 499 antam,
1133 417 1298 486 intereos

119 549 236 594 omnes
262 525 399 594 nullum
422 549 510 610 esse,
536 528 596 617 qui
621 527 752 595 dixerit
777 527 883 594 verba
906 525 1010 594 Pauli
1033 525 1075 594 de
1099 525 1184 594 solis
1214 525 1296 594 fide·

117 631 211 700 libus
235 633 395 722 intelligi
417 633 551 717 debere,
579 634 636 702 vel
659 635 719 725 qui
742 633 927 722 negaverit
955 655 1030 701 essa
1066 633 1297 722 intelligenda

117 738 156 805 de
179 739 383 827 cognitione
406 739 497 828 legis
519 739 685 808 rationali
708 742 800 809 citra
822 739 1092 832 propositionem
1115 762 1177 829 per
1200 763 1298 809 reva-

116 843 297 913 lationem.
317 844 443 912 Altero
466 845 540 914 loco
564 845 686 914 deinde
710 846 943 914 iudicabimus
970 847 1011 914 de
1043 846 1160 914 valore
1191 868 1296 936 argu·

117 958 337 1035 mentorum,
365 974 454 1044 quaa
485 953 528 1020 ab
551 953 765 1022 adversariis
800 955 844 1022 ad
879 976 974 1020 suam
1010 953 1205 1042 opinionem
1238 953 1296 1022 iir-

119 1059 279 1128 mandam
301 1083 344 1130 ex
369 1067 533 1130 contextu
557 1061 800 1130 desumuntur.

179 1167 358 1250 Quamvis
381 1191 437 1238 res
459 1191 519 1258 per
542 1191 579 1236 se
602 1167 698 1236 clara
721 1169 781 1253 sit,
800 1168 844 1237 ad
867 1169 1040 1238 cavendas
1074 1176 1189 1236 tamen
1229 1169 1295 1236 fal-

118 1297 170 1342 sas
192 1277 509 1366 interpretationes
531 1299 792 1366 praemonemus
822 1277 905 1344 tria.
925 1276 1044 1345 Sermo
1071 1299 1162 1346 nune
1197 1277 1296 1345 nobis

116 1391 168 1450 est
188 1383 234 1452 de
258 1384 476 1452 revelatione
503 1385 616 1472 ipsius
646 1383 755 1474 logis,
776 1407 842 1452 non
875 1385 916 1452 de
948 1383 1161 1452 revelatione
1193 1406 1294 1475 quam

119 1490 224 1581 aliqui
248 1497 443 1582 coeperunt
463 1514 618 1560 asserere
643 1492 840 1562 hominibus
856 1493 1085 1561 necessariam
1110 1491 1153 1559 ad
1177 1493 1292 1582 acqui-

119 1597 259 1667 rendum
285 1623 389 1668 usum
413 1600 573 1684 rationis,
599 1601 670 1668 nisi
694 1602 784 1668 forte
808 1599 898 1668 hano
921 1600 1078 1670 dicerent
1093 1623 1168 1668 esso
1185 1601 1294 1691 ipsam

119 1707 365 1777 revelationem
392 1707 484 1799 legis
514 1709 677 1795 moralis;
703 1708 825 1777 deinde
860 1708 1018 1798 negando
1052 1710 1294 1778 necessitatem

119 1811 218 1880 huius
240 1814 358 1904 ipsine
371 1814 599 1882 revelationis
610 1815 655 1882 ad
668 1815 937 1904 possibilitatem
954 1815 1164 1905 cognitionis
1188 1815 1293 1884 ratio·

120 1917 202 1986 nelis
220 1929 259 1988 et
291 1921 470 1989 naturalis
486 1921 721 2011 intelligimus
737 1923 971 1991 exclusionem
988 1946 1056 1990 non
1072 1924 1215 1990 marolis
1233 1924 1293 1992 sed

118 2026 271 2115 physicae
287 2028 525 2112 necessitatis,
545 2050 631 2120 quae
655 2029 703 2096 sit
727 2029 934 2119 simpliciter
950 2052 991 2098 ex
1008 2030 1147 2098 defectu
1161 2029 1292 2097 virium

122 2133 282 2221 rationis;
304 2140 477 2224 postremo
504 2135 643 2225 agimus
679 2135 870 2204 universim
903 2136 945 2204 de
977 2135 1147 2204 rationali
1175 2138 1291 2225 cogni-

121 2241 203 2308 tione
226 2241 462 2330 obligationis
487 2242 639 2326 moralis,
666 2245 750 2334 quin
775 2267 866 2311 nuno
889 2242 1056 2312 distincte
1088 2242 1292 2312 determine·

122 2371 188 2416 mus
216 2350 301 2417 eius
331 2349 408 2416 sive
439 2347 701 2438 amplitudinem
733 2351 808 2417 sive
839 2350 1097 2439 perfectionem.
1131 2353 1145 2434 (
1157 2351 1208 2418 Da
1235 2349 1292 2416 his

122 2457 227 2523 confer
249 2455 491 2546 Appendioem
514 2457 558 2524 ad
582 2456 788 2526 Tractatum
813 2457 854 2526 de
879 2457 1111 2544 Traditioue).

177 2563 206 2630 l.
222 2563 439 2656 Imprimisa
457 2563 492 2632 S.
507 2564 594 2632 Sede
607 2563 771 2634 damnata
786 2570 840 2634 est
855 2564 1045 2656 propositio
1065 2565 1145 2632 Baii
1157 2565 1228 2652 (22³
1240 2566 1290 2631 in·

123 2677 170 2736 ter
181 2671 365 2755 Baianas),
380 2693 450 2760 qua
465 2679 613 2740 novator
630 2677 752 2740 contra
763 2671 946 2762 theologos
958 2671 1149 2741 catholicos
1160 2673 1288 2740 aiebat:

127 2777 231 2846 uCam
254 2779 404 2868 Pelagio
428 2779 599 2862 sentiunt,
617 2779 678 2870 qui
694 2780 932 2848 testimonium
946 2778 1112 2869 Apostoli
1124 2779 1222 2846 Rom.
1237 2777 1288 2846 H.

125 2893 232 2971 mutes
255 2909 348 2979 quae
370 2886 482 2976 legem
506 2910 574 2954 non
597 2885 737 2971 habent,
756 2887 969 2956 naturaliter
985 2908 1072 2979 quae
1088 2885 1179 2976 legis
1192 2893 1287 2970 sunt,

126 2992 259 3078 iaciunt,
285 2993 500 3082 intelligunt
522 2994 564 3063 de
588 2994 753 3084 gentibus
778 2994 857 3062 fidei
882 2995 1035 3084 gratiam
1059 3017 1127 3062 non
1163 2993 1288 3061 haben-

125 3097 218 3168 tibus.
237 3129 253 3162 η
272 3101 488 3168 Consulatur
512 3101 554 3170 de
577 3100 642 3171 hac
666 3103 919 3193 proscriptione
934 3101 1087 3192 Ripalda
1102 3106 1136 3188 (a
1153 3099 1289 3169 Adver-

126 3225 175 3272 sus
194 3207 272 3276 Baii
296 3207 504 3276 articulos»
525 3207 566 3275 Τ.
580 3205 649 3277 ΠΙ.
669 3207 792 3297 Operis
816 3208 858 3276 de
881 3207 972 3277 Ente
996 3207 1285 3298 supernaturali).

128 3309 257 3381 Interim
273 3339 317 3384 ex
337 3316 402 3384 hac
418 3337 565 3382 censura
581 3315 649 3384 duo
673 3307 852 3400 constant„
867 3315 1047 3406 theologos
1070 3317 1234 3384 nimirum
1253 3316 1288 3384 in

128 3421 352 3490 controversia
375 3421 574 3510 dogmatica
596 3421 708 3490 locum
733 3420 894 3510 Apostoli
922 3421 1124 3510 intelligere
1147 3444 1288 3490 consue·

128 3525 206 3594 visse
216 3529 256 3596 de
269 3528 486 3613 infidelibus,
496 3536 532 3597 et
541 3527 663 3596 Sedem
674 3527 913 3616 Apostolicam
925 3527 1015 3598 hauc
1027 3529 1287 3618 interpretatio·

129 3653 192 3700 uem
206 3644 336 3704 eartmn
352 3658 393 3704 ac
408 3641 536 3704 tectam
553 3633 719 3703 voluisse.
737 3633 838 3704 Unde
855 3635 1108 3726 praeiudicium
1123 3641 1189 3718 est,
1207 3633 1288 3702 illos

131 3741 334 3810 «nonnullos
367 3742 590 3830 interpretas,
611 3767 628 3801 n
647 3748 689 3809 ut
718 3741 761 3808 ab
792 3741 1007 3810 adversariis
1037 3740 1284 3831 appellantur,

129 3864 189 3914 essa
208 3847 374 3916 Doctores
398 3847 527 3916 multos
550 3855 587 3917 et
609 3870 748 3937 graves.
769 3849 859 3918 Saue
882 3849 999 3918 eodem
1022 3857 1193 3937 tempore,
1219 3869 1287 3940 quo

130 3945 233 4022 Estius
250 3985 265 4018 a
283 3953 472 4022 nonnullos
495 3961 633 4021 tantum
656 3962 691 4022 et
715 3955 809 4022 inter
832 3953 895 4022 hos
910 3954 1114 4024 Caietanum
1134 3981 1150 4016 n
1168 3953 1282 4038 novit,

133 4055 180 4143 qui
199 4069 316 4147 gentes
338 4059 458 4149 legem·
485 4082 552 4128 non
585 4059 751 4127 habentes
783 4060 875 4149 apud
907 4059 1054 4129 Paulum
1085 4059 1286 4129 censuerint

133 4158 360 4255 intelligendas
381 4190 458 4236 esse
484 4166 661 4250 infideles,
681 4165 907 4257 Stapletonus
931 4167 1005 4255 (Da
1034 4173 1165 4256 peccat.
1192 4166 1281 4255 orig.

135 4263 155 4332 l.
170 4267 212 4338 11.
228 4295 257 4341 o.
275 4275 330 4343 14.
348 4273 437 4365 Opp.
458 4273 500 4343 Τ.
518 4275 568 4343 ΙΙ.
587 4299 620 4365 p.
640 4275 714 4362 66.)
736 4274 817 4343 Baii
833 4275 868 4342 in
889 4273 1058 4344 cathedra
1072 4272 1285 4343 Lovaniensi

137 4395 288 4448 sucoessor
311 4388 346 4450 et
369 4383 596 4451 adversarius
620 4381 841 4450 doctissimus
866 4381 1072 4466 affirmavit,
1096 4379 1186 4448 hanc
1210 4400 1283 4446 sen-
