3262 5076
527 367 564 379 -
587 333 645 394 511
670 365 707 380 -

35 461 88 528 per
102 451 292 528 peccatura,-
316 445 424 532 atque
448 441 502 509 ita
525 440 616 508 Deus
639 438 714 507 voit
739 451 935 506 restaurare
944 458 1010 528 per
1025 432 1187 508 Adamas

39 547 168 612 nondam
192 570 315 631 omnes,
340 549 404 639 poi
427 551 464 614 ιἰι
484 549 600 640 primo
624 547 739 616 Adam
763 543 966 614 ceciderant.
990 543 1033 612 In
1057 543 1124 612 hac
1146 543 1203 612 do.

39 655 138 722 ctrina
161 655 294 725 directe
317 662 354 725 et
376 655 543 746 explicite
566 656 701 726 dicitur
725 654 847 724 divina
864 653 1029 722 voluntas
1046 650 1207 720 salvifica

38 761 236 832 universalis
267 765 397 834 referri
420 765 467 832 od
488 789 596 856 penos
620 767 801 832 humanum
824 759 1056 852 reparandam
1086 781 1206 848 cuppo-

37 869 92 932 sito
109 883 248 957 peccato
272 871 458 960 originali.
484 871 645 942 Ceterum
670 871 755 939 haec
772 867 969 961 suppositio
985 865 1207 954 intelligitur

37 973 129 1040 etiam
152 975 190 1042 in
214 973 298 1044 aliis
322 977 482 1047 omnibus
505 977 612 1066 looie;
639 977 829 1067 Scriptura
851 975 943 1044 enim
967 979 1003 1043 at
1024 975 1148 1043 Patres
1163 970 1205 1038 de

38 1081 208 1152 voluntate
230 1084 297 1154 Dei
320 1085 515 1178 loquuntur
538 1087 726 1156 secondum
743 1090 959 1177 praesentem
977 1083 1133 1152 ordinem
1148 1080 1203 1148 hi·

37 1191 191 1262 storicum
222 1193 363 1280 generis
393 1193 551 1263 humani.
580 1194 652 1264 «Si
682 1194 774 1264 enim
805 1194 913 1262 unius
943 1191 1071 1262 delicto
1102 1191 1205 1256 multi

40 1295 69 1380 (ἐι
87 1296 202 1388 πολλοι)
232 1304 361 1368 mortui
384 1318 476 1386 sunt,
502 1301 614 1372 multo
637 1302 751 1392 magis
773 1303 897 1391 pratia
919 1301 987 1368 Dei
1018 1314 1051 1366 et
1081 1296 1204 1364 donum

37 1409 195 1497 ingratia
207 1410 315 1480 unius
326 1410 478 1480 hominis
490 1411 571 1480 Iesu
585 1411 722 1482 Christi
740 1413 778 1476 in
785 1410 905 1500 plores
917 1403 971 1495 (ἑις
985 1429 1051 1480 τους
1059 1400 1199 1490 πολλους)

37 1517 215 1584 abundavit
232 1545 250 1582 r
268 1519 368 1588 Rom.
386 1519 431 1588 V.
452 1519 507 1588 15.
538 1519 748 1602 «Quoniam
777 1519 811 1587 si
840 1541 927 1583 unos
954 1539 1021 1606 pro
1052 1515 1204 1582 omnibus

38 1639 174 1692 mortuus
191 1642 255 1712 est,
274 1649 358 1717 argo
371 1651 481 1696 omnes
496 1631 624 1694 mortui
639 1641 720 1694 sunt
734 1655 750 1692 s
766 1627 800 1695 2.
818 1622 1070 1694 cor.V.14.15
1087 1623 1206 1710 (iuxta

38 1735 118 1824 Aug.
143 1735 499 1825 interpretationem).
522 1764 538 1799 ι
556 1736 634 1806 Non
658 1736 754 1803 facta
775 1733 897 1825 aliqua
919 1730 1120 1821 exceptione
1143 1730 1203 1800 sed

39 1863 138 1912 onnes
161 1842 318 1912 eiusdem
341 1843 457 1912 Adam
480 1843 672 1934 participes
695 1848 732 1912 et
753 1864 775 1910 a
798 1846 960 1932 serpente
982 1840 1020 1907 in
1043 1839 1203 1908 fraudem

38 1947 159 2018 inducti
185 1956 222 2018 at
245 1971 305 2040 per
340 1955 518 2041 peccatum
549 1954 659 2018 morte
690 1948 829 2033 effecti,
863 1945 989 2037 et‘per
1023 1945 1203 2016 coelestem

38 2055 135 2125 Adam
157 2057 271 2127 saluti
294 2057 456 2128 restituti
479 2065 515 2128 et
537 2057 582 2127 ad
605 2057 743 2146 lignum
768 2057 886 2140 vitae,
913 2055 1004 2124 unde
1026 2053 1203 2124 excidera-

38 2187 112 2250 mus,
126 2189 187 2254 per
199 2165 341 2254 liguum
352 2165 565 2255 ignominiae
576 2165 759 2234 revocatio
774 2164 862 2234 Naz.
878 2186 929 2232 or.
946 2163 1001 2231 33.
1018 2162 1107 2250 (34.)
1119 2185 1155 2230 n.
1166 2162 1200 2230 9.

38 2270 130 2340 Immo
143 2271 374 2362 Augustinus
390 2272 592 2362 saepissime
611 2270 825 2340 inculcator
842 2270 875 2338 2.
887 2270 966 2340 Gor.
981 2269 1026 2338 V.
1043 2270 1099 2338 14.
1114 2292 1203 2338 mor·

37 2385 93 2446 tem
107 2379 243 2450 Christi
259 2403 321 2470 pro
337 2381 496 2449 omnibus
511 2379 672 2470 parvulis
689 2379 894 2448 nominatim
910 2385 1088 2471 tamquam
1104 2377 1201 2468 prin·

39 2487 152 2576 cipinm
175 2495 311 2558 certum
334 2495 370 2558 et
392 2493 495 2557 extra
518 2486 803 2572 controversiam,
830 2491 871 2556 nt
893 2485 974 2555 inde
998 2492 1122 2555 contra
1140 2485 1202 2554 Pe·

38 2593 182 2683 lagianos
206 2597 421 2666 demonstret
444 2619 559 2665 omnes
581 2617 657 2664 esse
680 2601 836 2664 mortuos
852 2598 994 2684 peccato
1018 2591 1199 2682 originali.

42 2703 185 2773 «Restat
208 2708 248 2772 in
268 2719 405 2794 peccato
430 2728 498 2773 esee
520 2718 669 2771 mortuos
685 2727 807 2785 omnes,
822 2727 888 2792 pro
909 2701 1032 2793 quibus
1047 2713 1199 2766 mortuus

40 2827 77 2876 ot
98 2811 276 2892 oeream,
301 2834 399 2881 nemo
422 2815 540 2900 neget,
559 2832 657 2878 nemo
681 2810 831 2893 dubitet,
858 2809 919 2900 qui
943 2830 979 2876 se
1002 2827 1071 2874 non
1095 2812 1202 2895 negat

40 2922 90 2984 aut
102 2918 243 2987 dubitat
257 2939 332 2986 esso
347 2917 600 2986 Christianum.
616 2917 838 3006 Quapropter
853 2917 884 2984 si
899 2915 1037 2985 nullum
1052 2912 1203 2982 trahunt

40 3031 202 3110 peccatum
231 3023 396 3115 parvuli,
422 3045 491 3092 non
515 3027 601 3092 sunt
622 3023 772 3110 mortui;
799 3021 831 3091 si
854 3045 922 3090 non
946 3026 1033 3090 sunt
1054 3020 1199 3104 mortni,

41 3151 95 3199 nou
115 3139 169 3200 est
191 3137 353 3201 mortuus
383 3154 446 3221 pro
469 3131 543 3215 eis,
578 3130 639 3222 qui
669 3151 738 3198 non
764 3135 819 3198 est
845 3133 1006 3198 mortuus
1036 3128 1109 3196 nisi
1139 3149 1202 3218 pro

42 3241 214 3308 mortuis...
228 3237 337 3308 Nullo
353 3237 451 3306 modo
467 3238 581 3327 igitur
601 3257 730 3326 negare
753 3236 971 3328 permitteris
986 3257 1044 3305 eos
1061 3233 1203 3306 trahere

43 3343 197 3432 originale
222 3350 447 3434 peccatum...
472 3344 562 3412 Nam
588 3342 720 3413 mortui
750 3340 842 3412 unde
866 3343 898 3412 si
921 3363 990 3410 non
1013 3340 1114 3426 inde,
1140 3347 1204 3412 sut

43 3458 165 3540 propter
189 3475 293 3544 quom
317 3457 461 3522 mortem
478 3450 708 3542 parvulorum
724 3455 884 3520 mortuns
900 3455 965 3535 eet,
985 3450 1046 3542 qui
1062 3457 1202 3520 nonest

44 3565 183 3630 mortuus
198 3559 270 3629 nisi
292 3582 357 3651 pro
380 3557 547 3629 mortuis?
561 3585 577 3622 n
595 3559 692 3648 Aug.
706 3563 818 3629 contr.
833 3557 904 3630 Iul.
919 3557 945 3626 l.
962 3557 1026 3630 IV.
1040 3579 1076 3625 n.
1091 3557 1125 3625 8.
1140 3557 1201 3626 Di-

45 3667 113 3736 vina
133 3675 250 3738 autem
272 3665 457 3750 voluntas,
483 3673 526 3738 ut
547 3665 712 3738 Christus
735 3687 798 3755 pro
820 3665 1064 3757 peccatoribus
1093 3687 1201 3734 more·

46 3779 144 3862 retur,
174 3779 212 3846 et
239 3773 391 3850 humane
420 3773 556 3846 Christi
587 3773 751 3846 voluntas
783 3773 933 3844 offerens
964 3777 1108 3842 mortem
1139 3793 1203 3862 pro

46 3883 265 3966 peccatoribus
293 3905 363 3952 non
385 3881 608 3972 intelligitur
631 3880 701 3950 nisi
724 3903 765 3948 ex
791 3880 995 3962 voluntate,
1021 3885 1064 3949 ut
1084 3899 1203 3970 pecca·

48 3989 253 4074 toresiidem,
272 4005 336 4080 pro
351 3988 479 4080 quibus
494 4007 587 4057 mors
610 3992 665 4058 est
688 3987 805 4056 oblata
828 3983 1036 4078 (suppositis
1051 3984 1204 4076 peccatis

49 4093 106 4160 tem
126 4096 292 4186 originali
317 4115 422 4188 qnam
448 4093 727 4186 personalibus),
762 4093 981 4164 redimantur
1009 4097 1045 4160 et
1067 4091 1203 4163 salven·

51 4201 108 4269 tur.
132 4203 242 4274 «Non
265 4205 365 4274 misit
386 4203 481 4273 Dens
503 4201 635 4271 Filium
659 4224 760 4272 suum
784 4202 821 4270 in
844 4199 1022 4286 mundum,
1048 4206 1090 4270 ut
1112 4199 1203 4271 iudi·

52 4311 290 4397 otmundum,
312 4311 372 4380 sed
396 4325 436 4376 at
462 4309 614 4377 solvetur
641 4308 800 4377 macedum
821 4332 888 4400 per
911 4312 1075 4399 ipsum»
1104 4330 1202 4376 cnon

53 4415 129 4500 veni,
142 4423 182 4488 ut
192 4417 344 4490 iudicem
356 4416 534 4504 mundum,
547 4415 604 4486 eccl
614 4432 654 4484 ut
665 4418 847 4509 salvificem
863 4415 1055 4500 mundonem
1077 4417 1202 4486 evenit
