3240 5064
911 357 950 371 .-
972 325 1033 384 268
1053 355 1091 369 ...
1603 337 1604 408 p

410 431 512 499 demi.
542 429 651 511 «Qui
673 434 727 496 est
750 433 832 496 ante
854 427 1030 496 sacculum
1053 432 1090 494 et
1112 446 1221 516 usque
1244 423 1280 492 in
1304 423 1503 506 saeculum,
1530 437 1604 489 ne·

412 561 479 629 que
511 537 685 606 adiectum
715 541 771 604 ast
800 556 911 626 usque
941 533 1114 602 minuitur
1140 559 1156 595 o
1189 530 1338 601 Ecclesi.
1370 529 1488 598 XLII.
1528 507 1604 596 21.l

411 645 531 734 Igitur
553 650 598 713 ut
619 644 672 711 ait
694 641 889 731 Dionysius
913 641 1001 728 (div.
1017 661 1106 708 nom.
1137 663 1167 708 c.
1186 639 1220 707 ὅ.
1240 645 1273 722 5.
1299 639 1363 724 8.),
1392 638 1465 706 uin
1493 637 1585 704 Scri·

412 751 529 842 pteris
552 750 790 820 essentialiter
804 749 1045 839 praeexistens
1060 748 1254 817 secundum
1264 767 1397 814 omnam
1412 745 1585 812 notionem
1603 719 1604 790 l

411 881 542 944 eorum,
569 879 658 950 quaa
681 864 776 940 sunt,
802 855 1035 925 multifariam
1058 855 1296 945 praedicatur,
1321 861 1358 922 et
1380 866 1456 919 aar
1479 858 1517 918 et
1541 865 1586 918 en

411 974 448 1036 et
463 970 531 1033 eris
548 965 687 1057 proprie
703 964 857 1049 canitur3
876 963 1088 1054 principium
1104 963 1196 1031 enim
1212 971 1249 1032 at
1266 961 1416 1030 medium
1431 965 1469 1028 at
1484 958 1585 1026 finem

411 1075 545 1145 entium
568 1073 726 1142 absoluta
749 1077 786 1142 et
807 1072 999 1140 eminenter
1023 1072 1061 1138 in
1086 1095 1123 1140 se
1147 1071 1361 1160 anticipavit
1377 1069 1440 1156 (1).
1457 1095 1474 1130 n
1492 1067 1604 1156 Emi-l

410 1183 508 1252 nenti
532 1188 568 1251 et
590 1180 890 1250 transcendentali
913 1181 1011 1248 modo
1034 1179 1086 1266 (id
1108 1179 1199 1246 enim
1224 1178 1331 1246 verba
1366 1197 1495 1266 graeca
1518 1173 1582 1242 sibi

411 1291 551 1375 volunt)
576 1289 709 1357 dicitur
732 1293 845 1356 totum
869 1287 906 1354 in
930 1309 966 1356 se
989 1286 1066 1377 ipso
1089 1287 1311 1376 anticipasse,
1330 1283 1497 1353 videlicet
1517 1303 1581 1348 non

412 1395 589 1490 tamqnam
606 1395 819 1487 principium
835 1395 989 1464 eiusdem
1004 1394 1139 1492 ordinis
1156 1393 1256 1462 velut
1272 1393 1392 1462 unitas
1407 1391 1444 1458 in
1469 1412 1580 1458 nume·

410 1507 473 1591 ris,
493 1505 552 1574 sed
567 1511 745 1594 tamquam
760 1503 848 1570 Esse
863 1501 1060 1570 absolutum
1077 1507 1113 1570 et
1129 1523 1234 1570 causa
1250 1499 1510 1591 supereminens
1518 1498 1577 1582 (2).

412 1613 505 1681 Hinc
522 1614 554 1697 b)
571 1612 608 1678 in
631 1609 760 1678 eisdem
783 1609 870 1678 locis
894 1609 1100 1698 Scripturaa
1122 1606 1278 1698 crepando
1301 1608 1468 1688 infertur,
1488 1626 1579 1694 prae

412 1721 467 1784 ter
482 1715 597 1803 ipsum
616 1713 677 1804 qui
693 1717 749 1780 est
765 1718 841 1780 tote
855 1711 948 1780 antis
963 1711 1156 1800 plenitudo,
1175 1711 1267 1778 nihil
1282 1732 1357 1778 esse
1372 1709 1465 1778 ontis
1487 1709 1578 1774 abso·

412 1822 497 1906 luti,
522 1819 799 1910 independentis,
826 1818 952 1902 divini,
978 1819 1071 1886 nihil
1095 1819 1185 1909 quod
1208 1819 1258 1887 sit
1278 1818 1435 1886 Elotim.

479 1927 525 1994 4⁰.
552 1926 592 1995 Si
615 1927 684 1994 rite
707 1925 942 2014 inspiciantur
965 1930 1084 1994 textam
1108 1925 1213 2016 paulo
1236 1931 1318 1994 anta
1347 1924 1451 1994 citati
1480 1921 1577 1992 facile

411 2033 641 2124 intelligitur,
668 2031 760 2099 illud
783 2031 873 2098 Esse
895 2032 1103 2122 simpliciter
1125 2031 1292 2123 illamqua
1314 2031 1406 2100 entis
1432 2029 1575 2120 plenitu·

412 2141 527 2208 dinem
557 2137 687 2229 ubique
717 2136 875 2206 exhiberi
907 2145 947 2208 ut
970 2138 1140 2208 rationem
1162 2145 1199 2206 et
1229 2161 1392 2222 cansam,
1418 2160 1481 2206 cur
1509 2136 1575 2202 alia

412 2253 551 2337 praeter
573 2245 685 2314 Deum
708 2254 744 2316 et
766 2251 868 2314 extra
894 2247 1004 2314 Deum
1029 2268 1104 2314 esse
1127 2245 1263 2335 possint
1284 2252 1321 2313 et
1348 2267 1467 2335 reapse
1489 2245 1572 2311 sint:

413 2353 497 2446 quia
512 2353 607 2422 Dens
623 2359 678 2422 est
693 2369 779 2430 mm
797 2352 873 2428 aa,
895 2352 972 2420 ideo
989 2353 1064 2442 ipse
1080 2351 1176 2420 solus
1191 2359 1246 2421 est
1262 2352 1323 2443 qui
1346 2351 1448 2420 novit
1469 2349 1574 2417 omnia

411 2468 448 2531 et
470 2461 660 2530 ennuntiat
683 2467 858 2548 ventura;
884 2461 959 2550 ipse
982 2459 1079 2528 solus
1102 2465 1138 2527 et
1160 2459 1282 2528 nullus
1305 2481 1383 2528 cum
1407 2458 1480 2548 ipso
1501 2457 1572 2524 fun·

411 2570 513 2640 davit
534 2575 677 2656 terram;
696 2570 770 2661 ipse
794 2569 890 2636 solus
913 2574 949 2636 et
971 2589 1069 2636 nemo
1092 2575 1232 2658 praeter
1255 2567 1367 2657 ipsum
1392 2573 1447 2633 est
1461 2564 1571 2633 Salva·

410 2684 467 2747 tor
489 2681 556 2746 eto.
582 2676 671 2745 Nam
702 2676 798 2744 sicut
821 2675 915 2742 Deus
945 2673 1042 2743 solus
1064 2683 1119 2744 est
1141 2671 1217 2752 ao,
1252 2675 1340 2742 Esse
1369 2675 1571 2742 intrinsecus

410 2781 666 2867 necessarium,
691 2780 984 2871 comprehendens
1007 2781 1156 2870 primum
1180 2789 1217 2851 et
1238 2779 1468 2850 novissimum
1489 2778 1521 2845 h.
1542 2801 1568 2845 e.

409 2895 520 2958 totam
543 2888 796 2980 plenitudinem
820 2891 909 2955 eatis
932 2889 1102 2970 absoluti,
1128 2911 1169 2958 ac
1192 2893 1332 2978 praeter
1354 2888 1468 2978 ipsum
1491 2883 1569 2954 nihil

409 3003 525 3087 potest
547 3019 622 3066 esse
644 2995 738 3066 eutis
760 2995 926 3064 absoluti:
954 2995 1006 3065 ite
1029 2997 1066 3064 in
1089 2997 1167 3086 ipsa
1189 2995 1351 3064 absoluta
1373 2995 1450 3066 eius
1472 2994 1568 3085 perf-

409 3104 524 3174 ctione
540 3104 714 3187 ostresio,
734 3126 797 3172 cur
811 3105 945 3192 possint
962 3126 1037 3172 esse
1059 3109 1160 3172 extre
1182 3104 1298 3193 ipsum
1320 3103 1488 3194 analogee
1506 3100 1567 3168 imi-

408 3212 562 3281 tationes
584 3211 740 3280 atentia
762 3233 823 3300 per
847 3211 1166 3300 participationem
1188 3218 1293 3303 atque
1307 3211 1346 3278 in
1360 3211 1440 3280 eius
1462 3209 1566 3278 volun·

408 3320 496 3387 tatis
518 3323 555 3388 et
577 3317 737 3387 infinitae
770 3318 946 3407 potentiae
969 3317 1080 3386 libera
1102 3319 1338 3410 applicatione
1368 3326 1423 3388 est
1452 3339 1564 3395 causa,

474 3530 518 3608 (1)
536 3537 605 3606 Προς
627 3555 672 3587 των
687 3539 783 3606 λογων
803 3531 910 3595 cietur
931 3553 1013 3605 προυν
1034 3555 1105 3589 κατα
1122 3553 1214 3589 τασαν
1234 3555 1280 3588 των
1293 3531 1369 3589 ὄντων
1386 3532 1499 3590 inroras
1513 3537 1565 3587 rol·

410 3621 642 3697 λαπλασιαζιτω,
660 3645 703 3678 και
722 3645 752 3676 το
774 3619 804 3683 ἦν
823 3619 861 3678 isr'
877 3618 959 3677 ἆυτου
976 3645 1019 3677 και
1041 3645 1069 3678 το
1089 3619 1146 3678 ἔστι
1168 3645 1211 3678 και
1232 3645 1261 3677 το
1280 3621 1481 3697 ἔσταιψκυριως
1493 3624 1564 3696 ipset·

410 3733 477 3768 ται...
490 3711 581 3786 α’ρχας
599 3735 643 3767 και
663 3733 737 3786 pasca
757 3733 800 3767 και
824 3719 888 3772 πλη
906 3734 953 3766 των
974 3710 1050 3767 ὄντων
1070 3713 1195 3787 α’σχιτως
1211 3735 1255 3768 και
1274 3709 1438 3787 ἔξῃρημινυς
1458 3710 1483 3770 ir
1495 3713 1565 3779 incr?

408 3807 580 3874 προιιληφως.

473 3889 516 3966 (2)
535 3893 602 3947 Ideo
627 3893 703 3946 Dono
725 3893 895 3961 quaudoque
917 3893 1025 3948 dicitnr
1047 3909 1121 3948 unus
1140 3910 1201 3947 noa
1220 3893 1334 3947 ensem
1351 3896 1505 3958 samniae,
1525 3889 1563 3944 sed

407 3981 522 4033 unitate
539 3981 735 4034 universitatis
751 3979 858 4054 (Rufln.
876 3981 907 4035 in
927 3985 1065 4050 symbol.;
1086 3983 1225 4048 Eulogius
1241 3983 1325 4038 Alex.
1341 4001 1428 4052 penes
1448 3983 1562 4036 Plotium

408 4071 485 4124 Bibl.
501 4071 569 4126 (led.
584 4067 675 4142 230.),
700 4087 758 4124 uon
777 4072 889 4126 scilicet
906 4073 1020 4126 unitate
1040 4073 1087 4126 oui
1108 4074 1202 4140 possit
1221 4073 1289 4126 addi
1309 4075 1370 4128 alia
1395 4075 1502 4138 unius,
1522 4066 1560 4122 sed

408 4158 533 4225 unitate,
558 4173 631 4226 quae
650 4163 740 4212 totam
761 4158 972 4226 planitudinem
995 4161 1234 4227 comprehendens
1256 4163 1366 4214 nnllam
1384 4156 1507 4214 admittit
1522 4154 1558 4208 al·

409 4245 561 4314 ditionem
583 4251 613 4299 et
634 4247 730 4301 eodem
750 4263 837 4302 sensu
858 4249 935 4302 Deus
958 4249 1066 4304 dicitnr
1087 4249 1256 4318 frequenter
1278 4267 1295 4304 a
1313 4252 1369 4305 1²1³.
1381 4267 1466 4320 supra
1483 4261 1557 4302 nona·

410 4333 473 4388 dem
492 4340 522 4389 et
542 4351 629 4406 snpra
650 4338 804 4393 unitatem.
823 4339 867 4393 01.
885 4340 986 4393 Petav-
1008 4339 1042 4393 ‹le
1063 4340 1122 4393 Deo
1140 4341 1160 4394 l⁴
1182 4341 1221 4394 11.
1242 4341 1310 4408 c.8;
1338 4340 1372 4394 tle
1393 4342 1469 4396 Trio.
1487 4337 1555 4392 LIV·

409 4439 472 4492 cap.
493 4425 537 4478 la.
