3280 5070
914 423 953 439 -
973 391 1035 455 σω
1055 423 1094 439 -

414 501 663 589 consequenter
685 496 731 568 ad
752 495 936 568 seientiam
960 499 1289 584 conditionatorum,
1307 498 1367 570 sed
1386 499 1577 572 uteoeden·

412 609 469 674 ter
491 605 535 674 sd
558 603 783 676 existentiam
807 606 887 677 boni
911 607 1026 698 operis
1049 613 1085 676 et
1109 606 1154 678 sd
1171 606 1357 678 seientiam
1375 607 1534 678 visionis.
1546 608 1580 676 Si

411 711 482 782 iam
506 721 640 804 epeotes
663 721 773 784 totam
797 716 920 784 seriem
950 715 1150 806 gratiarum
1181 715 1373 786 effioeoinm
1405 739 1516 809 nque
1542 715 1579 785 ad

410 821 550 892 finalem
573 822 881 914 perseverantiam,
916 823 1044 916 quibus
1074 823 1350 916 praedestinatio
1383 823 1579 915 eompletnr,

410 936 447 1000 et
470 928 575 999 simul
599 933 754 1020 reputes,
781 928 938 1021 potuisse
961 929 1073 1000 Deum
1096 929 1188 1000 alias
1211 930 1350 1021 gratiae
1380 939 1419 1000 et
1452 930 1491 999 in
1519 929 1580 998 aiio

410 1035 531 1107 ordine
554 1039 723 1124 conferre,
749 1061 837 1132 quas
860 1039 963 1110 novit
985 1041 1061 1111 fore
1083 1039 1237 1110 hominis
1260 1039 1363 1130 eulpa
1379 1039 1579 1126 isannes,

409 1145 516 1216 iaoile
537 1144 730 1236 intelliges,
756 1169 860 1240 quam
883 1145 1047 1239 speoiaiie
1070 1145 1121 1216 eit
1142 1147 1210 1217 Dei
1232 1146 1376 1217 dileetio
1399 1152 1439 1216 et
1475 1145 1578 1237 provi·

409 1253 528 1324 dentis
550 1253 658 1323 etiem
680 1253 888 1324 enteoedene
910 1254 1147 1346 (praeluoente
1170 1254 1322 1326 seientia
1334 1253 1579 1326 conditionate

410 1365 502 1448 rum)
525 1383 611 1454 erga
632 1384 749 1433 omnes
772 1384 854 1433 suos
876 1363 1016 1434 eleetos.
1041 1362 1096 1434 Ex
1119 1361 1234 1435 altere
1256 1387 1340 1436 vero
1363 1371 1484 1456 parts,
1502 1361 1579 1455 quod

408 1471 631 1562 providentie
659 1470 725 1541 Dei
755 1471 793 1542 in
823 1472 972 1563 gratiis,
999 1495 1087 1566 ques
1121 1481 1204 1544 aotu
1234 1473 1373 1544 eoniert
1406 1471 1576 1564 reprobis,

409 1601 479 1650 non
515 1577 621 1650 hebet
658 1579 829 1650 rationem
867 1581 1200 1672 praedestinationis
1222 1587 1260 1652 et
1288 1581 1399 1650 huius
1430 1577 1579 1672 epeoialis

408 1687 623 1772 dilectionis,
648 1687 686 1758 id
709 1687 841 1759 aouidit
872 1711 914 1758 ex
945 1689 1101 1780 ipsorum
1131 1688 1252 1782 eulpa,
1278 1689 1447 1783 quemvis
1469 1689 1577 1779 utique

408 1794 638 1886 omnipotenti
662 1818 730 1866 non
753 1797 888 1868 deesset
911 1796 1006 1867 alius
1029 1797 1112 1868 ordo
1136 1797 1335 1889 gratiarnm
1351 1803 1388 1866 et
1406 1794 1578 1880 providen-

407 1904 490 1990 tiee,
516 1904 553 1972 in
576 1927 644 1998 quo
667 1909 705 1976 et
725 1905 795 1996 ipsi
818 1905 1059 1977 consentirent
1081 1912 1118 1976 et
1140 1905 1367 1998 pervenirent
1389 1905 1439 1975 ad
1463 1901 1575 1974 iustiti·

406 2012 578 2083 oationem
600 2019 637 2084 et
658 2021 936 2104 perseverarent,
961 2022 1067 2108 atque
1090 2015 1143 2086 ita
1166 2021 1287 2085 essent
1314 2007 1572 2106 praedestinati.

406 2119 458 2188 at
473 2119 694 2213 quaestiones
716 2143 786 2191 non
809 2131 894 2192 sunt
915 2121 1153 2192 instituendae
1176 2121 1219 2192 de
1234 2121 1423 2191 ordinibus
1444 2115 1574 2212 possiti·

404 2226 511 2316 libus;
537 2227 597 2298 sed
620 2227 870 2299 oonsideranda
898 2236 952 2300 ast
983 2229 1208 2322 providentia
1238 2229 1363 2299 divina
1395 2225 1572 2300 seeundum

405 2334 561 2404 ordinem
584 2341 813 2426 praesentem,
838 2337 878 2406 iu
894 2356 963 2430 qua
982 2367 998 2402 o
1016 2335 1295 2428 praedestinatio
1309 2335 1378 2407 Dei
1393 2334 1518 2405 multis
1530 2336 1574 2401 esi

407 2464 514 2514 eausa
536 2443 666 2531 standi,
690 2443 822 2514 nemini
845 2467 952 2516 oense
973 2444 1126 2516 lebendi.
1153 2472 1171 2510 s
1631 2451 1632 2454 ’

874 2659 1019 2722 THESIS
1041 2660 1125 2722 LXI.

484 2779 550 2844 Nee
568 2779 603 2844 S.
620 2779 775 2862 Prospero*
795 2785 1012 2862 iuterroputio
1032 2799 1082 2862 ep.
1099 2783 1144 2844 ud
1163 2782 1390 2862 depretiator
1402 2799 1443 2842 sa.
1456 2780 1489 2842 8.

404 2895 464 2943 esee
483 2879 517 2942 S.
534 2881 720 2960 depositus·
739 2885 903 2960 responsio
923 2884 1071 2962 inteilips'
1087 2889 1193 2961 potest
1212 2881 1252 2944 de
1276 2877 1569 2960 praedestinatione

512 2983 639 3060 pior-tue
666 2991 745 3044 ante
771 2985 824 3044 oei
846 2991 919 3061 post
943 2985 1099 3062 praevisa
1122 2985 1260 3055 wito,
1291 2997 1377 3062 quae
1403 2983 1475 3041 siet

716 3099 778 3161 per
797 3085 945 3162 pretium
965 3101 1039 3146 vere
1058 3087 1256 3163 preteritum.

469 3239 554 3294 «iton
573 3243 708 3310 putamus
726 3241 885 3311 probabile,
908 3240 938 3297 8.
951 3241 1122 3311 Prosperum
1144 3257 1190 3311 ep.
1205 3240 1241 3296 ad
1261 3240 1386 3308 sume.
1402 3255 1436 3293 n.
1449 3239 1476 3292 e.
1489 3236 1563 3290 istm

405 3349 419 3378 s
434 3343 550 3395 rorasse
570 3329 604 3384 da
623 3330 852 3386 snoutenttnn
864 3333 982 3388 Patrem
1001 3331 1221 3388 doetrinaeirea
1239 3320 1564 3401 praedestinationem

404 3437 418 3466 s
433 3418 555 3484 gloriam
579 3423 646 3488 poet
670 3421 804 3489 praevisa
823 3421 929 3476 merita
950 3436 1050 3490 sensu,
1073 3435 1130 3490 quo
1155 3419 1300 3476 tiatiroiioi
1320 3435 1381 3476 ean
1400 3417 1560 3476 detenderit

404 3527 418 3556 ι
434 3507 584 3564 evidenter
605 3515 702 3565 autem
719 3511 826 3566 taleam
848 3515 903 3580 eet,
916 3511 1111 3580 augustinum
1129 3513 1161 3566 in
1178 3527 1232 3568 sua
1244 3512 1433 3580 responsione
1449 3509 1482 3563 de
1493 3507 1563 3560 Prat-

404 3617 418 3646 s
433 3596 508 3654 dest.
523 3597 572 3654 SS.
585 3615 614 3656 n.
626 3601 671 3657 87.
684 3601 777 3670 quoad
794 3601 867 3656 hano
884 3601 1043 3658 doctrinan
1063 3618 1210 3658 reeneasse
1231 3619 1271 3656 ss.
1285 3603 1403 3656 Patrem
1424 3596 1560 3656 areuna

403 3691 499 3744 uon.
519 3689 590 3745 iiam
609 3695 639 3744 et
656 3692 791 3762 Prospari
812 3693 1003 3760 interrogatio
1019 3693 1171 3748 seeundum
1190 3693 1335 3762 prineIpia
1352 3687 1560 3762 nnipslsetau

401 3798 415 3828 e
430 3779 625 3848 intelligenda
641 3787 686 3836 est
692 3822 699 3851 ,
720 3785 775 3836 st«
789 3781 916 3837 diffleiiis
934 3783 971 3838 ad
993 3782 1161 3838 noirandum
1181 3783 1347 3852 quaestion,
1364 3783 1398 3837 in
1417 3797 1474 3852 qua
1492 3779 1559 3831 vati·

400 3888 414 3917 s
429 3869 534 3923 stiores
549 3870 651 3926 Patrae
668 3885 725 3926 non
745 3871 805 3926 nisi
826 3873 920 3927 obiter
942 3879 1073 3928 versatos
1092 3889 1154 3928 esse
1172 3875 1218 3928 att
1234 3873 1432 3940 sensenna,
1454 3873 1485 3924 at
1501 3877 1557 3933 ⁰i¹¹

400 3971 487 4010 snon
506 3959 548 4014 sit
566 3975 662 4016 eorum
681 3961 806 4016 sentent
826 3963 978 4032 opuseuia,
999 3963 1084 4032 plane
1104 3962 1141 4018 ad
1160 3963 1241 4016 aliud
1264 3963 1413 4032 pertinet,
1436 3973 1513 4030 quau
1526 3949 1555 4006 td
1629 3959 1630 4036 t

399 4049 721 4116 'praedestinationem
740 4052 850 4119 gloriae
868 4057 936 4108 ante
955 4054 1003 4110 rel
1021 4055 1089 4124 post
1110 4053 1246 4124 praevisa
1270 4054 1376 4108 mertia
1401 4047 1554 4122 superum·

398 4139 513 4194 stalla.
527 4161 541 4190 s

474 4279 792 4355 Animadvertetnr
826 4285 1000 4378 imprimis
1040 4287 1079 4354 in
1113 4285 1275 4356 doetrine
1307 4285 1471 4370 Petrum,
1502 4271 1550 4369 qni

396 4383 614 4492 seripserunt
636 4393 718 4460 ente
740 4395 897 4460 exortem
920 4390 1093 4462 haeresim
1116 4391 1356 4482 Pelagianasn,
1381 4387 1487 4485 quoad
1506 4400 1548 4452 ot·

396 4497 462 4584 put
484 4500 671 4589 utrumque
692 4495 736 4568 de
757 4497 878 4588 gratia
900 4505 938 4570 et
952 4499 995 4570 de
1011 4499 1332 4591 praedestinatione
1346 4495 1547 4594 aliquidesst
