3224 5068
518 365 556 378 -
577 330 637 392 303
658 364 696 380 -

26 437 324 528 plenitudiue,seu
337 459 478 530 quaeex
491 436 685 506 intrinseca
697 457 761 506 sna
774 436 971 506 necessaria
983 435 1196 526 perfectione

23 551 68 612 est
81 544 251 614 absoluta
264 545 421 629 rcalitas,
441 544 658 634 intelligitur
669 544 876 631 formaliter
891 557 931 608 at
948 544 1028 610 baec
1051 546 1197 609 essentia

23 674 119 740 purus
142 659 254 720 aetus
278 653 353 722 sine
368 652 444 722 ulla
466 651 727 742 potentialitate
750 652 825 720 sive
848 652 1016 718 obiecticc
1038 651 1083 718 ad
1108 673 1194 732 cese,

23 761 85 826 sive
107 761 290 848 receptiva
311 759 352 827 ad
378 759 569 849 perfectius
592 781 670 826 cecc.
696 757 795 826 Unde
819 757 869 825 ibi
891 757 1043 826 essentia
1060 781 1095 826 se
1119 757 1197 846 ipsa

22 887 77 932 non
100 887 187 933 vero
213 865 336 957 aliquo
359 866 479 936 addito
503 865 747 958 (nequeenim
776 865 957 932 absolutae
987 865 1196 954 perfectioni

22 972 145 1062 eliquid
162 972 255 1040 addi
271 977 412 1062 potest),
430 979 563 1064 suaque
578 973 779 1040 substantie
794 994 863 1040 non
879 971 1000 1063 aliqua
1023 971 1196 1062 qualitate

22 1100 95 1170 quac
117 1101 190 1146 non
216 1079 269 1147 sit
283 1079 373 1168 ipsa,
392 1086 447 1148 est
470 1079 564 1148 siout
587 1080 702 1169 ipsum
719 1079 819 1160 Eece,
836 1079 890 1146 ita
914 1081 992 1167 ipsa
1014 1081 1103 1159 vieo,
1123 1080 1197 1166 ipra

24 1185 224 1266 intellectus,
253 1187 330 1274 ipsu
353 1189 500 1268 veritae,
525 1188 604 1273 ipsa
626 1188 822 1274 sapientia,
848 1187 926 1273 ipsc
949 1185 1103 1250 ebaritas
1126 1191 1192 1252 etc.

22 1290 164 1382 haecque
190 1291 311 1359 omnia
334 1292 372 1358 in
395 1296 477 1360 actu
500 1291 672 1360 absoluto.
696 1290 846 1359 Proinde
869 1290 976 1358 etiam
999 1289 1120 1358 ordine
1143 1289 1195 1357 in·

22 1420 110 1466 verso
133 1398 306 1488 singulae
328 1398 394 1466 hae
417 1398 650 1488 perfectiones
665 1405 702 1466 et
717 1419 834 1466 omnes
857 1397 962 1466 simul
978 1396 1095 1486 reipsa
1111 1403 1194 1466 sunt

25 1527 83 1571 una
94 1505 160 1572 illa
177 1505 443 1594 simplicissima
465 1506 629 1590 essentia,
648 1527 750 1596 quam
768 1527 831 1572 nos
847 1504 1000 1574 diversis
1023 1503 1193 1593 concapti-

24 1613 77 1680 bus
97 1635 140 1681 ex
164 1621 417 1682 creaturarum
448 1613 720 1702 perfectionibus
747 1612 940 1702 desumptis
963 1609 1192 1702 inadaequate

25 1719 267 1810 intelligimus.
290 1721 368 1790 Non
392 1721 506 1810 igitur
522 1721 559 1788 in
574 1721 645 1788 Deo
662 1721 755 1789 sicut
769 1721 808 1787 in
825 1719 997 1788 creaturis
1012 1742 1195 1808 possumus

26 1829 192 1918 concipere
227 1829 415 1897 essentiam
440 1828 496 1896 vel
519 1829 607 1896 Esse
639 1828 696 1896 vel
719 1828 964 1917 perfectionem
989 1828 1113 1919 quovis
1137 1850 1195 1896 no·

27 1937 102 2004 nice
124 1943 167 2005 ut
191 1936 335 2025 aliquid
357 1937 599 2026 imperfectum
622 1943 658 2004 et
681 1935 919 2026 complendum
936 1956 997 2024 par
1020 1934 1119 2004 aliud
1134 1935 1194 2003 ad-

28 2043 148 2131 ditnm;
175 2045 243 2113 sad
267 2043 428 2132 singulae
451 2042 682 2132 perfectiones
713 2042 948 2130 intelligimus
977 2065 1051 2112 esse
1082 2043 1193 2132 ipsam

27 2153 165 2220 absoluti
198 2153 293 2220 Ecce
319 2151 571 2241 plenitudinem
583 2201 591 2234 ,
618 2173 707 2242 quoe
737 2171 759 2216 a
788 2152 887 2220 nobis
917 2159 1060 2240 propter
1082 2152 1196 2220 nostri

28 2259 219 2330 intellectus
244 2258 542 2348 imperfectionem
566 2259 785 2348 concipiatur
819 2261 883 2326 sub
913 2259 1065 2328 diversis
1088 2260 1195 2328 ratio·

28 2367 138 2451 ribus,
169 2373 283 2457 prout
309 2365 469 2435 diversae
500 2365 730 2456 perfectiones
754 2372 892 2435 crestae
915 2366 972 2435 illi
994 2367 1135 2436 infinito
1156 2375 1195 2437 et

30 2473 279 2564 simplicissimo
301 2473 493 2564 exemplari
516 2474 738 2563 respondent.

82 2581 180 2651 Hanc
205 2581 352 2650 divinae
376 2580 617 2670 simplicitatis
631 2581 805 2650 notionem
827 2582 1015 2670 genuinam
1039 2604 1125 2666 asse,
1151 2605 1193 2652 ex

32 2687 102 2775 ipsis
124 2688 327 2778 scripturis
349 2687 637 2757 demonstramus.

83 2795 123 2864 In
146 2795 265 2866 saeris
286 2795 420 2864 litteris
443 2794 534 2864 euim
549 2795 745 2864 nouaclum
769 2795 970 2865 continetur
994 2797 1195 2866 fundamen·

32 2907 102 2986 tum,
126 2925 169 2971 ex
195 2925 267 2996 quo
290 2901 454 2992 superius
477 2901 655 2971 declarata
678 2903 745 2970 Dei
768 2902 978 2991 simplicitas
1000 2903 1197 2972 necessario

33 3009 196 3100 sequitur,
226 3010 318 3101 quod
341 3009 466 3078 divina
488 3009 641 3078 essentia
667 3016 722 3078 est
744 3009 859 3099 ipsum
875 3011 963 3077 Eece
984 3015 1021 3078 et
1043 3009 1196 3078 absoluti

32 3114 104 3182 Ecce
123 3116 313 3206 plenitudo
335 3115 403 3202 (th.
421 3116 571 3202 XXII.);
599 3119 658 3186 sed
683 3117 848 3204 scepticae
870 3117 1074 3208 Scripturas
1097 3117 1194 3185 exhi-

35 3219 101 3287 bert
114 3221 228 3289 Deum
251 3227 293 3288 ut
316 3243 423 3288 unum
446 3219 605 3311 idemque
629 3243 707 3288 cum
731 3221 883 3310 singulis
907 3223 1192 3310 perfectionibus,

35 3348 107 3415 quas
120 3329 162 3398 de
177 3330 254 3398 Dao
278 3327 529 3418 praedicamus,
548 3334 672 3396 utnon
688 3329 786 3396 modo
802 3329 972 3418 perfectio
989 3329 1090 3398 sitin
1106 3329 1194 3420 ipso,

36 3433 83 3500 sed
102 3435 175 3525 ipse
192 3436 244 3504 sit
259 3435 429 3524 perfactio
451 3441 527 3502 tum
544 3441 703 3501 unctum
720 3435 924 3504 alteratum
946 3442 1197 3527 consequenter

37 3560 136 3610 onnes
155 3543 275 3611 simul.

90 3649 303 3718 Nominatim
320 3651 412 3718 sicut
427 3650 521 3719 Deus
538 3651 671 3720 dicitur
682 3650 809 3718 habere
825 3652 935 3719 vitam
948 3651 986 3719 in
999 3653 1194 3743 semetipso,

40 3763 67 3820 ct
85 3756 158 3826 vita
181 3757 315 3827 dicitur
338 3780 412 3827 essa
435 3758 472 3825 in
488 3759 560 3828 Deo
575 3759 626 3828 Io.
643 3759 672 3826 Ι.
686 3759 720 3845 4;
736 3757 781 3827 V.
796 3759 852 3844 265
863 3759 916 3826 ita
930 3761 1025 3828 Deus
1049 3767 1104 3828 est
1119 3763 1198 3848 ipsu

42 3863 101 3929 cita
124 3860 242 3956 (ἠζωη)
261 3865 313 3932 Io.
332 3865 760 3952 1.4;X1v.e;1.10.1.2:
778 3868 869 3935 unde
893 3867 988 3936 solus
1012 3868 1119 3935 habet
1133 3867 1196 3935 im-

42 3972 273 4041 mortalitatem
297 3971 789 4040 summasunmna
808 4003 823 4036 a
839 3973 986 4042 divitiae
1003 3972 1196 4062 sapientiae

42 4080 70 4140 ct
79 4079 237 4149 scientiae
252 4081 318 4149 Dei
328 4107 344 4142 c
356 4079 583 4166 Romulea
594 4079 867 4168 IobXI1.1a.1t;
880 4079 1193 4166 Psslexnvsse

45 4185 73 4245 a
90 4181 123 4250 in
144 4185 213 4254 Deo
236 4191 321 4254 sunt
351 4208 502 4254 «omnes
525 4186 685 4255 thesauri
710 4187 903 4278 sapientiae
934 4193 970 4256 et
993 4187 1194 4256 scientiae»

46 4283 155 4361 coloss.
168 4293 217 4362 Π.
232 4293 266 4382 3;
292 4294 345 4362 ite
366 4293 461 4364 Deus
483 4299 539 4363 ast
560 4297 638 4384 ipsa
661 4297 837 4386 sapientia
859 4293 1196 4384 Prov.1.20;VIII;

49 4389 114 4485 Sep.
125 4399 201 4470 VII.
215 4401 272 4470 21.
288 4425 378 4492 sqq.;
391 4401 539 4472 Ecclesi.
554 4401 688 4472 XXIV.
700 4401 733 4488 13
745 4401 777 4470 1.
789 4401 867 4472 Cor.
878 4402 908 4470 Ι.
924 4401 982 4472 24:
996 4402 1087 4472 unde
1103 4404 1196 4473 Deus
