3262 5076
543 385 580 400 ..
603 353 662 415 473
682 385 721 400 ..

35 483 125 542 eum,
156 459 223 550 qui
245 479 282 526 se
305 466 492 550 praeparat
514 465 550 528 et
572 459 757 542 consentit,
774 441 909 526 salvari
934 479 993 548 per
1015 457 1218 547 largitatem

35 567 182 656 gratim
206 566 359 650 divinae,
385 567 551 632 nolentem
578 591 653 634 cero
678 581 711 632 et
725 568 935 632 resistentem
950 589 1017 630 non
1034 579 1082 631 eet
1100 566 1219 631 bonnm

34 675 190 756 saluar-i,
215 677 301 766 qnia
324 677 490 740 iniustam
513 691 603 743 est...
624 673 697 742 ideo
730 677 832 741 ietnru
862 675 1025 740 dominam
1055 675 1115 740 aab
1140 677 1219 741 istie

35 781 298 850 conditionibus
313 782 561 851 consideratam
576 809 643 849 nan
659 784 734 850 anit
750 784 839 850 Dens
857 783 1004 864 sulcari,·
1016 782 1073 848 sed
1086 797 1219 850 tantum

36 893 156 970 Istum,
186 893 250 980 qni
273 905 321 956 eet
344 891 457 958 colens
482 906 514 957 et
538 893 761 957 consentiens:
778 905 810 956 et
826 891 885 956 hoc
908 887 1039 956 dicitnr
1061 889 1220 956 voluntas

34 1021 259 1088 consequens,
277 1021 312 1062 eo
328 997 420 1090 qnod
430 1001 685 1088 praesupponit
702 999 969 1087 praescientiam
986 1019 1133 1084 opernm,
1150 1019 1218 1064 non

34 1113 217 1195 tamquam
243 1126 381 1174 cauam
405 1105 602 1174 voluntatis
627 1109 729 1196 (quae
746 1110 866 1194 utpote
882 1103 958 1193 ipsa
984 1102 1049 1172 Dei
1065 1103 1217 1172 essentia

33 1235 100 1279 non
125 1212 240 1280 habet
261 1215 429 1297 causam),
447 1211 506 1280 sed
531 1211 633 1302 quasi
662 1211 832 1279 rationem
851 1210 965 1279 voliti.
983 1238 999 1272 n
1014 1211 1087 1279 Hoc
1104 1211 1216 1301 ipsum

35 1319 197 1408 explicat
211 1319 263 1386 ibi
279 1317 322 1386 ad
339 1321 374 1386 5:
393 1347 410 1382 a
424 1319 619 1404 dicendum,
640 1320 731 1410 quod
752 1320 841 1387 istae
860 1320 1075 1388 conditiones
1090 1320 1217 1411 quibus

35 1427 135 1495 homo
160 1427 313 1496 efficitur
339 1427 565 1496 deordinatae
588 1449 609 1494 a
633 1427 873 1496 consecutione
898 1427 990 1510 linis,
1009 1429 1070 1494 enh
1094 1429 1217 1519 quibas

37 1539 242 1602 existentem
272 1536 363 1601 Deae
394 1558 466 1601 eum
496 1536 628 1602 ealonrn
658 1559 814 1602 essenon
839 1535 933 1616 cult,
959 1551 1038 1602 eant
1069 1559 1111 1602 ea
1141 1540 1216 1623 ipso

39 1644 187 1725 homine,
206 1659 239 1710 et
255 1643 329 1710 ideo
355 1658 460 1709 totum
484 1641 575 1734 qnod
597 1645 766 1734 sequitur,
783 1645 852 1710 eibi
876 1646 1068 1734 imputatur
1083 1643 1128 1710 ad
1152 1645 1217 1710 cnl-

37 1775 124 1834 pum.
144 1779 161 1814 r
183 1751 279 1820 Idem
304 1752 405 1843 plane
419 1751 518 1820 docet
535 1752 566 1820 1.
586 1775 620 1842 q.
640 1751 694 1820 19.
712 1773 746 1819 a.
766 1752 798 1819 6.
820 1781 837 1816 u
851 1751 973 1820 Iustus
997 1751 1102 1820 iudex
1120 1759 1216 1822 ante·

39 1858 203 1927 sedenter
232 1857 311 1926 vult
339 1880 468 1926 omnem
505 1857 675 1926 hominem
704 1858 845 1940 vivere,
879 1855 939 1926 sed
967 1865 1217 1950 consequenter

40 1967 117 2034 vult
141 1966 355 2036 homicidam
377 1967 554 2057 suspendi.
573 1966 746 2034 Similiter
769 1967 864 2034 Deus
887 1964 1120 2034 antecedenter
1136 1965 1217 2034 vult

42 2095 170 2144 omnem
196 2074 367 2142 hominem
401 2074 552 2160 salvari,
578 2074 637 2142 ssd
671 2089 908 2166 consequenter
940 2075 1020 2142 vult
1049 2075 1215 2166 quosdam
1269 2086 1275 2105 ⁸

41 2181 200 2250 damnari
216 2181 402 2250 secundum
420 2181 633 2271 exigentiam
659 2203 742 2250 suae
758 2181 931 2250 iustitiae.
949 2207 965 2244 r
983 2183 1072 2250 Puto
1087 2181 1216 2250 iudicis

43 2287 207 2356 voluntas
224 2288 455 2378 suspendendi
473 2288 644 2357 hominem
660 2296 715 2357 est
738 2297 987 2380 consequenter
1009 2289 1053 2356 ad
1077 2287 1215 2358 homici-

42 2395 145 2480 dium,
156 2420 229 2464 non
241 2405 357 2466 autem
370 2403 619 2486 consequenter
631 2396 675 2463 ad
687 2396 929 2464 necessitatem
939 2396 1216 2485 pulchritudinis

44 2501 254 2591 reipublicae
277 2503 375 2570 nullo
398 2501 513 2571 adhuc
536 2501 717 2592 supposito
732 2500 872 2571 delicto.
891 2503 949 2571 Ita
975 2525 1059 2592 ergo
1074 2525 1141 2570 non
1158 2525 1215 2570 ne-

45 2611 185 2678 cessitas
210 2609 459 2679 manifestandi
481 2609 656 2678 iustitiam
673 2617 754 2678 ante
777 2611 1048 2700 suppositionem
1066 2612 1211 2701 peccati,

45 2737 100 2784 neo
123 2717 356 2806 pulchritudo
372 2717 530 2785 universi
546 2717 673 2807 exigit,
692 2725 733 2786 ut
755 2718 851 2788 Deus
865 2741 933 2785 non
950 2717 1100 2786 omnium
1128 2717 1216 2785 velit

47 2823 202 2911 salutem;
222 2826 281 2894 sed
298 2826 540 2916 presupposito
555 2824 751 2916 aliquorum
767 2825 867 2894 finali
884 2831 1023 2914 peccato
1038 2819 1216 2914 exigentia

46 2934 200 3003 iustitiae
223 2939 295 3016 est,
322 2939 364 3000 ut
394 2931 433 2999 hi
456 2954 524 3000 non
555 2932 748 3001 salventur.
769 2931 945 3015 Quomodo
975 2945 1091 3002 autem
1124 2933 1216 3001 mals.

48 3041 174 3131 culpae,
202 3063 290 3134 quae
314 3063 396 3110 sane
419 3063 486 3108 non
512 3049 596 3109 sunt
618 3064 639 3108 a
662 3042 733 3110 Deo
758 3042 817 3109 sed
841 3043 884 3109 ab
914 3040 1070 3126 homine,
1096 3063 1117 3108 a
1143 3042 1216 3109 Deo

48 3147 250 3217 ordinentur
278 3148 322 3216 ad
338 3147 636 3238 pulchritudinem
665 3148 838 3230 universi,
865 3155 901 3216 et
926 3147 1003 3215 ideo
1028 3147 1121 3219 mala
1138 3168 1215 3238 poe-

49 3277 105 3324 nae
126 3283 188 3348 per
212 3255 368 3324 accidens
390 3257 572 3326 conterant
595 3255 639 3324 ad
662 3257 816 3341 eandem,
843 3256 1001 3328 declarat
1017 3255 1053 3324 S.
1066 3255 1217 3324 Thomas

52 3363 78 3430 l.
95 3391 126 3457 q.
141 3367 197 3434 19.
212 3388 245 3434 a.
263 3366 295 3434 9.
310 3365 390 3434 etl.
407 3365 490 3437 dist.
505 3365 561 3434 46.
578 3387 610 3433 a.
625 3365 658 3434 4.
674 3365 737 3452 (1).
763 3365 817 3433 Ex
844 3365 909 3434 hac
938 3387 1039 3455 porro
1065 3365 1212 3448 ratione,

52 3473 131 3561 quod
145 3474 241 3544 Deus
259 3477 366 3543 bonus
382 3474 487 3543 etiam
503 3473 545 3542 de
561 3473 663 3542 malis
679 3478 794 3564 potest
809 3474 895 3541 bona
911 3473 1036 3556 facere,
1063 3472 1216 3562 explicat

53 3577 79 3645 l.
97 3607 127 3672 q.
142 3582 198 3650 23.
217 3605 250 3651 a.
270 3585 303 3649 ὅ.
317 3581 362 3650 ad
374 3581 407 3649 3.
422 3588 502 3671 post
516 3581 771 3672 Augustinum,
787 3603 850 3648 cur
873 3579 967 3648 Deus
985 3579 1076 3647 mala
1092 3578 1214 3668 eulpae

54 3689 151 3772 possit
161 3687 376 3779 permittere,
390 3696 426 3757 et
437 3686 621 3756 voluntate
635 3699 853 3777 consequente
865 3685 1001 3778 aliquos
1014 3686 1212 3776 reprobare.

109 3795 236 3866 Eadem
261 3803 315 3865 est
336 3796 496 3865 doctrina
518 3794 799 3863 luculentissima
822 3795 915 3864 inter
939 3800 1070 3862 ceteros
1093 3793 1129 3860 S.
1149 3791 1213 3858 Bo-

56 3914 256 3974 uaventuree
271 3905 304 3972 1.
317 3904 401 3972 dist.
414 3904 471 3972 46.
486 3925 519 3971 a.
535 3903 568 3970 1.
584 3929 617 3995 q.
637 3902 669 3970 l.
689 3902 751 3969 ubi
771 3903 879 3972 citato
896 3903 1107 3970 Damascena
1124 3899 1214 3966 hanc

57 4011 160 4079 subdit
187 4011 468 4081 declarationem.
490 4009 698 4078 rVoluntas
736 4006 932 4075 antecedens
966 4013 1020 4075 est
1049 4006 1215 4074 voluntas

57 4121 309 4208 repressius,
335 4127 478 4210 propter
501 4117 591 4211 quod
615 4118 709 4186 Deus
732 4116 904 4183 hominem
929 4114 1026 4198 lecit,
1046 4121 1081 4182 et
1097 4119 1152 4181 est
1167 4113 1213 4182 ir·

117 4355 154 4431 (1)
171 4359 249 4414 Idem
272 4359 359 4412 habea
381 4357 495 4425 egregia
521 4355 695 4410 declaratum
719 4371 737 4406 a
759 4355 789 4408 S.
808 4354 948 4419 Prospero
969 4349 1004 4404 ad
1024 4352 1113 4418 copIt.
1136 4350 1212 4403 (tall.

63 4448 175 4511 “Ml
186 4466 215 4505 n.
226 4449 309 4504 x111.
322 4447 398 4521 (sive
418 4449 450 4502 iu
471 4441 616 4518 epitome).
