3280 5070
402 484 532 552 Araus.
555 505 632 552 oan.
653 479 709 551 23.
741 481 815 550 Iam
846 503 930 552 vero
960 482 1056 552 siout
1089 503 1194 574 penes
1228 504 1345 552 omnes
1379 481 1557 554 Gatboliuou

403 593 488 660 baeu
517 590 693 681 principie
721 597 818 661 eerta
843 615 883 662 ae
909 596 990 662 rata
1015 597 1100 660 sunt
1127 593 1165 657 in
1193 588 1314 658 ordine
1336 594 1555 658 marono:

403 699 458 768 ita
479 698 585 768 etiem
609 701 647 764 in
672 697 792 765 ordine
808 697 1143 789 praedestinationis
1164 699 1282 768 eodem
1305 698 1445 768 omnino
1462 698 1556 784 mode,

403 806 495 898 quod
511 805 641 898 aliquis
659 829 728 875 non
744 813 800 876 est
816 807 1100 896 praedestinatus
1122 813 1159 878 et
1181 807 1246 876 hoo
1264 808 1340 898 ipso
1355 807 1557 897 reprobatus,

403 914 507 1004 eulpa
529 921 584 982 est
606 913 768 1000 hominis;
795 914 886 1004 quod
909 913 1040 1008 aliquia
1062 922 1118 984 est
1138 915 1424 1006 praedestinatus
1442 914 1512 984 sive
1525 915 1560 984 od

404 1045 491 1114 opus
508 1021 665 1092 salutare
681 1021 756 1090 sive
772 1021 942 1112 eomplete
957 1022 1001 1092 ed
1016 1029 1127 1092 totam
1143 1023 1268 1093 esriem
1284 1023 1454 1092 donorum
1467 1045 1561 1114 usque

402 1129 447 1200 ed
471 1130 583 1200 vitam
606 1136 796 1216 aeternam,
821 1130 888 1198 Dei
910 1137 966 1198 eet
987 1130 1119 1220 gratie,
1144 1131 1206 1223 qui
1233 1130 1345 1200 nullis
1372 1130 1560 1221 praeoeder-

402 1238 499 1306 tibus
522 1237 659 1307 meritis
683 1237 781 1307 bouis
804 1237 864 1306 sed
887 1238 1175 1328 praeeedeutibus
1197 1239 1335 1308 meritis
1357 1239 1474 1324 malis,
1499 1245 1562 1306 tun

401 1345 549 1435 primam
572 1345 725 1434 gratiam
748 1351 824 1414 tum
847 1344 986 1435 gratias
1010 1346 1272 1438 subsequentes,
1291 1367 1380 1438 quas
1396 1345 1563 1437 praevidet

402 1453 661 1544 coniungendas
676 1475 754 1522 oum
777 1475 841 1520 suo
863 1453 994 1522 affeetu
1016 1451 1147 1522 liberae
1171 1454 1388 1544 operationis
1412 1453 1558 1538 bominis,

402 1567 478 1630 tum
494 1563 531 1629 in
547 1561 642 1631 hisee
665 1559 796 1650 gratiis
815 1583 978 1650 magnum
995 1561 1122 1630 donum
1138 1563 1434 1652 perseverentiae,
1451 1562 1560 1652 ipsam·

401 1692 467 1763 que
491 1669 601 1740 vitam
623 1675 800 1739 aeternam
816 1675 994 1760 tamquam
1011 1669 1164 1759 gretiam
1187 1692 1251 1760 pro
1273 1669 1396 1760 matis
1412 1669 1463 1758 (1)
1477 1689 1560 1759 prae·

402 1778 558 1847 destinet
579 1777 618 1845 in
641 1799 704 1846 sue
733 1777 985 1868 praeseientia:
1011 1799 1177 1868 reaper
1207 1777 1273 1848 hoo
1304 1777 1562 1870 praedestinatio

402 1883 468 1952 Dei
492 1883 614 1952 multia
638 1883 811 1970 (omnibus
834 1883 1122 1974 praedestinatis)
1144 1889 1200 1954 est
1222 1907 1329 1954 eausa
1352 1886 1489 1970 standi,
1514 1907 1560 1953 ne

401 1991 489 2059 mini
504 1997 559 2060 est
574 2013 680 2060 aenae
695 1990 864 2058 labendi»
883 1989 921 2058 S.
935 1991 1084 2082 Prosper
1101 1991 1146 2062 ad
1162 1990 1296 2064 Obieot.
1310 1993 1476 2064 Vineent.
1488 1991 1559 2060 XII.

362 2173 370 2180 ,
469 2098 570 2170 Siout
587 2099 624 2167 in
640 2099 761 2168 ordine
777 2099 1013 2170 exsecutionis
1029 2099 1218 2170 diffionltas
1233 2101 1362 2185 oritur,
1384 2129 1402 2166 a
1416 2108 1456 2171 nt
1470 2121 1559 2192 quau·
1625 2173 1626 2198 χ

400 2211 444 2280 do
467 2209 672 2279 defenditur
695 2209 844 2279 liberum
867 2209 1069 2296 arbitrium,
1087 2211 1211 2300 negari
1232 2212 1299 2280 Dei
1322 2211 1444 2301 gratia
1459 2209 1558 2280 video

401 2323 474 2404 tur;
494 2317 632 2410 quando
656 2323 772 2387 autem
795 2318 968 2387 asseritur
983 2319 1050 2388 Dei
1072 2318 1204 2408 gretia,
1221 2318 1372 2388 liberum
1387 2317 1558 2388 arbitrium

399 2431 544 2516 putetur
556 2425 718 2494 auferrin
734 2426 844 2516 (Aug.
856 2425 898 2496 de
909 2433 1004 2516 grat.
1014 2425 1150 2496 Christi
1161 2449 1191 2496 o.
1205 2427 1293 2513 42),
1304 2427 1426 2496 eadem
1440 2424 1558 2495 omnino

398 2537 454 2600 eat
485 2531 578 2601 ratio
609 2533 702 2602 inter
733 2533 1087 2623 praedestinationem
1114 2540 1150 2602 et
1181 2535 1382 2624 praevisum
1415 2533 1558 2604 meriton

401 2637 562 2708 liberum.
590 2638 692 2708 Siout
721 2663 805 2730 ergo
827 2640 866 2708 in
888 2639 1010 2711 ordine
1040 2641 1276 2710 exsecutionis
1306 2647 1421 2710 totum
1451 2643 1557 2710 bouun

400 2746 556 2816 salutare
580 2753 616 2816 et
638 2745 777 2814 nullum
801 2747 930 2816 melum
954 2748 1174 2818 referendum
1189 2753 1245 2817 est
1258 2747 1304 2816 ad
1319 2747 1386 2817 Dei
1410 2749 1556 2840 gratian,

399 2877 469 2924 nou
492 2855 545 2923 ita
571 2859 707 2938 tamen,
737 2859 779 2924 nt
805 2855 862 2924 vel
885 2854 952 2924 Dei
983 2854 1149 2926 voluntas
1179 2855 1387 2926 anteeedeus
1418 2854 1556 2924 omuibus

400 2962 507 3030 dandi
519 2961 672 3052 gratiam
685 2983 767 3031 vere
780 2961 1007 3032 suffloientem
1020 2962 1077 3032 vel
1089 2963 1240 3032 huminis
1253 2963 1403 3033 tollatur
1414 2963 1555 3032 libertae:

401 3070 480 3162 puri
495 3070 634 3138 omnino
650 3069 748 3138 modo
765 3070 939 3140 inordina
958 3069 1290 3160 praedestinationis
1313 3077 1429 3142 totum
1452 3071 1556 3138 bunun

401 3177 557 3248 salutare
572 3185 608 3248 et
623 3177 762 3247 nullum
784 3177 914 3248 malum
938 3181 1115 3248 referatur
1130 3185 1270 3270 oportet
1281 3179 1326 3250 ad
1339 3177 1554 3270 praedestine-

399 3283 528 3353 tiouem
552 3285 629 3370 Dei,
648 3309 716 3354 uon
731 3285 784 3355 ita
806 3292 935 3371 tamem
956 3291 998 3354 ut
1021 3285 1187 3356 voluutas
1203 3287 1269 3355 Dei
1285 3287 1486 3357 antecedens
1500 3280 1552 3352 sel·

400 3391 507 3460 vendi
531 3414 647 3460 omnes
671 3392 828 3462 homines
852 3393 909 3464 vel
932 3392 1083 3462 hominis
1098 3392 1246 3462 libertas
1262 3415 1323 3484 per
1338 3394 1487 3484 gratiam
1501 3387 1551 3458 nai

399 3499 605 3591 assequendi
618 3499 766 3570 salutem
779 3499 1551 3591 uegeturvelinalieuumsensumdetorquee·

399 3615 471 3677 tur.
487 3607 558 3691 Qui
569 3608 923 3698 praedestinationem
934 3609 1129 3678 detendunt
1139 3607 1334 3678 absolutam
1345 3617 1428 3679 aute
1440 3625 1549 3676 omnen

399 3715 653 3808 praevisionem
669 3739 811 3807 operum
835 3739 877 3784 ex
900 3723 1001 3808 parte
1032 3715 1231 3788 voluntatis
1257 3725 1407 3800 orestae,
1424 3713 1549 3807 priorem

401 3825 586 3895 veritatem
598 3825 671 3894 iere
686 3825 795 3893 solam
806 3847 889 3915 prae
902 3823 1014 3894 oeulis
1028 3825 1170 3910 babent,
1180 3831 1219 3894 et
1232 3847 1307 3894 eam
1322 3846 1405 3894 sane
1415 3815 1548 3892 laudabi-
1623 3881 1624 3888 ,

399 3933 485 4008 liter
495 3939 653 4020 tuentum
668 3939 707 4002 at
718 3931 923 4002 difficillime
935 3932 1082 4002 alteram
1094 3955 1173 4002 oum
1185 3931 1250 4002 ills
1263 3932 1375 4024 priori
1388 3926 1548 4001 eonoilierfl

400 4047 557 4130 possunt.
573 4039 688 4131 Caput
701 4047 887 4132 utrumque
900 4041 944 4110 ad
956 4041 1032 4132 ipsa
1043 4040 1271 4111 fundamenta
1282 4041 1434 4131 pertinet
1444 4030 1546 4106 doetri-

399 4167 463 4216 nae
475 4153 512 4216 et
524 4147 619 4218 vitae
636 4147 861 4233 christianae,
880 4153 956 4218 tum
979 4147 1116 4218 seilioet
1138 4147 1333 4218 omnimoda
1346 4138 1546 4239 dependenti

464 4379 506 4458 (1)
522 4383 623 4439 (tretia
642 4401 692 4453 pro
705 4385 803 4451 gratia
816 4391 885 4440 suut
896 4386 992 4440 onnia
1005 4385 1080 4441 dona
1098 4387 1335 4456 supernaturalia
1352 4385 1492 4455 tapsum
1506 4373 1542 4428 vel

398 4488 519 4542 repensa
538 4475 650 4530 neritia
671 4476 952 4544 supernaturalibus,
968 4491 1039 4544 quae
1053 4479 1083 4530 et
1095 4475 1159 4544 ipse
1172 4479 1241 4532 suut
1260 4481 1291 4530 et
1309 4475 1441 4531 dicutur
1457 4465 1540 4538 ,rsu-
