3292 5062
558 400 594 412 -
621 368 677 428 103
700 401 736 413 -

73 468 218 558 pellinna
239 469 399 537 sensibus
422 470 480 538 vel
503 494 570 540 nou
594 473 668 540 siue
692 473 863 556 sensibus,
890 494 912 538 a
935 473 1061 563 quibus
1086 472 1231 540 circum-

72 577 203 644 ferimur
225 585 262 644 et
284 578 321 646 in
345 601 495 646 errorem
519 579 720 648 inducimur
733 581 808 672 (qui
832 580 969 648 scilicet
988 579 1109 647 nullus
1125 587 1229 663 esset,

73 683 226 752 siretm
247 687 420 754 essentias
444 688 641 756 immediate
665 689 702 754 in
734 711 770 755 se
800 688 889 777 ipsis
919 688 1170 771 intueremur),
1196 692 1233 754 et

71 813 131 857 uon
151 815 327 881 possumus
350 795 445 862 nuda
461 801 573 864 mente
591 801 734 882 (natura
750 795 878 886 quippe
895 796 1082 885 composita
1099 799 1232 880 sumus)

70 899 161 966 undis
182 901 285 968 rebus
308 910 530 970 occurrentes
555 903 701 992 propius
725 903 887 971 accedere
909 903 954 972 ad
979 903 1178 986 veritatem,
1193 925 1233 970 ac

70 1017 200 1074 nauem
229 1008 420 1077 informare
452 1011 676 1099 conceptibus
692 1011 755 1097 (1).
777 1039 793 1073 n
814 1011 909 1080 Haec
944 1014 1058 1078 omnia
1093 1010 1233 1101 elinque

69 1113 176 1182 multis
199 1114 256 1182 bis
279 1117 419 1206 gemina
441 1118 478 1184 iu
501 1141 542 1186 ea
565 1118 721 1186 oratione
749 1119 914 1208 disputat
930 1118 966 1187 S.
986 1119 1102 1201 Pater,
1118 1126 1159 1185 ut
1175 1117 1233 1184 ad·

69 1242 180 1289 versus
202 1221 437 1291 Eunomianos
461 1223 685 1308 demonstret,
712 1247 779 1292 uon
806 1224 912 1292 aliam
945 1248 1007 1292 nos
1037 1223 1233 1291 naturalem

70 1327 105 1394 de
125 1328 190 1395 Deo
212 1331 444 1418 coguitionem
468 1330 596 1400 habere
619 1354 721 1422 quam
740 1331 949 1422 acquisitam
972 1353 1014 1398 ex
1039 1331 1233 1399 considera·

69 1434 151 1503 tione
173 1459 311 1526 opernm
329 1437 405 1520 Dei,
424 1437 601 1529 ipsamque
618 1439 867 1507 revelationem
885 1439 948 1506 Dei
966 1439 1007 1507 de
1024 1435 1059 1506 s'e
1073 1439 1148 1526 ipso
1165 1459 1233 1504 uon

71 1541 132 1608 uisi
151 1543 329 1632 analogice
352 1544 441 1612 ideis
463 1567 505 1613 ex
534 1549 707 1614 creaturis
742 1546 914 1614 derivatis
941 1545 1096 1634 intelligi
1126 1569 1146 1611 a
1176 1567 1234 1612 no-

72 1647 116 1714 bis
142 1671 260 1740 posse:
290 1653 484 1740 «quamvis
508 1654 600 1720 enim
624 1677 684 1742 per
708 1653 956 1722 revelationem
985 1652 1161 1720 elevemur
1190 1651 1234 1719 ad

71 1755 188 1848 aliquid
212 1760 486 1847 cognoscendum
511 1761 601 1852 quod
625 1761 715 1829 alias
739 1763 837 1829 nobis
853 1767 945 1829 esset
971 1759 1154 1848 ignotum,
1182 1759 1234 1825 in·

73 1863 139 1952 quit
162 1864 355 1934 S.Thornas
379 1868 431 1953 (in
446 1868 546 1937 Boet.
565 1868 605 1937 de
630 1869 730 1936 Trin.
749 1868 830 1937 leet.
849 1867 899 1935 II.
919 1892 952 1958 q.
971 1867 1004 1935 2.
1025 1889 1057 1935 a.
1077 1867 1148 1951 3.),
1167 1889 1235 1933 non

72 1975 170 2038 temen
200 1973 246 2040 ad
271 1973 348 2057 hoc,
374 1974 466 2065 quod
489 1975 561 2042 elio
585 1975 683 2042 modo
707 1997 954 2064 cognoscamus
976 1975 1046 2042 uisi
1074 1996 1135 2062 per
1160 1996 1234 2041 sen-

73 2076 187 2147 tlbllla.
203 2108 221 2142 n

126 2184 225 2256 Hunc
241 2187 462 2256 sensibilium
477 2194 514 2255 et
530 2188 824 2257 intellectualium
842 2189 1054 2278 cognitionis
1066 2188 1232 2272 ordinem,

74 2291 121 2357 eni
139 2303 267 2362 natura
289 2303 411 2363 nostra
435 2294 625 2383 composita
648 2294 684 2361 iu
709 2295 774 2363 hac
798 2294 875 2363 vita
892 2297 1021 2378 subest,
1044 2293 1234 2362 Tertullia-

74 2419 126 2464 nus
146 2399 253 2468 habet
277 2409 318 2470 ut
340 2401 574 2470 certissimum
599 2425 666 2468 uon
693 2401 803 2470 solum
828 2425 870 2470 ex
887 2401 1063 2471 sententia
1086 2401 1235 2490 philoso-

74 2503 201 2591 phorum
224 2509 286 2577 sed
310 2533 351 2578 ex
375 2510 452 2599 ipsa
474 2509 637 2600 Apostoli
662 2511 890 2594 auctoritate,
909 2533 1015 2602 eoque
1040 2510 1140 2578 velut
1157 2509 1235 2576 inn-

75 2612 215 2684 ianento
227 2618 360 2685 nititur
373 2619 416 2686 ad
429 2618 731 2688 demonstrandam
745 2619 943 2687 evidentius
957 2619 1128 2687 unitatem
1138 2622 1237 2685 natu·

75 2741 120 2788 rae
132 2722 293 2806 bominis,
309 2747 397 2815 quae
410 2725 620 2814 cognitionis
634 2725 819 2816 utriusque
837 2733 912 2792 tum
929 2724 1145 2793 sensibilium
1161 2731 1235 2791 tum

75 2825 349 2913 intellectualium
368 2832 561 2900 subiectum
578 2837 642 2899 est.
662 2831 874 2912 «Quomodo
900 2831 990 2898 enim
1014 2831 1236 2920 praeferatur

76 2939 173 3005 ausui
197 2937 415 3022 intellectae,
445 2963 467 3003 u
491 2963 556 3030 pcc
582 2939 797 3026 informatur
820 2937 866 3004 ad
889 2941 1115 3028 cognitionem
1149 2940 1235 3006 veri-

78 3045 191 3110 tatem?
207 3045 247 3114 Si
271 3046 363 3114 enim
387 3047 557 3114 veritates
570 3069 630 3135 per
643 3046 813 3134 imagines
837 3046 1145 3136 apprehenduntur
1161 3047 1186 3114 i.
1201 3069 1231 3116 a.

77 3145 257 3220 invisibilia
280 3174 342 3242 per
366 3153 526 3222 visibilia
549 3159 755 3238 noscuntur,
776 3154 858 3244 quia
875 3162 911 3222 et
926 3152 1120 3243 Apostolus
1135 3154 1235 3222 nobis

78 3259 194 3328 scribit:
212 3261 412 3328 invisibilia
433 3261 523 3329 enim
548 3261 624 3330 eius
640 3283 661 3327 a
676 3263 874 3330 conditione
893 3262 1011 3330 mnndi
1038 3263 1079 3330 de
1096 3263 1232 3331 factita-

78 3367 184 3434 nentis
206 3366 389 3435 intellecta
412 3367 651 3452 visuntur.;....
672 3367 814 3435 videtur
846 3367 1047 3436 intellectus
1071 3369 1156 3437 duee
1181 3369 1234 3436 uti

78 3493 164 3542 sensu
185 3483 328 3544 anctore
351 3481 388 3542 et
409 3474 598 3564 principali
622 3475 861 3558 fundamento,
880 3499 943 3544 neo
960 3475 1034 3543 sine
1057 3475 1120 3543 illo
1144 3475 1235 3543 veri·

79 3585 156 3648 tates
177 3603 274 3670 posse
299 3579 469 3670 contingi,
492 3581 657 3672 quomodo
673 3604 756 3671 ergo
776 3584 890 3671 potior
905 3585 975 3652 erit
991 3607 1041 3667 eo,
1058 3606 1120 3672 per
1136 3606 1235 3674 quem

78 3695 131 3770 est,
155 3712 218 3780 quo
241 3697 334 3778 eget,
360 3689 418 3757 cui
442 3689 544 3758 debet
565 3696 679 3758 totum
703 3693 793 3781 quod
829 3691 1002 3781 attingit?
1034 3700 1135 3759 nete.
1155 3691 1179 3757 l.
1200 3715 1230 3758 o.

131 3795 328 3864 Doctrinam
351 3795 493 3864 eandem
516 3795 650 3884 pariter
673 3819 714 3864 ex
738 3797 937 3866 testimonio
953 3797 1112 3887 Apostoli
1129 3797 1235 3864 dedu·

80 3900 119 3968 cit
127 3900 289 3991 Origenes
306 3911 418 3970 contr.
437 3900 574 3970 Celsum
591 3903 674 3972 VII.
693 3927 727 3970 n.
750 3902 805 3970 37.
820 3903 873 3970 Ex
891 3904 965 3971 illis
983 3904 1085 3972 Pauli
1103 3903 1232 3988 verbis,

80 4007 130 4090 ait,
149 4039 163 4072 a
181 4011 269 4078 scire
292 4010 389 4093 licet,
415 4011 577 4100 quamvis
600 4009 636 4076 iu
661 4011 727 4078 hac
751 4011 826 4077 vita
851 4016 1007 4100 oporteat
1035 4009 1190 4077 homines
1215 4032 1236 4077 a

81 4115 217 4184 sensibus
238 4116 392 4207 incipere
409 4139 449 4184 ac
467 4115 704 4202 sensibilibus,
724 4124 766 4184 ut
781 4117 860 4186 inde
877 4119 921 4187 ad
939 4116 1233 4186 intellectualium

132 4353 169 4426 (l)
187 4359 237 4412 Ket
256 4355 303 4413 c'ne
322 4345 421 4429 ἔχομέν
439 4377 529 4428 panop
546 4377 579 4427 'ep
592 4379 628 4413 ror
641 4378 752 4432 ’γυμνοις
768 4379 823 4422 τοις
843 4379 1001 4432 πραγμασιν
1025 4355 1234 4429 ἔντυγχανοντις

83 4448 171 4506 mor
191 4466 215 4498 rr
238 4467 376 4518 spuerem
398 4465 431 4518 sp
449 4442 629 4514 dissecentur
649 4466 693 4500 τον
713 4466 770 4500 eoos
792 4445 943 4502 roucncSou
957 4467 1015 4508 ταις
1036 4443 1235 4514 cacainbocte.
