3394 5056
926 325 964 342 ..
985 295 1026 355 72
1046 327 1084 342 -

413 423 456 468 ex
478 400 679 470 hominibus
700 399 760 468 sed
783 423 826 470 ex
848 399 921 469 Deo
944 409 1009 469 est.
1034 399 1070 468 4⁰
1084 399 1128 468 In
1143 403 1310 468 contextu
1326 397 1604 490 proximosiout

412 507 643 598 cogitationes
666 513 872 578 accusantes
894 508 1098 576 referuntur
1114 505 1309 574 adrentum
1334 527 1460 595 poenae
1476 511 1600 574 aeter·

411 639 489 700 nae,
500 617 552 684 ita
575 616 805 706 cogitationes
820 615 1044 684 defendentes
1059 616 1096 683 in
1113 614 1181 699 die,
1199 638 1278 683 cum
1293 613 1464 682 iudicabit
1478 611 1597 698 Deus,

410 726 617 792 referuntur
639 723 683 790 ad
707 745 811 812 opera
837 723 1017 792 meritoria
1040 724 1136 791 vitae
1158 731 1330 790 aeternae.
1359 721 1472 814 Atqui
1502 721 1600 790 haec

411 832 527 898 omnia
556 830 641 898 solis
672 838 872 920 competunt
906 829 1081 899 fidelibus.
1105 829 1203 920 Ergo
1226 838 1349 920 gentes
1372 828 1592 898 vv.14.15.

410 939 567 1029 intelligi
590 961 659 1008 non
682 947 830 1029 possunt
851 938 923 1007 nisi
946 938 1078 1008 fideles.
1096 937 1288 1027 Responsio
1310 937 1355 1006 ad
1370 936 1455 1006 haec
1470 959 1514 1004 ex
1531 935 1597 1004 de·

410 1047 602 1116 claratione
626 1054 823 1131 contextus,
849 1068 951 1140 quam
978 1045 1136 1116 dedimus
1159 1046 1196 1114 in
1219 1045 1312 1116 thesi
1334 1044 1592 1128 antecedente,

409 1154 448 1222 in
470 1163 633 1246 promptu
656 1161 723 1224 est.

475 1263 533 1331 Ad
556 1262 622 1330 1¹³:
636 1263 775 1332 etiamsi
797 1284 919 1330 verum
949 1268 1054 1346 esset,
1080 1259 1231 1330 Paulum
1253 1261 1290 1329 h.
1304 1260 1330 1328 l.
1349 1259 1594 1329 commendare

408 1377 531 1460 gentes
553 1371 597 1438 ab
621 1369 862 1438 observatione
892 1370 1001 1460 legis3
1027 1392 1126 1439 nemo
1157 1376 1271 1438 tamen
1302 1368 1418 1453 dicet,
1443 1367 1592 1436 laudari

408 1498 524 1546 omnes
546 1477 604 1546 vel
627 1477 791 1546 maiorem
813 1485 945 1566 partem
970 1475 1148 1545 homiuum
1171 1477 1266 1545 inter
1285 1485 1419 1566 gentes,
1445 1475 1504 1544 val
1527 1497 1592 1543 eos

408 1585 469 1677 qui
493 1584 724 1652 commendari
748 1593 1011 1674 supponuntur,
1038 1583 1178 1652 laudari
1201 1584 1243 1652 de
1266 1583 1377 1651 totius
1399 1581 1492 1672 legis
1514 1603 1589 1649 mo·

406 1692 494 1760 ralis
518 1691 772 1759 observatione:
790 1691 880 1759 unde
902 1691 968 1759 tali
984 1691 1089 1760 etiam
1108 1690 1400 1760 commendatione
1415 1688 1585 1773 admissa,

404 1821 474 1866 non
498 1799 575 1866 ideo
605 1805 782 1886 negantur
813 1799 1025 1888 gravissima
1055 1799 1186 1868 scelera
1216 1797 1310 1866 inter
1344 1805 1465 1888 gentes
1499 1796 1589 1865 aliis

405 1905 493 1976 locis
516 1907 559 1972 ab
582 1906 751 1996 Apostclo
773 1907 950 1976 damnata.
969 1908 1020 1976 At
1042 1907 1198 1998 inspecto
1214 1913 1379 1976 contextu
1395 1927 1437 1973 ne
1453 1905 1490 1972 id
1505 1905 1587 1996 qui·

405 2011 480 2080 dem
506 2035 628 2080 verum
651 2019 717 2097 est,
736 2036 877 2104 scopum
900 2014 1004 2082 Pauli
1026 2037 1101 2084 esse
1133 2015 1228 2082 hisce
1259 2013 1394 2082 duobus
1425 2012 1586 2080 versicu-

403 2118 451 2187 lis
476 2119 529 2188 14.
543 2129 579 2188 ct
602 2119 812 2189 15.laudare
836 2129 958 2210 gentes
981 2123 1023 2189 ob
1046 2121 1138 2211 legis
1153 2121 1440 2206 observationem
1458 2141 1586 2208 scopus

404 2229 494 2293 enim
518 2225 621 2294 unice
643 2234 698 2296 est
721 2229 900 2298 ostendere
924 2237 1048 2320 gentes
1071 2253 1139 2298 non
1162 2253 1214 2313 eo,
1234 2228 1325 2322 quod
1349 2229 1461 2319 legem
1483 2249 1584 2296 reve·

403 2331 513 2401 latam
537 2356 605 2400 non
629 2333 769 2420 habent,
795 2359 869 2406 esse
893 2339 1031 2406 omniuo
1057 2338 1215 2428 exleges;
1242 2338 1302 2406 sed
1331 2339 1425 2406 sicut
1457 2335 1584 2405 Iudaei

403 2440 584 2509 iudicandi
608 2451 691 2511 sunt
714 2445 900 2513 secundum
924 2445 1047 2536 legem,
1074 2467 1177 2540 qnam
1207 2469 1275 2514 non
1305 2445 1417 2514 solum
1447 2443 1583 2512 lumine

404 2549 552 2616 rationis
575 2549 634 2618 sed
657 2551 763 2618 ctiam
787 2555 892 2621 verbo
915 2553 981 2622 Dei
1004 2555 1263 2624 manifestatam
1280 2553 1433 2622 habent:
1458 2553 1511 2620 ita
1527 2553 1584 2620 ait

348 2713 349 2717 ,
404 2660 440 2720 et
455 2662 576 2741 gentes
600 2654 726 2724 habere
742 2656 853 2746 legem
869 2659 1001 2728 lumine
1017 2659 1168 2728 rationis
1185 2657 1459 2740 manifestatam,
1475 2663 1513 2724 et
1529 2678 1582 2725 se-

403 2761 553 2830 cundum
576 2761 665 2832 hanc
689 2765 896 2835 iudicandas
910 2790 997 2836 esse.
1011 2768 1112 2838 Hane
1127 2775 1245 2836 autem
1262 2765 1580 2835 manifestationem

401 2865 493 2957 legis
509 2870 636 2938 factam
654 2872 820 2960 gentibus
836 2873 1053 2943 demonstrat
1067 2875 1258 2966 Apostolus
1275 2873 1338 2942 hoo
1354 2883 1578 2962 argumento:

403 2977 434 3044 si
458 2977 594 3067 quando
617 2979 754 3048 faciunt
776 2981 896 3074 aliqua
930 3005 1018 3072 quae
1048 2984 1085 3051 in
1115 2983 1193 3072 lege
1223 2983 1511 3073 praecipiuntur,
1536 3002 1580 3049 aa

402 3082 539 3151 faciunt
561 3083 801 3174 intelligentes
824 3095 860 3156 et
883 3089 1073 3158 sentientes
1096 3111 1194 3157 suam
1218 3089 1479 3179 obligationem
1499 3111 1578 3156 curn

403 3211 484 3258 vero
507 3189 597 3259 hanc
620 3215 825 3284 cognoscere
857 3197 1093 3285 nonpossint
1122 3220 1165 3265 ex
1195 3197 1429 3283 revelatione,
1457 3204 1579 3286 utpote

401 3315 489 3387 quae
505 3295 555 3364 eis
572 3299 667 3366 facta
682 3322 750 3367 non
767 3307 832 3383 est,
851 3301 911 3370 sed
928 3301 1039 3371 solum
1057 3325 1100 3371 ex
1117 3303 1282 3371 rationali
1300 3315 1429 3372 natura
1444 3305 1478 3388 (a
1497 3326 1578 3371 cum

400 3400 492 3469 enim
515 3411 636 3491 gentes
659 3427 747 3496 quae
776 3405 887 3496 legem
917 3430 985 3476 non
1015 3408 1155 3494 habent,
1180 3411 1394 3479 naturaliter
1417 3415 1577 3498 (natura)

401 3507 538 3578 faciunt
559 3532 612 3594 ea,
638 3533 724 3602 quae
747 3512 838 3602 legis
854 3523 937 3583 sunt
955 3521 1001 3601 n),
1020 3515 1097 3606 ipsa
1112 3517 1177 3584 illa
1194 3517 1438 3610 qualicumque
1460 3519 1576 3586 obser·

399 3616 541 3684 vatione
574 3617 665 3706 legis
697 3621 892 3690 formaliter
926 3629 968 3692 ut
998 3623 1112 3713 legis,
1139 3627 1329 3695 ostendunt
1352 3651 1435 3714 opus
1460 3627 1573 3718 lepis,

399 3721 481 3790 dum
505 3723 611 3812 legem
636 3726 747 3814 ipsam
781 3730 948 3818 scriptam
978 3755 1046 3798 non
1078 3732 1207 3801 habent
1236 3733 1273 3801 in
1305 3734 1461 3818 tabulis,
1489 3735 1575 3804 scri-

397 3835 497 3920 ptum
529 3855 564 3900 se
594 3832 720 3903 habere
737 3837 773 3902 in
790 3837 952 3904 cordibus
976 3839 1062 3923 suis,
1088 3849 1124 3908 et
1146 3841 1216 3930 ipsi
1240 3841 1308 3910 sibi
1324 3865 1388 3908 sua
1405 3843 1573 3911 rationali

398 3943 526 4004 natura
542 3939 708 4028 suntle13
726 3943 816 4034 quod
841 3943 1008 4035 quomodo
1030 3945 1300 4036 intelligendum
1323 3949 1382 4034 sit,
1408 3951 1574 4040 superius

398 4041 666 4116 declaravimus.

462 4150 520 4218 Ad
532 4151 585 4218 2⁰²
598 4163 633 4221 et
641 4153 694 4220 3„
706 4179 885 4246 negamus,
900 4157 937 4226 in
951 4161 1165 4250 oppositione
1178 4147 1340 4233 intereos
1357 4163 1418 4256 qui
1440 4163 1574 4236 habent

397 4255 520 4346 legem,
535 4269 571 4327 et
586 4259 679 4330 iuter
695 4273 816 4352 gentes
840 4289 927 4358 quae
951 4267 1062 4356 legem
1087 4292 1154 4337 uon
1178 4269 1346 4340 habentes
1368 4279 1500 4340 natura
1520 4275 1572 4342 fa-

397 4363 497 4434 ciunt
526 4389 567 4435 ea
598 4391 686 4460 quae
716 4370 807 4462 legis
834 4383 937 4460 eunt,
971 4397 1108 4445 aeneum
1136 4379 1282 4448 eundem
1308 4401 1406 4466 asae,
1432 4379 1495 4472 qui
1517 4387 1574 4450 est
