3394 5056
619 387 657 400 ..
679 356 717 415 61
741 387 779 402 ..

124 483 249 532 rursum
272 460 507 552 (Apostolus),
522 461 612 553 quod
636 462 731 530 Dens
755 461 842 531 fecit
865 461 1037 532 hominem
1060 460 1288 528 sufficientem

125 564 273 660 (irrupit)
300 570 345 638 ad
369 568 537 639 veritatis
567 569 770 640 electionem
793 573 830 638 et
853 569 936 639 vitii
960 570 1126 658 fugam...
1145 568 1222 638 Non
1245 589 1288 636 ex

122 676 189 766 lege
209 677 379 767 (positive
402 699 506 768 quern
529 699 597 745 non
620 679 749 765 novit),
776 678 835 747 sed
860 701 902 745 en
933 677 1155 744 notrcrolibm
1179 678 1287 744 ratio·

124 787 214 852 ciniis
235 785 320 852 rolin
335 785 591 854 condemnatur.
611 813 627 848 n
648 787 898 871 Theodoretus,
917 785 1157 870 Oecumenius,
1178 785 1287 854 Theo·

125 889 298 981 phyloctus
321 915 415 964 more
438 916 502 963 suo
524 893 811 983 chrysostomum
828 901 1035 986 sequuntur.
1055 894 1099 962 In
1115 893 1214 962 Rom.
1233 893 1282 961 II.

127 999 232 1068 12-15.
247 1006 502 1072 commentatur
515 1001 816 1094 Theophylactus:
830 1003 982 1072 «Graeci
994 1004 1069 1072 sine
1080 1003 1159 1092 lege
1171 1025 1287 1093 pecce-

127 1113 247 1193 rerunt,
265 1109 332 1178 hoc
359 1114 414 1178 est
443 1111 518 1174 cine
548 1112 774 1176 inctructione
808 1134 896 1201 quoe
918 1135 941 1176 a
965 1111 1039 1200 lepe
1073 1123 1180 1179 esu...
1199 1132 1287 1201 ques

127 1216 201 1306 legis
222 1223 305 1286 sunt
327 1218 467 1287 faciunt
489 1219 715 1304 naturaliter,
735 1218 799 1287 hoc
822 1224 876 1288 est
897 1217 1057 1308 persuasi
1090 1218 1287 1284 rationibus

127 1349 199 1418 quoe
219 1351 241 1393 o
263 1341 395 1394 notura
420 1343 501 1395 enne
528 1325 600 1414 (τοις
627 1323 659 1392 ἐκ
676 1349 791 1418 pucros
813 1319 1026 1416 λογισμοις)...
1044 1349 1112 1394 non
1129 1326 1287 1394 litteram

128 1435 175 1504 sed
196 1457 296 1526 opere
318 1437 382 1524 (id,
410 1438 501 1528 quod
524 1437 582 1506 lex
607 1437 718 1521 iubet)
742 1435 905 1506 cordibus
929 1437 1003 1504 suis
1025 1433 1284 1524 insculpentes,

126 1551 214 1635 etque
235 1547 478 1612 enutrientium
501 1559 534 1612 ct
556 1545 733 1612 naturales
756 1545 983 1633 copientioncr
1012 1544 1106 1632 lepis·
1132 1543 1202 1608 loco
1228 1543 1286 1608 lm-

126 1654 221 1720 lenem
253 1654 298 1722 nd
328 1653 567 1725 testimonium
596 1655 676 1723 boni
706 1677 746 1722 eo
776 1653 925 1722 honesti.
947 1679 964 1715 n
990 1651 1150 1742 Oyrillus
1180 1650 1284 1719 Alex.

123 1766 233 1847 (contr.
251 1761 383 1831 Iulian.
402 1761 428 1830 l.
448 1761 517 1830 ΠΙ.
536 1762 578 1830 Τ.
593 1763 658 1832 VI.
676 1787 711 1852 p.
731 1761 826 1848 108.)
842 1761 976 1830 Iuliani
991 1765 1172 1852 apostatae
1196 1760 1286 1828 obie-

124 1869 267 1954 ctionem,
289 1869 380 1960 quod
404 1869 500 1938 Deus
515 1868 795 1940 Christianorum
819 1868 953 1938 nullam
969 1869 1141 1960 quendem
1158 1867 1285 1935 habue-

123 1975 165 2044 rit
184 1975 438 2065 providentiem
461 1997 547 2065 erge
570 1981 704 2066 gentes,
730 1975 871 2066 repellit
894 1975 959 2045 hoc
982 1975 1098 2044 eodem
1114 1973 1219 2042 Peuli
1235 1978 1284 2042 te·
1371 1993 1373 1998 ’

121 2083 281 2155 numenio:
303 2112 320 2147 a
336 2083 425 2152 Num
443 2089 479 2152 et
495 2083 653 2174 gentium
677 2105 713 2154 se
736 2083 846 2152 Deum
863 2105 948 2168 esse,
969 2083 1141 2173 perleges
1158 2083 1286 2150 insitos

124 2187 178 2276 (dn
199 2213 254 2256 των
272 2188 405 2282 ippum-a
421 2189 525 2278 νομων)
546 2190 748 2282 plenissime
771 2191 1067 2280 comprobavit...
1082 2187 1122 2256 Si
1140 2189 1284 2257 Iudeeo-

120 2321 187 2366 rum
207 2303 347 2367 tentum
369 2299 465 2366 Deus
481 2305 573 2368 esset
590 2303 626 2367 et
642 2303 790 2384 creator,
808 2320 876 2366 non
892 2297 998 2366 etiem
1014 2296 1185 2386 gentium3
1205 2319 1286 2386 quo-

119 2405 206 2474 modo
227 2407 291 2499 qui
313 2405 427 2496 legem
446 2428 517 2474 non
540 2406 688 2490 hebent,
708 2405 775 2473 sibi
800 2407 887 2496 ipsis
915 2411 1032 2474 essent
1046 2404 1103 2472 lex
1122 2428 1156 2470 eo
1172 2426 1285 2492 perce·

118 2517 236 2582 simron
250 2517 373 2581 insitis
385 2513 707 2582 manuductionibus
722 2509 869 2604 (ἐμφυτεις
882 2503 1285 2602 nnrdnycytnrr)?Netura

119 2623 197 2688 enim
209 2623 341 2689 virtute
350 2625 499 2712 proprisi
513 2618 712 2710 (ἀυτοματως)
731 2623 782 2710 (1)
795 2621 895 2692 dives
907 2626 961 2691 est
970 2623 1165 2711 coqnitione
1177 2623 1286 2687 omnio

119 2729 190 2796 loni
217 2728 316 2816 (boni
346 2729 469 2822 utique
502 2730 702 2816 netnrelis,
720 2738 756 2800 et
780 2733 938 2820 spectate
971 2729 1107 2798 virtute
1134 2727 1285 2817 physice

118 2841 254 2906 neturce
276 2859 341 2926 per·
364 2843 428 2924 se),
446 2836 512 2908 hoc
535 2859 671 2930 qnoque
694 2838 864 2907 creatoris
886 2837 1033 2906 nutibus
1050 2843 1279 2904 consecuta.»

118 2943 281 3013 Addimus
303 2945 342 3014 S.
360 2946 534 3015 Basiliam
557 2945 648 3014 hom.
668 2947 733 3015 IX.
753 2947 791 3015 in
814 2945 1041 3016 hexaemeron
1063 2967 1100 3012 n.
1118 2943 1152 3012 3.
1171 2945 1205 3028 4,
1223 2944 1283 3035 qui

119 3051 192 3122 licet
213 3053 264 3122 ibi
288 3075 357 3122 non
381 3054 533 3144 explicet
554 3060 689 3124 textum
713 3053 806 3124 hunc
822 3052 1064 3144 apostolicum,
1082 3074 1154 3120 rem
1167 3059 1284 3118 tamen

119 3162 230 3249 ipsam,
248 3162 292 3232 de
316 3183 386 3254 qna
407 3163 629 3252 potissimum
645 3185 737 3232 nunc
753 3163 949 3254 quaeritur,
970 3155 1284 3230 clarissimetnun·

119 3269 189 3338 titt.
208 3269 309 3338 Inter
325 3292 455 3359 peuces
471 3269 562 3338 enim
577 3270 690 3338 lineus
706 3275 831 3362 quater
846 3270 990 3358 repetit:
1010 3269 1108 3338 sicut
1126 3268 1285 3336 eversari

121 3375 238 3444 melum
249 3375 450 3466 physicum,
464 3377 515 3444 ite
526 3375 631 3444 etiam
645 3399 849 3466 cognoscere
862 3377 986 3445 bonum
996 3375 1168 3445 etmelum
1177 3397 1285 3442 more·

121 3482 157 3569 le,
166 3484 255 3554 illud
267 3485 414 3584 probare
426 3484 491 3555 hoc
507 3483 701 3574 improbare
714 3485 751 3553 in
766 3491 930 3576 promptu
941 3485 1041 3554 nobis
1052 3491 1107 3554 est
1121 3513 1138 3548 a
1152 3507 1195 3550 en
1208 3486 1286 3572 ipre

121 3608 250 3674 notura,
262 3615 382 3659 nonem
394 3591 593 3660 doctrinam
606 3593 877 3659 institutionccb
887 3593 1078 3659 hominibus
1088 3589 1236 3670 tradiro;
1245 3613 1286 3654 cnr

122 3701 183 3790 iope
197 3716 359 3782 naturae,
376 3725 478 3792 qnam
496 3725 563 3768 non
580 3725 662 3791 opus
679 3714 728 3766 eet
750 3700 890 3782 discere·
906 3703 997 3768 citro
1013 3699 1237 3788 disciplinam
1253 3709 1286 3762 et

123 3807 301 3877 doctrinam
318 3801 384 3898 (ion
399 3803 431 3872 ἐκ
443 3803 644 3882 diducuntur,
658 3807 835 3900 ἀνθρωπῶν.
852 3805 919 3872 ἀλλ’
934 3803 964 3883 ἐξ
978 3804 1071 3880 ἀυτῆς
1085 3830 1138 3880 της
1154 3829 1281 3899 procur.

124 3909 263 4004 ι’ὄιδακτῳ
280 3939 334 3989 της
353 3937 469 4007 putrer
491 3939 580 4002 νσμῳ.
609 3909 771 3989 eiicientur
787 3911 920 3990 ἔκκλισις
948 3938 999 3982 τευ
1025 3912 1149 4003 κακου);
1169 3938 1284 4008 quem·

173 4096 213 4170 (1)
229 4097 396 4169 ‘irreperet
415 4097 534 4164 dicitnr,
551 4097 626 4166 quod
646 4114 703 4152 non
718 4097 835 4152 aliunde
854 4101 993 4165 movetur,
1007 4097 1057 4151 sed
1075 4113 1109 4150 ex
1127 4097 1286 4150 intrinsece
1408 4131 1410 4134 -

126 4190 225 4255 propria
243 4189 372 4254 virtute,
391 4188 436 4241 its
455 4188 566 4242 fructus
586 4193 687 4256 sponte
713 4193 862 4244 nascentes
883 4189 991 4255 absque
1010 4189 1125 4241 culture
1153 4185 1286 4240 adhibite

129 4272 246 4332 (lirum
254 4274 409 4346 α’·ιτοματοι
422 4276 498 4344 apud
510 4277 598 4331 Lxx.
610 4279 680 4332 Les.
689 4279 778 4332 XXV.
788 4277 845 4344 5.9;
857 4279 884 4330 4.
896 4277 967 4342 Res.
978 4277 1104 4330 Xlxdt.
1118 4275 1148 4328 S.
1157 4273 1285 4327 Basilius

131 4360 191 4422 lcu-
201 4369 250 4424 IX.
265 4369 298 4425 in
313 4368 444 4424 heroem.
457 4381 488 4420 n.
500 4367 529 4422 4.
547 4367 630 4422 illurn
647 4368 817 4424 instinctum
830 4383 885 4434 quo
902 4366 1027 4422 dolorem
1046 4377 1221 4429 aversemur,
1236 4377 1284 4433 ap-

130 4453 205 4516 milet
220 4457 378 4529 <irreperet
398 4455 550 4523 irridentur,
