3360 5060
609 405 646 419 ..
668 373 727 433 703
749 404 786 416 -

106 479 187 548 dem
210 479 251 547 de
275 478 590 566 praedestinatione
614 483 693 567 post
708 477 870 566 praevisa
886 477 1012 546 merite
1027 477 1207 566 explicant
1224 478 1282 546 Se·

105 584 231 654 dulius
255 585 292 652 in
319 586 563 655 commentario
585 585 692 671 (Bibl.
711 584 803 652 Max.
823 585 891 652 ΡΡ.
911 585 1020 652 T.VI.
1039 609 1073 674 p.
1091 584 1199 670 ele),
1218 586 1283 654 Re·

105 691 241 780 migius
263 691 601 776 (Altisiodorensisl)
625 691 725 777 (ibid.
737 691 778 758 Τ.
792 690 895 760 VHI.
910 715 945 780 p.
957 690 1067 776 elz).

175 797 384 866 Accedimus
401 799 445 867 ad
458 803 595 868 textum
611 801 737 889 ipsum,
751 805 788 867 et
801 800 949 888 primum
967 799 1106 890 quidem
1124 799 1286 889 singulas

104 905 304 974 locutiones
327 906 368 974 de
392 907 518 998 quibus
543 915 656 997 potest
679 907 766 975 eriri
789 906 975 990 dubitatio,
1001 907 1124 976 deinde
1148 929 1286 975 sensum

104 1015 221 1084 totius
245 1035 407 1102 περικοπης
432 1013 610 1084 declarare
634 1011 862 1082 studebimus.

177 1127 213 1207 a)
238 1119 437 1190 Declaratio
460 1120 680 1210 singularum
704 1119 965 1188 sententiarum.
996 1121 1083 1200 «Qui
1106 1117 1285 1186 secundam

102 1229 321 1316 propositum
333 1228 445 1293 uocati
459 1240 540 1292 runt
555 1227 703 1292 euecti.»
730 1224 773 1292 In
785 1229 887 1292 textu
900 1245 1024 1312 graeco
1039 1245 1159 1293 nomen
1174 1227 1286 1291 saneti

105 1357 179 1402 non
202 1341 331 1418 exstat,
348 1333 482 1422 legitur
497 1354 579 1401 vero
596 1332 632 1399 in
649 1331 807 1421 Vulgata
826 1336 863 1399 et
877 1354 980 1420 penes
996 1329 1133 1422 aliquot
1149 1330 1216 1398 ΡΡ.
1231 1330 1282 1398 la·

107 1441 226 1524 tinos;
252 1461 374 1528 graece
397 1447 452 1507 est
473 1463 531 1510 τοις
561 1461 640 1504 κατα
669 1439 813 1530 προθεσιν
836 1435 955 1510 alnum
980 1439 1070 1502 ὸυσιν.
1099 1436 1220 1504 Sancti
1243 1437 1280 1505 in

108 1547 214 1616 libris
230 1548 274 1616 N.
286 1547 328 1615 Τ.
342 1555 426 1614 sunt
442 1547 511 1636 ipsi
528 1545 744 1633 Christiani;
763 1546 915 1636 adeoque
934 1568 1055 1614 sensus
1071 1544 1134 1614 illo
1149 1544 1284 1612 nomine

110 1654 233 1723 addito
256 1654 312 1722 vel
336 1654 472 1742 dempto
496 1677 561 1722 non
588 1660 758 1721 mutatur.

181 1762 401 1849 Propositum
428 1756 595 1850 (cpodscu)
622 1763 664 1830 de
686 1761 758 1828 Deo
775 1761 812 1828 in
827 1761 872 1830 N.
885 1760 926 1828 Τ.
946 1759 1168 1851 praedicatur
1184 1757 1283 1850 quin·

110 1869 224 1960 quies,
243 1891 362 1957 nempe
379 1869 413 1939 h.
429 1868 470 1955 l.;
489 1869 587 1937 Rom.
602 1869 667 1937 IX.
681 1868 735 1953 11;
751 1867 843 1957 Eph.
864 1866 893 1935 I.
914 1865 968 1953 11;
987 1866 1056 1936 III.
1072 1865 1126 1953 11;
1144 1865 1177 1934 2.
1191 1865 1282 1934 Tim.

112 1976 145 2043 I.
164 1975 205 2059 9,
236 1977 363 2067 quibus
386 1978 424 2044 in
446 1976 533 2045 locis
556 1975 714 2044 omnibns
736 1969 958 2063 significatur
980 1975 1046 2044 Dei
1073 1972 1287 2064 propositum

109 2089 147 2150 et
171 2081 347 2168 voluntas,
374 2091 478 2173 prout
501 2085 543 2152 ab
559 2089 700 2152 aeterno
717 2083 871 2151 refertur
887 2083 930 2150 ab
947 2082 1149 2151 beneficium
1165 2103 1284 2171 super·

110 2189 275 2259 naturale
298 2191 426 2260 effectu
450 2192 525 2281 ipso
549 2192 794 2260 conferendum
818 2193 855 2258 in
879 2197 1049 2279 tempore3
1075 2191 1286 2281 proindeque

110 2297 382 2386 adsignificatur
398 2299 543 2366 effectus
556 2319 676 2386 reapse
689 2299 847 2380 futurus,
862 2304 897 2364 et
908 2296 1110 2365 excluditur
1123 2295 1285 2364 meritum

110 2403 276 2473 naturale
298 2412 362 2473 aut
383 2405 440 2473 ius
456 2405 645 2473 humanum
660 2403 706 2472 ad
722 2404 836 2494 ipsum
862 2404 1075 2472 beneficium.
1095 2401 1193 2470 Unde
1204 2424 1285 2490 pro-

110 2513 260 2600 positam
282 2533 351 2579 non
368 2517 422 2579 est
438 2511 602 2580 voluntas
622 2510 826 2579 antecedens
843 2509 1098 2594 conditionate3
1125 2507 1184 2576 sed
1201 2529 1285 2574 sem·

111 2641 174 2710 per
196 2627 251 2688 est
275 2619 439 2688 voluntas
463 2620 634 2704 absoluta,
655 2640 742 2710 quae
759 2619 818 2686 ubi
835 2618 878 2686 ed
894 2617 1021 2686 liberos
1045 2621 1285 2685 creaturarum

111 2731 214 2795 actus
237 2726 403 2808 refertur,
428 2726 695 2815 praescientiam
718 2725 870 2794 includit
894 2724 960 2812 (th.
979 2724 1104 2809 LVI.).

177 2831 285 2900 Porro
308 2835 420 2898 vocati
447 2829 575 2918 (κλητοι)
604 2840 748 2923 possunt
779 2833 916 2925 quidem
940 2833 976 2900 in
1001 2830 1214 2922 oppositione
1239 2831 1283 2899 ad

112 2941 232 3007 electos
255 2937 324 3007 dici
347 2939 453 3008 etiam
477 2939 544 3024 illi,
572 2941 632 3032 qui
656 2941 869 3010 vocationem
893 2963 961 3008 non
985 2945 1069 3008 sunt
1091 2939 1216 3023 secuti,
1244 2943 1285 3007 ut

110 3045 592 3135 matth.xx.1c;xx11.14;
608 3049 645 3116 in
660 3049 743 3117 aliis
758 3056 873 3118 tamen
889 3049 975 3118 locis
991 3045 1094 3116 κλητοι
1107 3052 1191 3116 sunt
1202 3044 1282 3114 fide·

112 3156 164 3226 les
179 3154 393 3223 vocationem
409 3155 541 3244 reipsa
563 3157 690 3241 secuti,
710 3181 777 3250 quo
797 3180 899 3227 sensu
914 3156 1046 3224 Paulus
1061 3156 1098 3224 iu
1115 3161 1281 3224 commate

113 3267 278 3354 sequente
300 3261 443 3332 adhibet
467 3265 608 3332 verbnm
632 3287 768 3332 uocare:
787 3286 903 3356 equos
926 3267 1071 3347 vocavit,
1096 3264 1159 3333 hos
1178 3270 1215 3332 et
1230 3263 1282 3332 iu·

114 3370 329 3440 stificam.»
357 3369 425 3438 Ubi
448 3392 531 3440 vero
561 3371 705 3440 additur
731 3373 993 3462 «prepositum,
1015 3398 1031 3432 n
1057 3371 1155 3440 nullo
1187 3371 1284 3440 modo

113 3485 261 3569 possunt
276 3478 345 3548 diei
361 3476 539 3545 secundum
550 3483 765 3568 propositum
780 3485 906 3561 vocati,
924 3480 994 3548 nisi
1010 3479 1072 3572 qui
1083 3479 1189 3550 etiam
1202 3484 1286 3548 snut

113 3587 243 3670 sacnti,
270 3593 310 3654 ut
326 3592 422 3675 patet
437 3608 478 3653 ex
495 3585 671 3654 declarata
687 3585 944 3674 significatione
967 3587 1117 3655 nominis
1133 3588 1279 3678 προθεσις.

180 3692 328 3761 Locutio
351 3691 464 3760 altera
487 3692 614 3760 ceteris
638 3691 813 3761 difficilior
835 3701 889 3763 est
912 3719 947 3762 v.
963 3693 1026 3762 29:
1048 3717 1161 3785 aquo·
1185 3715 1284 3784 prcc-

112 3801 256 3869 rcivit.n
276 3801 464 3892 Triplicem
488 3801 594 3871 huius
618 3803 716 3872 verbi
740 3803 1031 3892 significationem
1055 3803 1167 3894 aliqui
1197 3803 1284 3870 refe·

112 3915 210 3993 runt,
228 3909 433 3997 simpliciter
445 3912 618 3998 praescire
633 3910 769 3995 futura,
789 3935 903 3978 amara
919 3935 974 3977 reu
991 3909 1130 4000 eliqere,
1145 3924 1177 3977 et
1184 3933 1285 4000 prce·

113 4016 267 4107 definire.
292 4018 345 4084 At
370 4019 543 4105 praescire
573 4039 635 4106 per
658 4039 694 4085 se
717 4023 833 4086 actum
865 4040 939 4086 esse
971 4016 1192 4102 intellectus,
1219 4039 1287 4109 quo

113 4123 335 4214 cognoscitur
359 4123 530 4192 obiectum
554 4124 725 4208 futurum,
751 4130 960 4192 nouantem
985 4123 1193 4208 voluntatis,
1220 4146 1287 4216 quo

114 4229 365 4322 praedefinitnr
390 4230 446 4300 vel
472 4237 621 4316 amatur,
649 4231 736 4300 satis
759 4254 821 4321 per
844 4253 879 4300 se
904 4237 1052 4300 constat.
1079 4230 1209 4300 Verum
1235 4236 1287 4300 ta·

114 4359 191 4406 men
213 4344 280 4420 est,
308 4337 490 4407 scientiam
513 4343 549 4406 et
571 4335 837 4427 praescientiam
861 4336 1029 4422 divinam,
1056 4337 1115 4406 ubi
1135 4337 1288 4407 refertur

114 4445 289 4530 adhunc,
316 4467 389 4514 esse
421 4444 702 4534 approbationis,
727 4443 878 4536 adeoque
910 4444 1086 4514 includere
1116 4466 1284 4532 amorem,
