3360 5060
588 389 624 400 -
647 357 708 416 047
729 389 766 402 .-

80 485 141 531 neo
165 463 311 530 initium
335 485 398 530 nec
422 483 627 551 progressus
642 468 678 529 et
692 460 956 550 perseverantie
970 465 1086 550 potest
1099 483 1177 530 cum
1195 461 1256 528 Pe·

77 571 237 659 lagianis
259 576 296 638 et
319 569 610 660 semipelagianis
637 570 804 639 constitui
835 570 873 638 in
904 569 1040 638 meritis
1072 569 1253 655 humanis3

77 700 154 745 oum
180 701 249 746 non
275 679 398 746 honum
422 678 481 746 sed
505 677 634 746 malum
658 678 820 746 meritum
844 677 1047 766 praecedat,
1081 684 1117 746 et
1140 678 1256 744 subse·

78 787 226 875 quentia
249 785 373 854 merite
396 786 474 874 ipsa
496 785 570 852 sint
585 785 675 853 dona
690 785 755 852 Dei
772 805 833 874 per
850 786 1015 873 gretiam.
1037 784 1257 874 «Numquis

79 915 150 974 nos,
179 892 251 960 nisi
275 892 334 983 qni
360 891 459 960 venit
482 913 648 982 quaerere
672 897 708 960 et
731 892 869 960 salvare
893 892 984 982 quod
1016 891 1187 982 perierat,
1214 891 1257 958 ab

75 999 140 1066 illu
158 999 370 1088 perditionis
386 1021 499 1067 massa
515 1006 551 1068 et
567 999 783 1070 concretione
799 999 970 1068 discernit
981 999 1041 1068 l...
1061 999 1150 1081 Quis
1165 999 1256 1068 euim

76 1113 111 1174 te
134 1107 337 1176 discernit?
360 1108 429 1176 Ubi
453 1108 484 1174 si
500 1108 632 1176 dixerit
648 1107 759 1176 homo:
778 1108 864 1176 fides
881 1130 967 1192 mea,
986 1108 1152 1176 voluntas
1169 1129 1254 1190 mea,

76 1217 206 1282 bonum
231 1239 317 1306 opus
341 1239 470 1302 meum3
497 1216 726 1306 respondetur
748 1217 793 1284 ei:
813 1216 897 1307 quid
914 1217 1006 1284 enim
1030 1215 1149 1300 habes,
1166 1215 1257 1306 quod

77 1347 143 1391 non
169 1324 351 1414 accepisti;
377 1325 409 1392 si
431 1331 548 1393 autern
572 1324 752 1413 accepisti,
771 1324 856 1415 quid
872 1324 1053 1413 gloriaris,
1073 1324 1173 1416 quasi
1188 1347 1256 1394 non

76 1431 285 1520 acceperis?
309 1431 383 1500 Hoc
407 1432 528 1522 utique
551 1436 663 1500 toturn
688 1430 777 1515 ideo,
804 1454 870 1499 non
896 1437 936 1498 ut
959 1430 1059 1498 homo
1081 1453 1148 1498 non
1182 1430 1257 1518 glo·
1390 1441 1395 1450 '

76 1538 207 1624 rietur,
234 1538 293 1606 sed
317 1538 443 1629 utqui
467 1537 656 1627 gloriatur,
683 1538 718 1604 in
744 1539 889 1606 Domino
913 1539 1145 1627 glorietur...
1179 1539 1256 1610 Non

77 1645 160 1736 quia
185 1647 275 1714 bona
298 1667 403 1736 opera
426 1646 668 1729 frustrantur,
695 1668 772 1713 oum
797 1646 891 1713 Deus
914 1646 1039 1716 reddat
1068 1645 1257 1736 unicuique

76 1753 268 1822 seeundum
293 1775 397 1843 opero
420 1753 554 1822 eine...
581 1753 640 1822 sed
666 1754 749 1844 quia
772 1776 876 1843 opera
899 1777 939 1823 ex
965 1753 1095 1842 gratia,
1119 1777 1187 1820 non
1214 1775 1256 1822 ex

77 1860 241 1948 operibns
264 1860 438 1950 gratia...
465 1883 527 1930 nec
551 1860 628 1948 ipsa
651 1861 737 1932 fidas
760 1867 852 1929 esset
874 1861 910 1928 in
934 1861 1046 1942 nobie,
1071 1861 1140 1930 nisi
1163 1862 1258 1930 Deus

76 1967 476 2060 unicuiqueportiretnr
489 1991 684 2037 mensurum
701 1969 783 2036 fidei
801 1996 816 2028 n
831 1968 927 2058 Aug.
945 1992 998 2057 ep.
1016 1969 1093 2038 186.
1111 1970 1155 2038 ad
1168 1971 1257 2038 Pau-

76 2074 138 2142 lin.
160 2101 195 2144 n.
215 2077 249 2162 4;
269 2077 315 2145 of.
331 2099 385 2165 ep.
401 2075 478 2142 196.
497 2098 532 2142 n.
550 2075 607 2144 21.
627 2075 682 2160 223
699 2073 883 2142 Enchirid.
900 2099 930 2144 c.
945 2075 1002 2144 99.
1021 2081 1088 2144 etc.

141 2181 189 2252 3⁰.
219 2183 370 2272 Singula
393 2182 594 2251 testimonia
618 2203 705 2272 quoe
729 2205 771 2250 ex
795 2183 999 2270 Augustino
1022 2183 1127 2252 obiici
1143 2183 1258 2252 solent

78 2293 131 2360 vel
157 2301 323 2384 possunt,
358 2315 424 2360 non
457 2298 510 2360 est
532 2292 633 2360 nobis
663 2291 800 2360 enimus
823 2291 1032 2360 examinare.
1058 2290 1127 2360 Sed
1151 2299 1192 2363 ut
1215 2315 1256 2360 ex

76 2401 261 2492 principiis
284 2401 454 2470 hactenus
478 2400 646 2490 expositis
670 2400 790 2468 modus
814 2399 1007 2470 facillimus
1030 2399 1257 2487 intelligatur

78 2533 179 2581 verse
204 2511 529 2600 interpretationis;
556 2509 755 2599 speciminis
779 2509 899 2598 gratia
926 2507 1041 2597 placet
1063 2507 1256 2597 periculum

77 2618 191 2688 fecere
216 2621 253 2688 in
276 2617 475 2688 testimonio
499 2617 627 2686 celebri
643 2639 685 2685 ex
703 2616 727 2684 l.
747 2616 789 2684 de
805 2616 962 2705 Corrept.
982 2624 1019 2685 et
1034 2615 1154 2706 gratio
1169 2639 1200 2684 c.
1219 2618 1252 2684 7.

77 2749 109 2792 n.
125 2727 182 2812 13,
210 2727 301 2818 quod
325 2747 387 2816 pro
411 2723 584 2794 sententia
608 2725 757 2792 adversa
780 2724 932 2795 omnium
956 2723 1200 2809 clarissimum,
1218 2726 1255 2794 in

77 2842 198 2904 nostre
223 2834 467 2904 difficillimum
490 2831 688 2901 existimari
712 2831 812 2900 solet.
834 2861 850 2894 u
870 2831 1088 2924 Quicumque
1111 2855 1196 2923 ergo
1212 2834 1256 2902 ab

77 2938 139 3008 illa
162 2941 331 3030 originali
354 2939 574 3008 damnatione
597 2939 668 3008 iste
684 2938 826 3008 divinoe
842 2941 980 3029 gratiae
996 2939 1165 3029 largitate
1185 2940 1254 3008 dis-

78 3050 162 3118 creti
188 3055 284 3128 sunt,
310 3071 377 3116 non
394 3055 449 3115 est
464 3047 620 3131 dubium,
640 3047 731 3137 quod
755 3054 794 3116 et·
813 3054 1023 3137 procuratur
1045 3048 1097 3115 eis
1112 3047 1255 3118 audien·

78 3154 155 3222 dum
181 3155 418 3246 evangelium,
443 3162 579 3225 etcum
603 3155 754 3224 andiunt
777 3156 935 3239 credunt,
964 3157 1053 3224 etin
1076 3155 1145 3224 tide
1167 3177 1255 3247 quae

78 3263 378 3349 perdilectionem
402 3269 577 3353 operatur,
605 3285 714 3353 usque
737 3262 775 3329 in
798 3263 900 3330 finem
918 3268 1156 3352 perseverant;
1171 3268 1207 3330 et
1223 3264 1254 3330 si

79 3372 215 3458 quando
238 3372 448 3455 exorbitant,
474 3370 625 3460 correpti
646 3370 889 3456 emendantur,
914 3377 951 3439 et
974 3371 1114 3462 quidam
1137 3393 1255 3440 eorum

78 3479 142 3547 etsi
165 3481 210 3546 ab
234 3479 434 3547 hominibus
457 3503 523 3547 non
549 3479 799 3566 corripiuntur,
817 3478 852 3544 in
871 3479 963 3546 viam
981 3501 1084 3570 quam
1104 3479 1253 3569 relique-

79 3593 167 3672 rant,
195 3586 353 3674 redeunt;
373 3593 409 3656 et
425 3585 587 3655 nonnulli
611 3591 751 3676 occepta
775 3586 893 3674 gratia
915 3587 951 3652 in
968 3585 1125 3676 quelibet
1140 3591 1254 3653 aetate

79 3691 243 3774 periculis
266 3691 373 3760 huius
398 3689 494 3760 vitae
519 3689 641 3758 mortis
665 3689 845 3758 celeritate
869 3691 1140 3758 subtrahuntur.
1159 3690 1254 3758 Haec

79 3797 166 3867 enim
190 3799 306 3866 omnia
329 3805 494 3888 operatur
505 3797 541 3866 in
558 3797 620 3882 eis,
639 3797 699 3890 qui
717 3820 801 3868 vasa
817 3798 1074 3871 misericordiae
1090 3803 1253 3886 operatus

80 3911 130 3972 est
152 3927 222 3990 eos,
249 3907 310 3998 qui
333 3912 370 3974 et
392 3905 501 3995 elegit
523 3927 580 3974 eos
605 3904 641 3972 in
664 3903 760 3974 Filio
783 3928 845 3974 suo
867 3913 949 3974 ante
969 3904 1252 3974 constitutionem

81 4012 196 4080 mundi
221 4034 283 4102 per
305 4011 506 4080 electionem
530 4011 689 4099 gratiue3
707 4011 737 4077 si
761 4017 876 4078 antem
895 4011 1024 4099 gratie,
1042 4011 1110 4078 iam
1126 4033 1195 4078 non
1211 4031 1251 4077 ex

80 4120 249 4204 operibns,
276 4119 432 4210 alioquin
456 4119 575 4208 gratia
599 4119 668 4185 iarn
692 4142 759 4187 non
783 4125 837 4187 est
852 4118 982 4208 gratia.
1001 4119 1078 4188 Non
1094 4118 1185 4186 enim
1201 4118 1252 4186 sic

81 4231 159 4292 sunt
183 4225 312 4310 vocati,
338 4231 382 4314 ut
404 4248 472 4294 non
495 4231 611 4295 essent
634 4225 750 4314 electi;
770 4233 913 4318 propter
930 4225 1020 4320 quod
1036 4225 1168 4296 dictum
1184 4231 1249 4308 est,

82 4331 180 4400 multi
210 4331 302 4402 enim
335 4331 470 4420 vocati,
503 4334 606 4424 pauci
631 4333 754 4403 electi:
780 4332 839 4400 sed
871 4333 1033 4424 quoniam
1064 4332 1251 4402 secundum

82 4441 289 4530 propositum
313 4443 430 4510 vocati
455 4448 550 4526 sunt,
576 4443 731 4532 profecto
754 4449 790 4508 et
813 4440 915 4510 electi
940 4449 1023 4513 sunt
1038 4463 1098 4530 per
1113 4439 1250 4508 electio·
