3240 5064
921 355 960 372 -
980 324 1042 386 240
1062 355 1100 372 .-

422 430 648 518 (aconratam)
666 430 736 497 uisi
760 430 988 519 cognitionem
1007 429 1122 512 habu,-
1137 431 1199 524 qui
1214 435 1332 500 autem
1355 429 1394 499 in
1416 430 1499 510 sinu
1521 453 1590 500 ver·

422 543 541 620 satur,
567 535 659 604 nihil
682 535 958 626 ignoraverit...
977 536 1042 624 (l).
1068 535 1371 608 contradicentem
1394 537 1588 625 (Arisnum)

420 666 504 733 srgo
528 643 722 732 interroga:
749 646 964 733 cognoscitns
987 658 1019 710 et
1041 643 1135 712 uidet
1158 645 1266 714 Pater
1289 646 1483 716 Filiam.·...
1501 669 1588 712 acos-

420 765 503 816 ratu
527 747 677 840 qaudam
698 751 831 818 visione
853 763 886 816 et
909 751 1106 840 cognitione
1129 750 1209 837 (2)?
1232 750 1380 820 Omnino
1411 751 1477 822 hoc
1510 753 1589 820 fate·

421 853 531 924 bitur.
541 855 633 924 Hinc
645 863 687 924 tu
700 855 827 946 collige
838 869 1034 922 accuratam
1045 857 1140 924 Filii
1155 859 1384 948 cognitionem
1399 857 1440 926 ds
1451 860 1586 928 Patra·

485 963 564 1030 Duo
587 961 646 1030 hic
669 967 757 1030 snut
786 967 911 1032 notatu
945 961 1156 1052 dignissima
1188 963 1234 1032 ad
1264 965 1403 1034 modum
1433 965 1613 1058 loquendi³

419 1069 661 1160 chrysostomi
694 1070 732 1138 in
766 1069 928 1140 doctrina
963 1071 1006 1140 de
1039 1071 1174 1140 visione
1207 1071 1274 1140 Dei
1309 1073 1585 1164 intelligendum.
1612 1059 1613 1126 ἶ

422 1181 458 1266 a)
470 1178 579 1248 Plena
597 1201 657 1248 seu
674 1183 842 1246 accurata
857 1179 1012 1268 cognitio
1027 1173 1169 1270 (ἀκριβης
1188 1175 1308 1268 ysacii)
1335 1181 1401 1248 illa
1424 1181 1500 1248 sols
1521 1187 1585 1264 est,

422 1307 491 1379 qua
505 1287 600 1356 Dens
617 1309 654 1354 ss
670 1286 783 1378 ipsum
799 1286 988 1377 cognoscit3
1003 1286 1157 1379 adeoquo
1172 1309 1260 1381 quse
1275 1294 1331 1358 est
1348 1289 1586 1378 comprehensio

420 1395 487 1464 Dei
509 1395 548 1462 in
571 1416 676 1464 sensu
698 1395 836 1482 stricto;
862 1395 954 1464 unds
979 1394 1014 1482 t)
1045 1395 1200 1484 cognitio
1231 1417 1319 1488 quas
1355 1419 1460 1487 penes
1482 1395 1586 1484 Chry·

421 1509 607 1571 sostomum
629 1501 831 1592 appellatur
849 1501 958 1591 plena
980 1501 1038 1572 vel
1061 1519 1245 1586 accurata,
1269 1504 1420 1595 ipsomet
1441 1510 1585 1574 testante
1612 1535 1613 1568 r

420 1610 543 1680 differt
554 1611 718 1678 uvicione
732 1609 940 1700 simpliciter
954 1610 1061 1680 dicta.
1077 1611 1184 1679 Inxts
1200 1634 1302 1680 usum
1319 1635 1404 1702 crgo
1415 1612 1583 1705 loquendi,
1612 1589 1613 1670 i

421 1743 522 1812 quem
540 1719 812 1808 Chrysostomus
833 1719 961 1806 tenuit,
977 1719 1114 1809 angelis
1133 1727 1171 1790 st
1191 1721 1302 1791 hastis
1325 1744 1409 1790 sane
1434 1721 1584 1812 neganda

421 1835 477 1897 est
491 1825 647 1918 cognitio
664 1826 773 1917 plena
788 1826 841 1894 cel
858 1841 1020 1896 accurata
1027 1853 1042 1910 ,-
1063 1849 1127 1898 neo
1141 1835 1258 1899 tamen
1274 1829 1352 1902 ideo
1367 1831 1419 1900 eis
1441 1836 1583 1920 negatur

421 1935 514 2008 visio
536 1935 603 2004 Dsi
625 1934 838 2006 immediata.

485 2043 615 2112 Eodem
637 2043 735 2111 modo
759 2041 1029 2132 Chrysostomus
1059 2043 1143 2114 aliis
1172 2046 1209 2114 in
1240 2045 1347 2132 locis,
1381 2046 1442 2114 ubi
1470 2051 1582 2114 contm

418 2153 670 2223 Eunomianam
694 2151 1030 2242 comprehensionem
1053 2152 1236 2243 disputet,
1265 2153 1497 2244 cognitionem
1520 2151 1581 2242 ple·

419 2285 499 2332 nam
522 2265 559 2330 et
574 2267 773 2330 accuratam
796 2259 965 2329 describit
985 2265 1164 2352 tamquam
1187 2262 1418 2355 adaequatam
1441 2283 1579 2352 comprs-

420 2370 631 2454 hensionem‚
657 2389 800 2460 eamque
822 2390 845 2435 a
866 2369 1002 2438 visione
1024 2369 1090 2438 Dei
1113 2369 1318 2460 distinguit.

486 2477 615 2548 Statim
638 2477 743 2546 initio
766 2499 961 2547 sermonum
980 2507 997 2542 a
1011 2479 1053 2547 de
1076 2478 1422 2570 incomprehensibili
1441 2479 1505 2547 Dei
1525 2496 1576 2544 ns·

420 2591 529 2657 tura»
549 2587 718 2672 declarat,
737 2586 775 2654 in
792 2587 904 2654 beatis
919 2608 995 2655 esse
1011 2589 1240 2680 cognitionem
1258 2587 1451 2680 perfectam
1468 2585 1577 2673 (γνωσιν
1612 2599 1613 2650 l

419 2692 563 2782 τελειαν).
578 2697 679 2782 Num,
695 2697 826 2789 inquit,
847 2699 938 2789 quod
961 2697 1154 2788 Apostolus
1176 2699 1230 2766 ait
1252 2691 1575 2786 (1.cor.x111.8.):

417 2805 567 2876 scientia
588 2805 804 2890 destruetur,
826 2828 922 2873 onon
945 2805 986 2874 de
1010 2807 1167 2896 perlecta
1183 2807 1243 2875 sed
1260 2806 1465 2876 descientia
1485 2803 1573 2883 dicit,

417 2934 505 3004 quse
520 2933 563 2981 ex
578 2917 679 3002 parts
694 2919 759 2998 est;
775 2911 1047 2982 destructionem
1064 2911 1246 3003 appellans
1261 2914 1456 3004 proiectum
1471 2911 1506 2980 in
1521 2930 1576 2977 me

417 3018 501 3104 lius,
520 3025 562 3088 nt
576 3019 758 3088 destructa
771 3019 848 3106 illa,
868 3041 956 3112 quse
972 3042 1016 3088 ex
1032 3025 1132 3111 perte
1149 3028 1214 3107 est,
1234 3043 1302 3088 non
1318 3021 1369 3090 sit
1383 3019 1528 3111 amplius
1540 3037 1574 3084 ox

416 3133 517 3218 parte
534 3127 593 3195 sed
608 3129 765 3217 perfecta
780 3127 977 3217 cognitio...
996 3127 1081 3198 hseo
1097 3129 1211 3219 igitur
1227 3127 1422 3198 destructio
1438 3135 1491 3198 est
1511 3150 1573 3194 coo·

416 3236 595 3301 nammatio
620 3239 656 3302 et
689 3234 726 3301 in
750 3233 863 3301 maius
894 3241 1118 3324 augmentum
1141 3263 1157 3297 n
1182 3234 1233 3323 (3)
1260 3235 1302 3304 ds
1325 3233 1569 3326 incompreheu.

416 3339 737 3409 hom.I.n.2.Porro
753 3341 790 3409 in
807 3340 865 3409 his
880 3340 1036 3410 homiliis
1050 3343 1191 3412 eandem
1208 3344 1302 3413 siout
1315 3345 1352 3411 in
1369 3344 1460 3414 hom.
1479 3345 1572 3413 citata

415 3447 453 3516 in
461 3447 623 3517 Ioannem
640 3447 876 3528 differentiam
890 3447 1044 3540 explicat
1059 3451 1324 3520 intercisionem
1335 3451 1401 3520 Dei
1413 3453 1504 3521 sicut
1515 3453 1569 3529 ost,

416 3563 452 3627 st
474 3557 567 3625 inter
587 3555 727 3646 plenam
749 3559 978 3646 cognitionem
992 3558 1073 3640 Ilei,
1090 3557 1247 3651 hancque
1270 3560 1496 3650 posteriorem
1515 3577 1570 3626 non

416 3663 522 3732 sliam
545 3663 743 3753 intelligit,
769 3663 839 3732 nisi
862 3665 1198 3755 comprehensionem
1221 3689 1292 3759 qna
1313 3667 1408 3738 Dens
1432 3667 1522 3738 solus
1540 3681 1569 3730 ss

415 3771 531 3862 ipsum
554 3770 825 3862 comprehendit.
851 3771 894 3840 In
916 3773 993 3842 illis
1017 3775 1135 3844 verbis
1157 3775 1209 3846 Io.
1229 3776 1261 3845 Ι.
1289 3775 1345 3845 18.
1370 3805 1388 3841 a
1412 3770 1568 3866 nunquia
1612 3811 1613 3902 g

480 3965 522 4044 (1)
539 3969 571 4025 'O
585 3991 633 4042 μιν
647 3991 700 4042 γαρ
713 3969 805 4032 ciulac
822 3969 892 4042 dosis,
912 3971 940 4026 io
958 3993 1060 4036 παντως
1082 3970 1181 4047 ἀκριβῆ
1195 3995 1240 4029 ruo
1254 3989 1414 4048 φαινομυου
1433 3997 1476 4036 sss
1489 3990 1566 4046 ‘W‘’
1612 3945 1613 4032 i

415 4055 479 4132 ι’χιι·
493 4061 505 4114 o'
520 4065 547 4114 ts
567 4079 621 4122 τοις
640 4067 749 4123 schacos
770 4057 1029 4137 ἕνθιατριβων,οὐδιν
1048 4061 1192 4136 dyoscorus
1211 4087 1285 4122 sorr.
1612 4033 1613 4082 i

479 4144 521 4222 (2)
538 4149 601 4220 'Apa
619 4169 650 4221 γι
670 4169 790 4221 ossuum
811 4171 855 4205 τον
873 4151 927 4206 o'sos
949 4153 961 4208 o·
981 4173 1126 4225 asingen.-
1143 4175 1166 4206 τι
1187 4157 1213 4210 δι
1233 4153 1332 4228 ἀκριβῆ
1351 4177 1412 4212 τινα
1430 4153 1514 4228 ὅρασιν
1529 4169 1563 4204 1⁵³

415 4259 509 4306 γνωσιν
529 4236 609 4292 αὐτον
630 4239 678 4312 ipa
694 4260 739 4294 sai
758 4261 884 4312 γνωσκεις
1297 4303 1301 4314 ,
1612 4287 1613 4326 l

480 4323 571 4404 (t)'}1
591 4347 676 4384 sorios
701 4344 866 4404 καταργησις
889 4331 959 4392 doro
979 4339 1110 4408 πληρωσις
1130 4329 1206 4403 iuro,
1224 4357 1267 4390 xus
1290 4355 1354 4410 προς
1373 4357 1403 4391 το
1419 4334 1503 4410 poscor
1520 4329 1562 4384 im·
1612 4367 1613 4370 =

415 4419 495 4482 δοσις.

1612 4579 1613 4620 i
