3240 5064
532 345 570 360 ..
593 313 653 374 207
674 345 712 358 ..

54 418 156 486 sentia
176 425 232 486 est
255 419 371 508 ipsum
395 419 484 486 Esse
504 418 714 502 absolutum,
743 417 908 485 nimirum
931 419 1060 510 absque
1085 418 1158 488 ulla
1180 416 1216 484 in

52 549 88 592 se
102 526 171 614 ipso
185 525 414 594 distinctione
441 533 496 596 est
518 526 628 594 omnis
651 525 831 615 perfectio,
850 546 937 615 quae
962 525 1036 593 sine
1060 525 1217 616 imperfe-

51 631 154 699 ctione
165 631 304 722 concipi
313 639 437 722 potest.
448 633 481 702 N
482 656 520 700 os
532 632 623 700 illud
635 633 723 700 Esse
735 631 933 699 absolutum
946 654 1013 698 uon
1025 632 1215 716 intuemur,

51 747 90 806 ιιι
99 738 132 805 in
143 761 179 806 se
190 747 258 822 est,
270 739 332 806 sed
343 761 385 806 ex
398 739 570 808 creaturis
583 741 771 808 formamus
782 739 940 806 notiones
952 739 1214 826 perfectionum,

50 845 262 929 intellectus,
299 845 512 932 voluntatis,
541 846 754 936 sapientiae,
781 845 969 929 bonitatis,
1001 844 1214 928 sanctitatis,

49 953 200 1021 iustitiae
224 961 317 1038 ete,
344 961 449 1045 atque
471 955 660 1025 secundum
693 953 756 1020 has
784 951 941 1020 notiones
965 951 1216 1042 perfectionum

49 1061 221 1151 analogice
236 1062 347 1130 Deum
365 1063 614 1152 intelligimus,
635 1061 719 1153 quid
736 1061 795 1130 sit.
814 1061 896 1128 Ideo
921 1062 958 1129 in
973 1062 1044 1129 Deo
1058 1061 1217 1130 diversas

49 1171 272 1257 perfectiones
294 1170 560 1261 distinguimus,
580 1193 647 1238 non
667 1171 790 1260 utique
806 1169 992 1238 iudicando
1016 1191 1074 1237 eos
1090 1190 1164 1236 esse
1180 1168 1217 1266 in

48 1275 118 1364 ipso
138 1277 211 1345 Deo
235 1278 435 1360 distinctas,
455 1279 514 1347 sed
538 1299 641 1347 unam
673 1275 896 1366 concipiendo
913 1277 1041 1368 absque
1056 1297 1217 1364 expresso

48 1391 208 1473 conceptu
220 1383 382 1453 alterins.
396 1385 501 1454 Hisce
521 1371 717 1453 rationibus
738 1382 989 1472 perfectionum
1011 1389 1048 1450 et
1068 1379 1216 1449 notioni-

50 1493 108 1559 bus
129 1493 261 1560 nostris
284 1494 469 1582 respondet
483 1515 590 1562 unum
607 1493 905 1583 simplicissimum
929 1493 1019 1559 Esse
1042 1491 1214 1576 divinum,

49 1601 133 1690 quod
153 1622 279 1669 revera
293 1608 349 1670 est
375 1608 450 1668 tum
473 1601 615 1670 infinita
639 1599 827 1690 sapientia,
851 1607 926 1667 tum
950 1598 1091 1667 infinita
1113 1597 1216 1666 iusti·

48 1709 95 1775 tis
119 1715 184 1775 etc.
202 1707 353 1775 Proinde
384 1706 545 1796 singulae
578 1705 661 1774 illee
694 1705 925 1796 perfectiones
955 1712 1039 1773 sunt
1071 1706 1107 1773 in
1145 1706 1217 1774 Deo

48 1816 150 1882 omnis
172 1815 341 1904 perfectio
365 1819 401 1881 et
423 1821 508 1882 sunt
531 1815 605 1904 ipse
628 1815 742 1897 Deus,
770 1815 853 1905 quia
877 1819 960 1881 sunt
991 1815 1105 1903 ipsum
1130 1813 1218 1882 Esse

49 1922 228 1991 infinitum.
247 1921 339 1990 Hinc
362 1921 495 1991 intueri
510 1921 575 2012 boc
589 1922 678 1988 Esse
701 1921 862 1990 divinum
878 1932 916 1985 ot
934 1925 971 1986 in
987 1945 1021 1986 re
1037 1935 1099 2002 est,
1126 1921 1215 1989 idern

49 2029 221 2117 significat
243 2050 285 2095 ac
300 2027 391 2096 illud
415 2029 546 2096 intueri
572 2034 613 2096 ut
635 2035 688 2096 est
712 2029 822 2095 omnis
846 2026 1008 2095 absoluta
1031 2027 1214 2116 perfectio.

50 2135 111 2203 Est
123 2159 205 2225 ergo
217 2134 362 2204 evidens
375 2135 606 2204 contradictio
619 2135 803 2218 affirmare,
819 2155 840 2200 a
854 2133 963 2202 beatis
976 2133 1090 2202 videri
1106 2134 1217 2202 Deum

52 2248 89 2310 ot
108 2245 143 2310 in
165 2267 201 2312 se
217 2249 284 2326 est,
302 2249 470 2312 ettamen
486 2241 640 2334 aliquam
657 2243 901 2331 perfectionem
918 2263 1006 2332 quse
1022 2240 1217 2309 formaliter

50 2359 100 2418 est
114 2352 149 2420 in
171 2353 256 2436 Deo,
276 2374 345 2419 non
361 2351 488 2420 videri.
508 2352 582 2419 Hoc
598 2351 688 2420 enim
705 2351 793 2438 ipso,
812 2349 902 2439 quod
916 2347 1036 2440 aliqua
1048 2350 1217 2438 perfectio

52 2481 129 2548 quae
144 2469 199 2528 est
214 2460 329 2550 ipsum
345 2459 433 2526 Esse
448 2458 658 2542 absolutum,
677 2479 745 2524 non
761 2457 916 2540 videtur,
935 2456 1005 2524 iam
1021 2455 1112 2524 illud
1129 2457 1218 2524 Esse

52 2588 109 2631 non
133 2566 277 2635 videtur
301 2572 343 2634 ut
367 2566 404 2634 in
428 2589 464 2634 se
488 2573 552 2648 est,
580 2587 640 2632 seu
664 2564 801 2647 melius,
821 2565 958 2630 omnino
982 2585 1049 2629 non
1074 2562 1218 2632 videtur

52 2673 209 2742 intuitive
233 2674 271 2742 in
295 2695 331 2742 se
354 2674 449 2764 ipso;
469 2673 506 2740 io
523 2695 559 2740 se
575 2673 651 2761 ipso
674 2672 767 2740 enim
783 2679 837 2740 est
852 2671 982 2761 absque
998 2669 1074 2736 ulla
1090 2669 1216 2738 distin·

51 2781 152 2848 ctione
174 2781 287 2848 omnis
311 2781 490 2869 perfectio.
510 2779 637 2848 Confer
660 2779 823 2868 superius
847 2777 990 2847 citatam
1022 2777 1214 2846 doctrinam

51 2886 289 2978 Episcoporum
313 2889 500 2956 Armeniae
524 2886 600 2976 (th.
618 2887 698 2954 XV.
717 2910 751 2955 n.
772 2885 853 2974 IL).

109 2995 203 3064 Idem
233 3017 379 3086 prorsus
412 2995 509 3064 velet
539 2995 581 3064 de
611 2995 802 3063 intuitione
841 2993 952 3063 trium
993 3015 1216 3082 personarum

53 3102 254 3172 divinarum.
272 3103 405 3172 Divina
427 3103 518 3171 enim
542 3103 695 3172 essentia
719 3109 760 3170 ut
775 3103 811 3171 in
828 3125 864 3171 se
880 3109 949 3187 est,
968 3125 1009 3170 en
1026 3101 1218 3170 intrinseca

51 3229 105 3276 suo
124 3209 337 3300 perfectione
360 3215 414 3279 est
436 3210 541 3277 Pater
564 3209 802 3278 intellectione
825 3209 1022 3298 exprimens
1046 3209 1213 3292 Verbum,

53 3315 143 3386 Pater
172 3325 210 3386 et
231 3317 351 3418 Filius
382 3317 569 3386 dilectione
600 3316 794 3406 producens
828 3315 1001 3406 Spiritum
1033 3315 1214 3403 Sanctum,

53 3423 242 3495 intellectus
258 3431 425 3514 paternus
437 3424 632 3493 necessario
645 3423 774 3492 habens
788 3423 1017 3492 intrinsecum
1029 3422 1218 3492 terminum

54 3530 211 3617 Verbum,
238 3531 383 3601 dilectio
407 3532 526 3600 Patris
550 3539 585 3600 et
607 3531 694 3599 Filii
717 3553 826 3624 aeque
858 3532 1056 3600 necessario
1086 3530 1217 3598 habens

53 3659 187 3708 amorem
218 3639 459 3729 procedentem
483 3646 527 3708 ut
549 3639 778 3708 intrinsecum
811 3639 1011 3708 terminum.
1032 3637 1103 3720 Qui
1133 3659 1217 3725 ergo

54 3743 127 3814 baec
148 3769 216 3814 non
250 3745 433 3829 intuetur,
458 3768 527 3814 non
559 3745 721 3813 intuetur
751 3745 940 3814 essentiam
965 3753 1006 3812 ut
1029 3743 1065 3810 in
1090 3765 1125 3809 se
1148 3749 1213 3810 est.

54 3851 130 3922 Vide
152 3875 261 3944 supra
283 3853 308 3920 l.
326 3876 355 3921 c.
375 3853 610 3922 definitionem
634 3852 783 3922 Consilii
805 3851 1017 3921 Florentini.

111 3963 201 4032 Haec
222 3969 279 4031 est
301 3961 491 4032 communis
515 3961 757 4051 theologorum
781 3961 961 4047 doctrina;
987 3955 1218 4028 nihilominus

58 4091 113 4136 non
131 4069 270 4154 desunt,
296 4071 358 4162 qui
381 4069 605 4138 dissentiant.
625 4069 796 4152 Quamvis
819 4068 911 4137 enim
935 4065 1116 4136 unanimes
1140 4091 1219 4135 con·

59 4174 173 4262 spirent
196 4175 310 4267 quoad
335 4175 467 4244 factum
491 4175 639 4244 visionis
664 4175 728 4244 SS.
749 4175 953 4260 Trinitatis,
979 4199 1055 4245 cum
1084 4175 1218 4244 veritas

61 4280 100 4348 sit
111 4283 249 4354 definita
264 4283 304 4350 in
320 4281 422 4352 Cone.
441 4283 659 4370 Florentino,
678 4283 792 4375 quood
814 4282 1084 4372 possibilitatem
1100 4289 1216 4350 tamen

61 4407 115 4454 noo
129 4390 226 4478 pauci
242 4391 380 4472 docent,
399 4413 466 4456 non
484 4403 680 4479 repugnare
700 4389 867 4457 visionem
885 4389 1090 4458 intuitivsm
1102 4411 1216 4457 essen·
