3240 5064
533 367 571 380 -
592 335 652 398 213
673 367 710 381 -

49 441 193 510 nissima
215 442 261 510 ad
284 443 474 533 perfectam
497 441 768 511 intellectionem
791 445 827 508 et
849 440 1126 530 penetrationem
1158 465 1210 512 re·

46 573 114 618 rum
137 557 174 618 et
197 549 402 636 veritatum,
423 557 593 641 quantum
616 547 780 639 congruit
796 547 1017 617 intuentibus
1039 549 1214 618 infinitam

46 658 225 726 essentiam
247 664 284 727 et
305 657 452 747 primam
467 658 664 741 veritatem,
684 661 720 724 et
737 660 906 747 quantum
921 655 1079 746 postulet
1095 663 1213 727 status

46 765 271 856 singulorum,
290 766 353 858 qui
375 765 459 834 lieet
481 765 576 834 siout
590 763 694 832 stella
709 785 730 830 a
748 762 852 831 stella
867 762 961 830 inter
976 786 1012 832 se
1028 763 1211 850 differant,

46 877 120 940 sunt
134 879 254 942 tamen
278 895 394 941 omnes
418 872 512 940 beati
535 869 836 960 comprehensores
859 869 979 938 ultimi
1002 870 1096 939 finis.

102 981 205 1050 Unde
220 981 255 1047 2ο
270 983 447 1070 speciatim
470 977 640 1068 mysteria
663 979 800 1063 omnia,
827 1001 941 1046 omnes
964 979 1134 1048 veritates
1158 1004 1210 1049 re·

46 1087 174 1158 velatae
198 1113 264 1180 pro
288 1087 496 1172 viatoribus,
522 1091 598 1155 tota
621 1086 815 1155 oeconomia
848 1085 1075 1155 revelationis
1098 1093 1134 1156 et
1158 1111 1210 1156 or-

46 1195 129 1264 dinis
153 1195 449 1286 supernaturalis,
465 1215 553 1285 quae
575 1194 613 1260 in
637 1193 697 1261 via
720 1193 896 1282 pertinent
911 1216 953 1260 ex
972 1215 1046 1262 sese
1059 1194 1104 1262 ad
1122 1195 1213 1263 obie-

47 1311 132 1373 ctum
155 1305 265 1390 fidei,
291 1305 368 1374 illic
391 1304 428 1370 in
451 1302 599 1371 termino
629 1306 714 1369 sunt
744 1301 914 1369 obiectum
941 1301 1145 1370 intuitionis
1178 1307 1215 1370 et

47 1411 300 1501 intelligentiae
329 1413 459 1503 absque
490 1409 673 1480 velamine.
699 1409 801 1477 Fidei
831 1408 921 1476 enim
953 1413 1129 1500 tamquam
1161 1410 1212 1477 in·
1277 1397 1280 1406 ’

46 1517 215 1588 choationi
240 1520 332 1589 visio
354 1518 510 1588 succedit
531 1523 707 1610 tamquam
730 1517 912 1606 perfectio.
930 1545 946 1580 ι
964 1515 1049 1584 Cum
1074 1518 1215 1586 venerit

47 1627 128 1716 quod
151 1629 348 1718 perlectum
370 1635 435 1712 est,
449 1625 680 1696 evacuabitur
703 1625 794 1716 quod
817 1647 860 1692 ex
884 1629 984 1714 parte
1007 1631 1061 1694 est
1064 1675 1132 1694 .....
1160 1625 1214 1694 vi·

48 1731 158 1802 damus
181 1759 274 1801 nunc
290 1758 356 1823 per
377 1733 548 1823 speculum
573 1733 610 1796 ira
634 1733 829 1820 aeniqmate
841 1779 852 1813 ,
879 1745 1092 1798 runcantem
1111 1731 1213 1818 facie

50 1838 88 1903 od
98 1841 232 1926 facicm
249 1867 267 1904 c
286 1842 319 1909 1.
337 1841 415 1910 Cor.
426 1839 530 1907 XHI.
541 1838 574 1906 9.
586 1861 680 1929 seqq.
703 1867 720 1901 ι
736 1837 955 1906 Habemus...
971 1838 1214 1928 propheticum

50 1967 251 2034 sermonem,
270 1948 329 2017 cui
352 1949 435 2016 bene
459 1946 580 2016 facitis
603 1943 814 2012 attendentes
845 1947 948 2036 quasi
979 1945 1136 2012 lucernae
1164 1946 1215 2010 lu-

52 2059 132 2120 centi
154 2059 193 2123 in
218 2056 409 2145 caliqinoso
431 2056 516 2137 loco,
534 2053 636 2120 donec
659 2051 731 2120 dies
748 2054 910 2120 elucescat
927 2067 959 2120 ct
976 2053 1107 2142 lucifer
1123 2056 1214 2121 oria-

53 2173 101 2224 tur
123 2165 159 2228 in
183 2163 342 2230 cordibus
364 2167 513 2230 vestrior
534 2162 584 2252 (1)
600 2161 634 2229 2.
653 2161 728 2230 Pet
747 2161 778 2228 I.
797 2161 852 2230 19.
873 2191 889 2224 ιι
904 2161 960 2229 Ibi
991 2161 1212 2246 videbimUS,

52 2275 81 2336 et
101 2271 269 2359 pudebit
291 2292 351 2339 cor
371 2277 541 2338 nostrum.
559 2269 632 2339 Nec
655 2267 845 2358 expressit,
873 2267 957 2360 quid
988 2268 1208 2354 videbimus3

52 2375 104 2444 esd
136 2377 239 2468 quid,
258 2377 329 2446 nisi
358 2376 493 2446 Deum?
521 2381 563 2445 ut
592 2375 781 2466 impleatur
809 2377 847 2443 in
878 2375 976 2443 nobis
1006 2375 1215 2465 promissum

53 2485 297 2574 evangelicum:
315 2485 409 2553 beati
432 2483 559 2552 mundo
583 2483 708 2567 corde,
735 2484 897 2573 quoniam
925 2482 996 2573 ipsi
1026 2483 1136 2552 Deum
1160 2484 1213 2552 vi-

54 2587 193 2680 debunt;
219 2607 252 2658 ct
274 2595 390 2659 omnic
413 2592 482 2680 illc
495 2641 505 2673 ,
531 2615 620 2682 qnae
645 2615 735 2657 nocco
757 2615 825 2656 con
851 2588 1014 2671 videmus,
1044 2589 1213 2657 credentes

57 2711 156 2764 ortem
173 2723 240 2789 pro
263 2696 399 2764 modulo
423 2699 632 2787 capacitatis
655 2699 821 2763 humanae
845 2697 945 2786 lonqe
973 2699 1085 2762 minus
1110 2721 1214 2787 quom

55 2820 123 2870 aaut
145 2820 249 2897 utque
274 2805 596 2896 incomparabiliter
624 2806 854 2894 copitamcs...
874 2805 946 2871 Hic
973 2801 1138 2886 creditis,
1164 2803 1215 2870 ite·

57 2909 205 2978 videtitis
222 2939 240 2974 n
267 2913 364 3002 Aug.
383 2910 467 2981 Civ.
479 2911 546 2980 Dei
568 2911 594 2979 1.
613 2910 694 2980 XX.
713 2933 743 2979 o.
762 2910 819 2978 21.
837 2934 872 2977 n.
892 2909 924 2978 1.
942 2909 1020 2980 Non
1035 2909 1214 3000 loquimur

56 3013 104 3084 hio
125 3017 165 3086 de
186 3018 402 3088 veritatibus
425 3018 519 3102 fidei,
540 3039 628 3108 quae
650 3017 849 3086 immediate
869 3017 911 3085 de
934 3016 1010 3107 ipso
1025 3016 1097 3084 Deo
1113 3016 1213 3084 nobis

58 3123 219 3194 revelatae
242 3133 346 3212 sunt;
372 3124 456 3193 illae
479 3123 570 3192 enim
593 3123 774 3216 pertinent
796 3124 840 3191 ad
865 3124 1028 3190 obiectam
1051 3125 1214 3214 princeps

60 3229 192 3300 visionis
214 3233 396 3303 beatificae
413 3240 463 3322 (n.
481 3233 542 3319 I.);
561 3231 621 3300 sed
639 3232 802 3298 obiectam
817 3229 1053 3298 secundarium
1068 3230 1216 3300 visionis

61 3345 134 3408 sunt
147 3363 202 3409 res
219 3341 314 3426 fidei,
330 3345 516 3432 quaesunt
530 3338 768 3423 extraDeum,
787 3338 896 3408 Verbi
911 3337 1117 3424 incarnatio,
1135 3360 1216 3430 quo-

61 3447 145 3514 modo
158 3447 253 3518 Deus
269 3469 352 3516 vere
367 3446 417 3515 sit
432 3446 544 3530 homo,
562 3454 597 3514 et
613 3445 729 3537 qualis
744 3445 782 3512 in
800 3445 915 3514 Verbo
931 3444 980 3514 sit
992 3451 1141 3514 naturae
1156 3467 1215 3512 no·

61 3558 141 3621 strae
161 3554 343 3642 exaltatio;
369 3553 508 3644 generis
530 3552 675 3621 hnmani
700 3551 888 3641 redemptio
919 3575 980 3642 per
1011 3553 1215 3642 sanguinem

61 3658 144 3748 Agni
161 3660 391 3748 immaculeti;
409 3659 569 3730 Ecclesia
581 3660 769 3749 mysticum
783 3682 907 3750 corpus
919 3659 1065 3746 Christi,
1078 3669 1120 3730 ut
1135 3663 1214 3731 fun-

63 3765 132 3836 data
141 3777 203 3856 est,
217 3769 379 3838 nutritur
391 3775 426 3837 et
438 3769 578 3838 fovetur
592 3788 614 3834 a
627 3766 768 3836 Christo
784 3766 885 3836 velut
900 3789 1024 3858 sponsa
1040 3789 1062 3834 a
1076 3791 1212 3858 sponso,

62 3885 209 3965 perpetuo
223 3878 345 3946 subest
353 3875 623 3960 conservationi,
639 3873 900 3964 gubernationi,
915 3874 1138 3943 assistentiae
1150 3877 1213 3944 Pa·

63 3981 118 4050 tris
131 3992 165 4053 et
177 3985 265 4053 Filii
280 3989 317 4053 et
333 3983 490 4076 Spiritus
506 3983 645 4069 Sancti;
664 3981 881 4050 charismata
903 3988 939 4050 et
954 3981 1044 4050 dona
1061 3982 1211 4071 gratiae,
1309 3977 1312 3982 ’

65 4100 261 4163 sacramenta
273 4097 310 4160 et
321 4097 613 4162 sacramentorum
622 4089 848 4160 virtusaDeo
861 4089 1117 4183 sanctificatore
1125 4097 1160 4160 et
1172 4113 1215 4158 ex

118 4307 208 4380 (1)'0;
229 4317 318 4382 λϋκψ
337 4324 454 4382 φαίνοντι
476 4305 501 4363 r’v
520 4306 648 4381 ἂυχμηρῳ
668 4327 748 4376 τοπῳ,
769 4307 813 4368 ἕως
840 4307 869 4360 οὐ
895 4305 981 4380 ἥμερα
1004 4311 1144 4378 dionymon
1171 4327 1214 4360 και

70 4409 183 4473 ΐϋσφορις
205 4401 334 4473 ἅνατιιλῃ
355 4399 380 4455 ia
404 4421 462 4462 ταις
482 4405 598 4472 nuptias(
619 4398 694 4452 υἰιων.
