3262 5076
547 385 585 400 -
606 355 666 414 485
688 387 725 400 -

58 457 253 526 discrimine
276 457 470 540 intereos,
502 459 563 547 qui
590 465 671 527 actu
701 459 955 542 salvabuntur,
988 463 1025 525 st
1051 454 1140 522 alios
1166 453 1227 542 qui

59 563 191 632 tandem
218 585 282 630 sue
310 565 414 653 culpe
443 564 627 653 peribunt,
661 567 790 654 passim
813 567 849 632 in
875 564 1033 632 omuibus
1063 560 1227 630 fidelibus

59 671 253 842 {ppexlllatpg
270 674 343 737 vita
359 687 498 738 aeterna
511 673 561 740 Io.
572 673 641 740 ΠΙ.
653 673 709 759 36;
720 673 766 742 V.
776 672 833 740 24.
844 671 899 760 393
912 669 1030 740 XVII.
1042 668 1075 756 33
1086 672 1168 737 Act.
1180 667 1225 736 V.

101 826 108 860 ,
186 827 193 842 .
258 825 265 842 .

118 881 168 948 ll.
187 880 296 948 Immo
313 880 436 950 docent
448 881 665 971 Scripturae,
679 881 861 950 voluntate
873 900 937 946 sua
949 877 1109 946 salvifica
1119 876 1229 945 Deum

59 989 237 1078 complecti
261 1010 376 1057 omues
408 989 544 1056 omnino
574 989 741 1057 homiues.
768 987 995 1056 Probabimus
1019 986 1056 1054 id
1079 984 1230 1075 primum

59 1118 95 1162 ex
111 1095 313 1164 testimonio
329 1095 496 1184 explicito
513 1102 550 1164 et
564 1096 758 1164 clarissimo
771 1097 804 1163 1.
820 1095 911 1164 Tim.
926 1095 976 1164 11.
991 1094 1060 1178 1-6,
1079 1093 1123 1161 ed
1139 1089 1230 1184 quod

60 1203 198 1290 proinde
215 1203 461 1293 interpretatio
484 1203 632 1272 aliorum
655 1204 821 1289 locorum,
847 1205 878 1272 si
901 1225 988 1295 quac
1012 1210 1095 1270 sunt
1111 1201 1229 1268 obscu-

60 1311 159 1394 riora,
179 1336 223 1382 ex
240 1311 317 1400 lege
333 1313 591 1383 hermeneutica
615 1314 710 1403 exigi
726 1315 837 1382 debet.
857 1313 1087 1383 Subiiciemus
1107 1307 1231 1379 deiude

60 1421 170 1508 capita
188 1418 368 1488 doctrinae
393 1442 435 1486 ex
460 1419 542 1488 aliis
558 1420 763 1510 Scripturce
779 1420 877 1504 locis,
896 1442 983 1512 quae
999 1419 1141 1487 eandem
1157 1415 1233 1484 uni-

61 1526 300 1594 versalitatem
312 1526 511 1596 voluntatis
523 1529 701 1598 salvificae
714 1529 952 1597 demonstrant
965 1531 1001 1595 et
1012 1523 1229 1594 confirmant.

122 1631 167 1697 1⁰.
186 1631 303 1698 Locus
317 1631 515 1720 Apostololi
540 1633 591 1700 ite
614 1631 731 1700 habet:
753 1633 930 1700 uObsecro
949 1632 1065 1720 igitur
1082 1628 1232 1720 primum

61 1735 206 1802 omnium
234 1735 309 1803 fieri
341 1736 637 1804 obsecrationes...
659 1737 902 1826 procerioribus
933 1733 1124 1802 dominibus
1138 1783 1148 1814 ,
1172 1753 1233 1822 pro

61 1843 201 1930 regibus
225 1843 346 1933 etqui
371 1843 407 1908 in
431 1843 649 1912 sublimitate
673 1851 776 1927 sunt,
802 1849 843 1911 ut
866 1841 1095 1933 tranquillam
1122 1839 1233 1908 vitam

61 1969 202 2037 agemus
227 1950 265 2016 iu
289 1951 383 2017 omni
408 1951 539 2040 pietate
562 1959 597 2020 et
621 1952 807 2038 castitatc;
833 1951 898 2019 hoo
921 1951 1010 2018 enim
1035 1949 1160 2016 bonum
1181 1954 1236 2014 est

62 2063 92 2122 et
113 2061 298 2144 acceptum
322 2077 436 2123 corum
461 2055 643 2124 Salvatore
667 2063 787 2123 nostro
809 2056 893 2139 Deo,
919 2057 982 2145 pai
1005 2075 1115 2120 omnes
1131 2053 1236 2118 domi·

62 2185 112 2226 nec
134 2161 212 2227 nult
236 2161 347 2228 sulcos
364 2163 460 2251 fieri,
485 2177 517 2228 ct
536 2160 583 2228 ad
605 2165 818 2251 opnitionem
833 2165 993 2230 unitatis
1008 2162 1234 2228 uenirerrmoo

64 2271 143 2334 euim
157 2269 265 2349 Deus,
286 2293 374 2335 unico
397 2284 429 2336 ec
453 2268 621 2336 mediator
638 2270 704 2336 Dei
726 2285 759 2336 et
783 2271 954 2336 dominam
970 2270 1063 2334 domo
1078 2266 1236 2336 Gloriatur

64 2375 173 2457 lesus,
201 2380 267 2468 qui
290 2375 385 2442 dedit
407 2374 668 2466 redemptionom
697 2380 909 2466 semetipsum
932 2401 998 2465 pro
1023 2375 1187 2444 omnibus.
1216 2401 1232 2436 n

65 2482 133 2550 Doo
156 2485 194 2552 in
222 2485 459 2573 quaestionem
491 2485 659 2570 veniunt,
693 2507 781 2576 quae
811 2487 961 2551 extensio
984 2491 1020 2552 et
1043 2503 1131 2573 quae
1154 2505 1235 2570 pro·

63 2593 189 2677 prietes
209 2590 319 2659 huius
343 2593 540 2660 volontatis
563 2599 606 2662 ut
628 2616 743 2662 omnes
767 2593 922 2662 homines
946 2591 1038 2660 salvi
1061 2589 1160 2675 liant,
1179 2588 1236 2659 do·

66 2705 178 2766 ocatur
203 2699 250 2766 ab
272 2699 454 2787 Apostolo.

126 2806 254 2888 Quoad
268 2809 418 2894 primam
435 2809 665 2898 quaestionem
686 2806 804 2875 verbis
826 2805 970 2875 disertis
987 2811 1024 2874 et
1039 2827 1100 2894 per
1115 2825 1151 2873 se
1167 2802 1235 2872 cla·

68 2911 225 2996 niminis,
252 2913 344 2980 siin
368 2914 470 2982 obvio
494 2936 555 2981 suo
579 2936 682 2983 sensu
705 2914 936 3003 accipiantur,
956 2909 1164 3001 exprimitur
1178 2931 1234 2979 ex·

68 3021 173 3089 tensio
197 3021 400 3090 voluntatis
423 3021 602 3090 salvificae
625 3021 669 3089 ad
693 3044 809 3090 omnes
832 3019 969 3088 omuino
993 3019 1166 3102 homines,
1194 3022 1237 3086 ut

69 3124 134 3193 sola
156 3127 376 3217 inspectione
397 3134 547 3196 constat.
565 3128 607 3195 In
625 3133 789 3198 contextu
805 3133 920 3196 autem
935 3124 1129 3194 nouaclum
1145 3122 1236 3192 nihil

69 3241 126 3316 est,
151 3234 246 3327 quod
271 3234 444 3323 suspicari
469 3236 565 3303 sinat
587 3234 741 3326 aliquam
766 3233 1033 3319 restrictionem
1050 3231 1111 3302 sed
1134 3231 1237 3300 immo

72 3347 250 3410 contextus
273 3341 454 3410 evidenter
477 3341 702 3426 demonstrat,
729 3364 866 3410 sensum
882 3339 1023 3408 obvium
1041 3340 1235 3421 verborum,

73 3469 132 3535 quo
154 3448 372 3538 exprimitur
394 3448 646 3518 universalitas
663 3448 858 3517 voluntatis
880 3447 1034 3531 divinae,
1059 3454 1101 3514 ut
1123 3451 1239 3515 omnes

74 3550 219 3626 homines
245 3555 338 3624 salvi
363 3556 462 3640 fiant,
488 3579 562 3625 esse
585 3579 722 3626 sensum
747 3578 867 3625 verum
884 3556 927 3622 ab
942 3553 1110 3643 Apostolo
1125 3553 1238 3621 inten-

75 3669 151 3730 tum.
177 3664 406 3731 Demonstrat
427 3664 464 3732 id
487 3671 562 3732 tum
586 3666 698 3732 forma
718 3662 945 3753 probationis,
965 3683 1026 3730 seu
1042 3683 1097 3729 res
1114 3659 1238 3727 illaad

76 3793 165 3860 quam
190 3771 466 3862 persuadendam
490 3773 656 3840 voluutas
679 3771 807 3840 salutis
830 3771 981 3838 omnium
1005 3769 1048 3835 ab
1070 3765 1238 3857 Apostolo

77 3877 260 3967 inducitur3
287 3887 362 3948 tum
386 3878 534 3948 maxime
558 3879 687 3969 duplex
711 3879 814 3962 ratio,
840 3900 910 3969 qua
931 3875 1163 3944 extensionem
1179 3896 1237 3942 vo·

79 3985 220 4058 luntatis
232 3989 412 4056 salvificae
424 3988 468 4056 ad
481 4011 596 4056 omnes
608 3984 962 4075 hominesApostolus
977 3983 1051 4074 ipse
1068 3981 1237 4051 declaret.

137 4101 170 4180 a)
182 4097 307 4188 Itaque
320 4096 417 4164 iubet
429 4095 619 4186 Apostolus
632 4095 708 4163 lieri
721 4095 895 4162 orationes
910 4113 998 4181 apro
1011 4089 1168 4157 omnibus
1180 4086 1239 4155 ho·

84 4203 263 4288 niuibus,r
282 4227 350 4272 non
364 4204 472 4272 solum
487 4227 548 4294 pro
564 4201 735 4287 fidelibus3
751 4200 811 4269 sed
821 4201 924 4266 immo
936 4197 1067 4266 directe
1082 4195 1240 4288 loquitur

85 4305 291 4382 decretione
315 4335 378 4402 pro
400 4311 613 4382 infidelibus.
633 4309 707 4378 Hoc
723 4315 838 4377 autem
854 4306 1010 4374 studium
1033 4304 1156 4372 orandi
1178 4325 1241 4392 pro

87 4419 224 4486 omcilnu
254 4419 446 4486 dominibus
471 4417 659 4508 persuadet
679 4439 721 4486 ex
741 4437 780 4485 so
801 4414 994 4506 principio,
1026 4411 1118 4505 quod
1146 4411 1241 4480 Deus
