3230 5072
532 409 570 424 ..
590 379 647 439 301
672 411 710 425 ...

39 481 268 552 exhiberetur.
282 481 390 552 eSiut
406 481 498 552 oculi
515 482 569 550 tui
585 483 819 574 apertieuper
835 485 969 553 domurn
987 485 1076 556 hane
1092 486 1148 556 die
1163 507 1204 554 ae

37 597 140 674 nocte,
160 613 267 679 super
284 590 432 674 domum,
451 590 492 658 ds
508 612 576 682 qua
593 591 729 676 dixisti,
755 593 826 661 erit
841 601 962 662 nemen
979 615 1089 661 meum
1110 593 1202 662 ibi...

39 701 73 762 nt
93 695 264 763 exaudias
288 695 561 785 deprecationem
585 696 679 762 servi
703 695 758 764 tui
781 701 817 764 et
847 695 967 785 populi
989 696 1045 765 tui
1068 697 1202 782 Israel,

37 803 272 893 quodcumque
287 801 467 870 oraverint
482 801 518 868 in
534 800 609 870 loco
625 801 721 868 istor
735 800 768 870 3.
779 801 868 891 Reg.
880 801 981 870 VHI.
997 802 1054 870 29.
1068 803 1124 870 30.
1135 809 1201 872 eto.

36 909 84 976 Ex
107 911 166 978 his
192 909 297 978 etiam
321 913 437 998 patet,
470 907 636 1000 quomodo
658 908 753 976 Deus
783 907 831 974 sit
862 908 1006 996 speciali
1037 910 1136 978 modo
1167 910 1203 978 in

36 1017 278 1106 phaenomenis
300 1023 337 1085 et
363 1014 661 1105 apparitionibus,
688 1014 815 1106 quibus
844 1036 939 1082 suam
974 1017 1207 1106 praesentiam

35 1121 351 1211 supernaturaliter
375 1120 589 1203 manifestat,
615 1119 810 1188 cuiusmodi
833 1119 871 1187 in
889 1121 931 1188 V.
949 1121 990 1187 Τ.
1006 1121 1207 1212 frequentes

35 1235 123 1313 sunt,
142 1229 235 1298 etin
250 1228 295 1298 N.
310 1228 352 1295 Τ.
367 1226 543 1295 columbae
566 1227 698 1315 speeies
722 1249 826 1314 super
849 1225 1028 1295 Christum
1052 1227 1206 1316 baptiza·

36 1343 116 1418 tum,
135 1335 282 1427 linguae
303 1334 439 1422 ignitae
462 1354 565 1422 snper
580 1331 766 1422 Apostolos
781 1337 848 1400 ete.
866 1332 924 1400 Ad
943 1333 1077 1400 animas
1099 1335 1207 1403 ratio*
1345 1351 1349 1356 ·

36 1443 126 1510 nales
151 1442 285 1511 elicitur
309 1441 441 1524 venire,
459 1439 563 1508 ineis
580 1439 809 1508 sanctificatis
825 1439 985 1508 habitare
1001 1447 1037 1508 ct
1053 1462 1203 1526 manere,

37 1557 104 1616 tum
121 1549 216 1640 quod
232 1548 283 1616 eis
299 1569 463 1638 praesens
486 1547 610 1615 intime
633 1569 694 1637 per
717 1547 902 1616 essentiam
918 1548 956 1614 in
973 1547 1024 1616 eis
1040 1555 1206 1637 perpetuo
1286 1541 1291 1554 ’

37 1656 204 1726 diffundit
226 1663 263 1724 et
292 1657 403 1724 ineis
433 1661 618 1724 conservat
647 1662 684 1723 et
714 1655 907 1745 amplificat
936 1655 1088 1744 pretiosa
1118 1656 1208 1724 dona

37 1765 171 1850 gratiae
193 1770 231 1832 et
253 1763 483 1848 charismata,
509 1762 635 1854 quihus
665 1762 917 1831 assimilatione
947 1761 1207 1852 supernaturali
1338 1769 1343 1788 ¹

38 1871 217 1960 adipsum
242 1871 279 1938 in
308 1870 475 1959 adoptiva
510 1870 682 1938 filiatione
706 1870 994 1954 constituuntur,
1019 1875 1093 1938 tum
1118 1869 1209 1961 quod

39 1977 84 2044 ita
106 1978 342 2048 sanctificatis
357 2001 393 2046 sc
412 1978 525 2067 ipsum
549 1976 747 2046 immediate
770 1982 813 2044 ut
836 1977 1007 2045 obiectum
1023 1977 1116 2060 fidei,
1134 1977 1209 2066 spei

40 2092 70 2149 et
85 2083 275 2153 charitatis
290 2083 443 2152 exhibet.
459 2083 604 2152 Manent
619 2083 715 2172 ipsae
731 2083 865 2150 animae
888 2082 925 2148 in
940 2082 1011 2151 Deo
1034 2087 1209 2173 tamquam

40 2191 207 2261 obiectum
230 2199 393 2281 paternae
417 2191 627 2282 cognitionis
651 2196 687 2258 et
710 2189 926 2274 dilectionis,
952 2195 994 2257 ut
1018 2189 1129 2258 vitam
1153 2211 1208 2257 ae·

40 2305 170 2366 urnam
193 2298 245 2367 eis
268 2299 443 2385 conferet,
469 2306 504 2366 et
528 2303 643 2365 manet
665 2297 760 2364 Deus
782 2296 820 2364 in
842 2296 894 2364 eie
917 2301 1094 2387 tamquam
1119 2295 1207 2364 obie-

42 2411 130 2472 ctum
155 2405 367 2495 cognitionis
390 2413 426 2474 et
449 2403 646 2474 dilectionis
669 2403 816 2486 filialis,
843 2404 895 2471 ita
918 2409 959 2471 ut
982 2407 1103 2470 mutua
1126 2403 1209 2470 ami-

43 2515 122 2582 citia
145 2515 239 2582 inter
262 2513 362 2604 ipsae
380 2520 417 2582 et
438 2515 548 2582 Deum
572 2512 778 2580 intercedat.
807 2511 915 2578 Porro
945 2511 1144 2600 explicatur
1166 2533 1209 2578 ex

43 2620 143 2689 dietis
166 2621 329 2711 specialis
351 2621 550 2710 praesentia
579 2617 644 2688 Dei
675 2617 831 2707 Spiritus
864 2616 985 2686 Sancti
1018 2616 1210 2686 revelantis

44 2727 76 2794 in
97 2728 279 2819 prophetis
300 2736 337 2797 et
350 2727 542 2817 Apostolis,
561 2725 762 2794 assistentis
785 2731 822 2792 et
844 2724 1073 2814 gubernantis
1089 2723 1126 2790 in
1142 2723 1208 2792 Eo·

45 2833 156 2902 alesia:
174 2835 408 2903 «Paracletus
432 2833 609 2902 vobiscum
631 2829 670 2897 in
693 2835 883 2916 aeternum
899 2855 915 2891 n
933 2851 1040 2900 eecce
1062 2851 1127 2917 ego
1151 2851 1209 2898 vo-

44 2941 170 3010 biscum
193 2943 354 3010 omnihus
376 2941 526 3010 diebus»
551 2940 601 3008 Io.
627 2937 726 3006 XIV.
746 2937 800 3024 16,
821 2936 950 3005 Matth.
965 2935 1137 3006 XXVIII.
1153 2935 1209 3003 20.

45 3047 82 3115 In
104 3050 196 3120 coelo
228 3072 313 3119 vero
342 3049 437 3118 Deus
459 3070 622 3139 praesens
646 3069 719 3116 sese
750 3046 787 3112 in
820 3045 977 3112 omnibus
1008 3044 1145 3133 angelis
1177 3050 1213 3111 et

46 3159 170 3227 sanctis
191 3159 350 3227 revelata
364 3157 690 3239 facie'manifestat,
709 3177 782 3222 sese
806 3152 1007 3238 videndum,
1026 3153 1209 3221 amandum

46 3271 79 3332 et
100 3266 285 3334 fruendum
308 3264 485 3346 exhibens,
502 3263 595 3332 sicut
610 3267 674 3344 est,
693 3261 731 3327 in
746 3259 965 3348 plenitudine
988 3281 1071 3327 suae
1095 3281 1207 3326 essen-

46 3371 122 3454 tiae,
140 3373 317 3456 veritatis,
337 3371 506 3440 honitatis
520 3377 556 3438 et
578 3367 865 3458 pulchritudinis,
886 3387 973 3456 qnae
990 3387 1058 3433 uno
1073 3364 1212 3434 nomine

48 3477 171 3548 dieitur
194 3480 310 3570 gloria
333 3479 409 3548 Dei.
433 3477 559 3546 ulricet
581 3477 672 3545 enim
696 3476 823 3566 ubique
840 3495 997 3542 essenon
1014 3471 1210 3556 dubitetur,

49 3585 157 3677 inquit
180 3588 218 3656 S.
234 3587 437 3656 Bernardne
460 3586 511 3673 (in
534 3585 592 3654 Pe.
608 3585 674 3666 Qui
698 3579 1060 3666 habitat,eerm.1.n.
1078 3581 1143 3666 4.),
1162 3577 1212 3646 sic

50 3701 155 3763 tamen
178 3695 217 3764 in
241 3695 335 3764 coelo
358 3701 424 3778 est,
443 3700 484 3763 ut
499 3693 543 3761 ad
565 3691 642 3760 eius
665 3689 952 3781 comparationem
977 3711 1039 3756 nec
1062 3709 1137 3755 esse
1160 3686 1213 3754 vi·

51 3800 167 3872 deutur
198 3804 236 3870 in
254 3803 373 3873 terris.
398 3803 544 3892 Propter
574 3799 664 3892 quod
691 3807 727 3868 et
759 3793 1214 3866 oranteseieimus=1>ater

52 3917 170 3996 noster,
189 3911 252 4002 qni
267 3933 304 3978 es
319 3909 357 3976 in
379 3908 496 3977 coelis.
523 3907 627 3976 Siout
648 3907 739 3974 enim
762 3904 879 3971 anima
895 3926 973 3972 cum
988 3902 1024 3968 in
1042 3905 1115 3968 toto
1132 3921 1214 3990 quo·

53 4015 178 4098 quasit
200 4035 360 4103 corpore,
385 4011 613 4086 excellentius
643 4015 758 4078 tamen
780 4015 817 4077 et
848 4005 1067 4094 singularius
1098 4001 1215 4071 estin

54 4122 167 4207 capite,
185 4121 222 4190 in
245 4143 313 4212 quo
336 4125 420 4188 eunt
442 4141 556 4187 omnee
580 4139 757 4187 uenena...
778 4115 869 4183 unde
892 4116 1060 4204 quantum
1076 4110 1120 4178 ad
1137 4132 1215 4178 eum

56 4227 177 4298 nodum
200 4251 268 4320 quo
291 4229 329 4296 in
351 4228 463 4318 capite
486 4233 551 4310 est,
570 4231 686 4294 cetera
708 4222 859 4290 membra
882 4219 1027 4288 videtur
1051 4217 1212 4309 quodam·

56 4336 141 4404 nodo
161 4359 231 4405 non
252 4343 324 4404 tam
348 4336 546 4404 inhabitare
569 4355 672 4425 quam
701 4351 835 4421 regere:
854 4328 908 4397 ita
930 4326 962 4394 si
985 4323 1216 4415 praesentiam

57 4439 142 4510 illam
157 4443 360 4534 cogitemus,
375 4465 443 4534 qua
460 4441 553 4511 beati
569 4439 687 4530 angeli
712 4437 955 4528 perfruuntur,
974 4431 1134 4501 videmur
1152 4429 1215 4498 vix
