3394 5056
596 369 635 382 ..
655 337 695 396 03
717 367 754 382 ..

102 441 216 510 neiat·
226 441 342 518 Solam
353 444 482 533 exoipi,
496 443 559 526 ait,
571 443 769 526 infantiam,
780 448 885 534 atque
897 440 949 510 ita
962 439 1117 529 intelligi
1129 441 1262 522 debere,

102 547 185 639 quod
199 549 328 618 Paulus
344 549 434 620 dicit
449 551 546 618 Rom.
558 550 642 619 VII:
659 572 754 639 nego
770 556 887 618 autem
904 549 1064 618 vivebam
1076 547 1265 640 aliquando

101 657 168 724 siue
191 657 282 746 lege,
305 657 366 726 sed
391 658 449 726 ubi
484 663 582 726 venit
613 655 838 742 mandatum,
865 661 1044 746 peecatum
1080 655 1225 726 revixit.
1247 683 1262 716 ι

101 761 192 832 Nihil
214 787 299 853 opus
321 771 378 832 ast
393 765 508 834 dioere
531 765 573 834 de
598 763 740 833 Sedulio
763 771 799 832 et
823 763 993 830 Primasio
1013 763 1050 830 in
1067 763 1103 830 b.
1122 763 1146 832 l.
1162 762 1265 830 Prior

103 873 167 937 iere
187 871 392 939 transcribit
416 871 698 940 commentarium
722 871 904 958 origenis,
924 871 1015 939 alter
1038 876 1173 960 gantas,
1197 871 1268 954 ait,

100 1001 167 1046 ease
179 977 442 1062 inexcusabiles,
461 979 622 1070 quamvis
650 979 724 1046 sint
746 977 821 1046 siue
837 978 914 1067 lege
932 977 1126 1068 (positiva),
1148 1009 1164 1042 a
1183 978 1265 1069 quia

103 1088 199 1152 onam
221 1087 314 1152 bomo
339 1088 376 1154 in
401 1087 612 1156 oonseientia
635 1085 676 1153 de
701 1092 840 1174 peceato
865 1086 1051 1170 erubescit,
1070 1093 1106 1154 et
1121 1087 1162 1154 da
1179 1088 1265 1155 bono

103 1197 187 1262 iacto
206 1192 375 1262 laetatur.
393 1221 414 1290 a

160 1301 210 1368 Ex
234 1302 488 1370 recentioribus
512 1301 739 1391 theologis-st
754 1302 1019 1391 interpretibus,
1038 1303 1098 1393 qui
1115 1301 1172 1372 vel
1189 1301 1265 1370 uui·

102 1431 145 1490 oe,
170 1407 222 1476 rel
246 1407 353 1475 etiam
369 1406 412 1475 de
428 1407 628 1476 infidelibus
650 1415 686 1478 et
709 1407 751 1476 de
768 1407 845 1498 lage
862 1407 993 1476 lumine
1010 1408 1159 1476 rationis
1175 1407 1266 1476 oitra
1320 1437 1324 1446 ·

102 1517 319 1584 extrinsecam
333 1515 579 1585 revelationem
597 1515 821 1596 manifestata
837 1515 984 1584 Paulum
998 1514 1265 1606 intelligendum

102 1647 167 1692 esse
189 1623 322 1705 dooeut,
342 1623 438 1692 iuter
453 1623 723 1692 innumerabiles
739 1625 919 1692 nominabo
943 1623 1093 1716 aliquos,
1112 1645 1198 1715 quos
1214 1621 1264 1691 di-

103 1729 260 1820 ligentius
284 1729 432 1816 oontnli;
457 1739 499 1799 ut
521 1739 605 1800 suut
628 1739 766 1821 praeter
789 1730 1006 1815 Caletanum,
1033 1753 1132 1825 quem
1154 1730 1265 1800 solnm

103 1837 214 1906 Estius
228 1848 263 1906 et
287 1861 486 1927 anonymus
508 1839 640 1922 citant,
668 1837 869 1908 Thonistae
891 1838 1095 1907 Dominious
1118 1838 1201 1907 Soto
1224 1837 1267 1910 de

106 1941 319 2014 Instatinr.
334 1945 403 2013 1.1.
421 1971 455 2038 q,
473 1947 507 2033 43
525 1953 562 2015 et
577 1953 757 2015 comment.
773 1947 810 2014 in
826 1947 924 2015 Rom.
943 1946 1035 2032 h.1.;
1054 1946 1266 2016 Cathariuus

104 2054 136 2120 iu
149 2051 181 2120 b.
191 2053 231 2140 1.;
246 2052 351 2122 Cerd.
368 2053 468 2122 Gotti
485 2053 526 2122 de
539 2062 635 2124 stetu
660 2077 767 2144 puras
783 2062 930 2124 naturae
943 2079 976 2146 q.
989 2054 1044 2122 11.
1055 2055 1137 2124 dub.
1147 2053 1181 2122 2.
1192 2055 1262 2137 §.L
1277 2066 1280 2072 '

106 2161 174 2246 u.b;
187 2160 228 2230 de
241 2161 321 2250 lege
333 2169 451 2229 natur.
467 2187 502 2252 q.
519 2161 552 2230 3.
571 2163 653 2230 dub.
670 2163 702 2230 1.
722 2169 753 2244 ἕ.
766 2161 797 2230 1.
813 2187 847 2228 n.
859 2163 893 2250 23
913 2162 1089 2232 Sootistae
1104 2160 1265 2229 Androne

107 2267 192 2359 Vaga
203 2293 325 2359 opusc.
336 2266 378 2335 de
393 2268 576 2338 iustificat.
591 2269 636 2337 ad
648 2268 761 2356 linem,
773 2267 896 2338 Claud.
906 2269 1056 2338 Frassan
1070 2267 1164 2338 Soet.
1176 2268 1265 2338 Aea·

106 2378 180 2446 dem.
193 2377 235 2446 Τ.
245 2377 313 2444 IV.
324 2376 367 2445 da
379 2385 472 2466 grat.
485 2376 605 2446 Treot.
616 2375 667 2444 ΙΙ.
680 2405 713 2469 q.
723 2375 756 2444 3.
768 2402 802 2466 p.
815 2376 894 2464 4983
910 2375 1080 2444 Bernerd.
1092 2399 1114 2443 a
1125 2377 1266 2446 Pioonio

105 2486 135 2552 in
148 2485 181 2554 b.
192 2485 232 2570 i.;
249 2484 432 2553 Serbonioi
446 2483 638 2552 Duvallius
654 2485 695 2554 de
712 2483 850 2574 legibus
863 2509 897 2576 q.
910 2483 943 2552 3.
956 2507 988 2552 a.
1002 2485 1034 2552 1.
1045 2492 1082 2552 et
1092 2483 1126 2570 43
1142 2484 1266 2584 Gama-

106 2592 220 2660 ahaens
236 2592 275 2660 in
294 2591 327 2660 1.
345 2591 378 2658 2.
399 2618 432 2683 q.
452 2591 507 2677 943
523 2591 564 2659 de
587 2591 665 2682 lege
690 2600 806 2660 natur.
828 2617 857 2662 o.
879 2592 911 2660 1.
926 2602 962 2662 et
983 2591 1024 2678 33
1042 2591 1201 2660 Grandia
1224 2592 1266 2660 de

106 2700 219 2770 Gratis
230 2729 265 2793 q.
278 2700 312 2768 1.
325 2723 355 2767 o.
367 2699 400 2767 2.
412 2699 486 2767 a.1.
498 2698 620 2767 seotl.
635 2709 673 2767 et
688 2699 721 2786 23
741 2699 920 2788 'I'ournely
938 2700 979 2768 de
993 2699 1094 2768 (irat.
1110 2725 1143 2790 q.
1155 2698 1263 2766 4.a.l.

106 2807 250 2878 conell.
269 2817 363 2899 part.
381 2809 416 2894 23
435 2806 613 2877 calmetus
629 2807 666 2875 iu
682 2807 717 2874 h.
729 2807 770 2894 i.;
788 2817 863 2876 tum
880 2808 943 2876 alii
961 2807 1105 2876 Toletus
1120 2808 1158 2875 in
1174 2805 1210 2875 h.
1222 2805 1263 2892 i.;

106 2913 299 2984 bellarmin.
318 2915 361 2983 de
386 2915 487 2983 Grat.
507 2921 543 2984 et
556 2915 618 2982 lib.
638 2913 744 2983 arbit.
764 2913 788 2982 l.
804 2913 849 2982 V.
869 2939 899 2984 o.
917 2916 951 3000 9,
977 2914 1120 2997 Suarea,
1147 2912 1209 3005 qui
1224 2911 1266 2987 de

106 3021 207 3090 baare
220 3019 357 3112 prolixe
370 3021 528 3110 disputat
545 3022 568 3088 l.
587 3019 617 3088 I.
637 3021 679 3090 de
696 3030 792 3089 urat.
813 3047 842 3089 a.
861 3023 894 3089 8.
914 3021 1016 3089 aab.
1034 3043 1123 3112 sqq.;
1143 3017 1263 3109 Ripal-

107 3129 144 3196 da
165 3129 459 3199 demonstratione
482 3129 698 3219 amplissima
715 3136 837 3198 eontra
851 3129 931 3196 Baii
948 3129 1117 3198 artioulos
1134 3127 1176 3194 Τ.
1194 3125 1263 3194 ΙΠ.

107 3237 142 3304 da
162 3237 250 3306 Enta
274 3236 550 3326 supernaturali,
577 3239 780 3325 praesertim
804 3237 895 3326 disp.
909 3237 989 3304 XX.
1010 3244 1093 3306 seat.
1120 3234 1160 3322 ὃς
1186 3234 1266 3302 Cor·

107 3345 166 3412 uel.
191 3371 210 3412 a
231 3345 377 3434 Lepide,
402 3343 580 3413 Benediot.
608 3345 781 3427 Perarius,
809 3344 954 3413 Tirinus
970 3345 1007 3412 in
1023 3343 1059 3410 h.
1077 3343 1118 3430 l.;
1138 3343 1268 3412 versio·

108 3474 159 3519 nes
168 3449 374 3540 Scripturas
386 3472 464 3518 oum
476 3449 642 3519 subiectis
654 3447 938 3518 adnotationibus
950 3449 1118 3518 laudante
1131 3449 1168 3517 S.
1180 3447 1279 3526 Sede

108 3557 235 3642 editae,
262 3556 422 3648 poloniae
444 3555 627 3641 Wuiekii,
653 3556 776 3626 italiae
797 3555 1062 3646 Arohiepisoopi
1085 3553 1264 3638 Martinii,
1323 3569 1326 3582 ·

108 3665 295 3755 germanica
311 3663 465 3750 Alliolii;
485 3663 649 3734 oatholiai
666 3665 875 3754 interpretas
887 3673 1026 3732 nostrae
1043 3665 1171 3732 aetatis
1191 3662 1266 3753 plu-

108 3775 177 3842 rimi
202 3771 461 3856 Kistemaoher,
487 3772 595 3854 Klee,
621 3772 853 3857 Reitbmaier,
883 3772 1011 3842 Adalb.
1036 3771 1160 3856 Maior,
1189 3769 1267 3838 Bis·

109 3882 181 3972 ping
204 3889 271 3950 eto.
298 3881 335 3948 in
360 3879 395 3947 b.
414 3878 441 3946 l.

162 3989 274 4058 Unius
297 3989 473 4057 Dominioi
504 3989 586 4056 Soto
618 3987 773 4079 theologi
799 3987 998 4058 Tridentini
1023 3990 1129 4058 verba
1155 3997 1267 4058 traus-

110 4099 256 4182 aoribam,
283 4097 368 4189 qnia
390 4105 427 4164 et
449 4095 628 4186 praeclara
652 4105 745 4179 sunt,
764 4105 801 4165 at
816 4095 990 4185 prinoipia
1007 4097 1173 4188 quaedam
1190 4119 1267 4166 eon-

111 4205 209 4274 tineut
231 4205 443 4296 theologiae,
469 4205 663 4273 necessaria
680 4205 723 4272 ad
740 4214 834 4274 reete
857 4204 1107 4294 intelligendas
1124 4205 1267 4274 Petrum

112 4313 298 4382 enuntias.
318 4311 366 4388 In⁴
384 4319 563 4382 nommant.
586 4311 620 4380 in
646 4312 742 4380 Rom.
763 4311 811 4380 II.
832 4311 886 4380 14.
909 4312 961 4380 ita
977 4311 1153 4402 loquitur:
1179 4311 1267 4378 Pau·

115 4419 158 4485 lus
176 4425 252 4510 agit
275 4421 317 4488 de
348 4419 518 4502 etbuiois,
551 4451 567 4481 u
589 4419 714 4510 quippe
740 4423 798 4510 qui
823 4421 953 4508 legem,
982 4443 1081 4510 quam
1111 4419 1180 4482 solo
1209 4444 1283 4492 nos
