3224 5068
906 399 943 412 -
965 367 1026 426 sae
1046 399 1084 412 -
1594 415 1595 450 q

408 469 593 562 prehendit
616 473 739 542 deinde
762 495 801 541 eo
825 474 902 564 ipso
925 480 966 543 ut
989 475 1174 544 imitabilis
1199 476 1243 544 ad
1267 480 1369 544 extra
1391 471 1595 548 eminenter]

407 582 560 649 rationes
591 605 706 651 omues
730 584 880 653 omnium
902 609 971 654 non
998 585 1097 654 modo
1127 585 1356 654 existentium
1390 585 1452 652 sed
1479 583 1595 650 etiam}

407 688 646 778 possibilium
672 692 931 782 comprehendit
962 715 1063 782 porro
1087 716 1158 762 uua
1180 692 1395 784 cogitatione
1417 691 1595 784 infinitap

409 804 575 886 quaeest
597 799 675 887 ipsa
697 799 773 867 eius
797 801 1015 886 substantia,
1042 825 1159 870 omues
1192 801 1304 868 omnis
1328 800 1405 868 veri
1429 799 1595 884 rationes}

409 903 446 970 in
469 904 547 993 ipsa
569 927 634 972 sna
657 906 822 991 essentia,
842 913 879 974 et
895 906 1158 997 comprehendit
1180 930 1252 976 una
1274 905 1505 975 substantiali
1528 899 1595 986 voi

408 1011 533 1080 litione
557 1035 672 1081 omnes
695 1015 805 1082 omnis
837 1015 917 1083 boni
945 1017 1100 1085 rationes
1128 1016 1165 1084 in
1188 1016 1307 1085 eadem
1331 1037 1396 1084 sua
1418 999 1595 1082 essentiel

407 1119 571 1211 Haecque
594 1121 708 1188 omnia
730 1122 768 1188 iu
799 1145 838 1190 eo
870 1129 953 1190 sunt
983 1147 1090 1191 unum
1123 1123 1421 1213 simplicissimum
1446 1119 1578 1188 intelie-

408 1227 525 1296 ctuale
548 1229 647 1312 Esse,
673 1229 758 1298 adeo
778 1235 820 1298 ut
835 1231 954 1300 unitas
970 1231 1196 1321 perfectiouis
1213 1230 1271 1298 cui
1282 1235 1462 1320 repugnat
1476 1227 1578 1296 omnis

408 1334 612 1420 diversitas,
631 1359 696 1404 sua
711 1338 851 1407 infinita
874 1339 1071 1408 intensione
1093 1338 1329 1430 aequipolleat
1343 1341 1378 1406 et
1394 1335 1576 1426 superemi-

409 1449 491 1510 neat
502 1443 653 1512 infinitis
665 1443 857 1532 distinctis,
872 1447 903 1516 si
918 1469 959 1516 ea
976 1469 1071 1514 meus
1087 1448 1267 1538 concipere
1279 1451 1409 1536 posset.
1427 1445 1469 1512 Si
1484 1464 1577 1533 porro

410 1549 667 1620 consideremus
691 1552 862 1620 unitatem
894 1552 1191 1642 simplicissimam
1221 1551 1394 1621 essentiae
1423 1551 1576 1618 infinitae

410 1681 488 1726 cum
519 1658 745 1729 distinctione
776 1661 865 1730 reali
894 1667 929 1729 et
958 1661 1154 1730 necessarie
1184 1682 1410 1751 personarum
1439 1659 1573 1738 Patria,

409 1764 510 1849 Filii,
535 1771 570 1833 et
586 1765 743 1856 Spiritus
761 1768 882 1838 Sancti
905 1769 1061 1854 interae,
1080 1769 1117 1836 in
1134 1770 1290 1857 perfecta
1304 1767 1492 1836 identitate
1508 1787 1574 1832 cun

410 1873 575 1954 essentia,
595 1875 847 1966 quadamtenus
864 1877 1049 1967 cogitando
1064 1877 1244 1966 concipere
1259 1875 1317 1945 vel
1332 1875 1451 1965 potius
1467 1874 1504 1941 in
1520 1875 1574 1938 hac

412 1986 532 2048 nostra
555 1981 709 2070 caligine
732 1985 905 2074 suspicari
929 2008 1125 2074 possumus,
1145 1983 1311 2074 quomodo
1333 1983 1428 2052 Deus
1444 1983 1494 2048 sit
1509 1981 1575 2069 ipsa

411 2087 640 2178 pulchritudo
663 2091 824 2159 absoluta
847 2093 884 2162 in
909 2115 945 2160 se
962 2092 1024 2179 (1),
1044 2092 1082 2158 in
1105 2091 1206 2159 cuins
1229 2089 1530 2180 comprehensione
1545 2101 1572 2153 et

411 2217 526 2264 amore
545 2196 685 2265 infinito
701 2198 779 2287 ipsa
794 2199 917 2268 divina
933 2199 1112 2268 beatitudo
1128 2198 1303 2284 consistit,
1320 2203 1357 2266 et
1372 2196 1474 2266 cuins
1489 2195 1572 2264 clara

413 2303 548 2373 visione
571 2305 680 2374 omnis
703 2329 804 2406 mens
822 2313 941 2376 creata
964 2309 1001 2376 iu
1025 2329 1176 2376 amorem
1200 2307 1339 2396 rapitur
1364 2310 1400 2373 et
1422 2303 1571 2374 continuo

413 2411 517 2478 beata
540 2415 605 2478 est.

481 2650 523 2726 (1)
542 2655 791 2708 Pulchritndinem
810 2657 863 2708 Dei
889 2655 1028 2710 describit
1046 2653 1226 2720 Augustluua
1247 2653 1282 2706 de
1301 2653 1379 2707 Trin.
1395 2655 1417 2709 l.
1430 2655 1479 2706 vl.
1499 2669 1520 2703 c.
1535 2651 1567 2700 lt.

414 2762 442 2796 n.
459 2746 502 2798 11.
517 2745 623 2798 Filium
637 2746 672 2798 ab
692 2745 808 2798 Hilario
821 2745 942 2812 speciem
959 2747 1136 2812 appellatum
1150 2759 1212 2796 esse
1225 2745 1332 2811 inquit,
1350 2763 1363 2790 ι
1374 2741 1456 2796 crado
1470 2743 1569 2808 propter

413 2835 695 2902 pulchritudinemn
717 2837 796 2888 Hanc
819 2834 885 2887 dein
914 2834 1042 2888 declarat
1067 2835 1229 2888 formaliter
1250 2839 1283 2886 ut
1307 2833 1401 2886 uilius
1424 2837 1468 2886 est
1492 2832 1568 2891 imago

414 2925 510 2977 Patris
531 2940 564 2977 ex
585 2939 626 2991 eo,
649 2924 723 2992 quod
744 2929 789 2978 est
805 2923 922 2990 «prima
941 2923 1103 2991 aequalitas
1117 2929 1146 2975 et
1162 2923 1255 2990 prima
1274 2921 1436 2974 similitudo
1458 2921 1533 2972 nulla
1545 2919 1566 2967 iu

415 3031 445 3066 re
468 3013 612 3067 dissidens
633 3019 662 3066 ct
681 3016 761 3068 nullo
781 3015 861 3067 modo
880 3015 1045 3082 inaequalis
1061 3015 1183 3068 utnulla
1202 3017 1333 3080 exparte
1353 3011 1515 3074 dissimilis;
1530 3003 1566 3058 set

414 3103 449 3156 ad
468 3103 654 3158 identitatem
675 3105 850 3172 respondeus
871 3105 907 3170 ei,
928 3105 1009 3158 euius
1029 3106 1074 3156 est
1094 3105 1198 3169 imago.
1210 3124 1222 3152 n
1236 3099 1482 3156 Pulchritudiuem
1500 3109 1566 3164 porro

414 3195 574 3248 absolutam
595 3195 722 3262 explicat
739 3197 769 3247 in
786 3196 853 3261 Dec,
871 3215 883 3242 a
898 3195 948 3248 ubi
965 3199 1009 3248 est
1027 3195 1120 3261 prima
1142 3197 1172 3246 et
1191 3207 1298 3247 summa
1316 3193 1389 3258 vita,
1409 3192 1455 3244 cni
1471 3205 1521 3240 non
1533 3199 1565 3238 esi

414 3283 495 3336 aliud
515 3285 613 3338 vivere
635 3285 758 3338 etaliud
779 3300 857 3350 esse;
879 3283 1022 3338 sedidem
1045 3288 1172 3337 estesse
1194 3285 1225 3335 et
1247 3283 1362 3336 vivere:
1384 3285 1413 3332 et
1432 3280 1565 3347 primurm

415 3387 540 3426 summus
559 3375 736 3440 lntcllectus,
759 3375 804 3428 cui
824 3391 881 3426 nou
902 3379 947 3428 est
971 3375 1050 3428 alind
1071 3375 1171 3427 vivero
1193 3377 1224 3425 et
1242 3371 1323 3424 alind
1336 3372 1508 3436 intelligere
1528 3364 1564 3417 scd

413 3463 445 3514 id
466 3463 540 3528 qnod
560 3468 605 3516 cat
623 3465 799 3532 intelligere,
815 3465 867 3516 hoc
880 3465 988 3531 vivere,
1002 3465 1053 3518 hoc
1067 3479 1128 3516 esse
1143 3467 1204 3530 est,
1220 3477 1307 3514 uuum
1318 3461 1428 3514 omnia:
1443 3465 1564 3524 amquam

415 3552 538 3604 Verbum
553 3553 717 3618 perlectum,
731 3554 777 3606 cui
790 3569 846 3605 non
867 3553 943 3606 desit
960 3552 1086 3620 aliquid,
1108 3555 1138 3604 ct
1156 3567 1203 3604 ars
1224 3549 1362 3617 quaedam
1382 3543 1564 3616 omnipotentis

415 3645 502 3708 atque
525 3642 665 3709 sapientis
687 3643 740 3696 Dei
762 3645 849 3710 plena
867 3645 989 3696 omnium
1010 3643 1152 3696 rationum
1175 3640 1353 3706 viventium,
1375 3633 1563 3692 iucommutabi·

415 3732 496 3798 lium,
517 3735 547 3784 et
563 3747 658 3784 omnes
671 3747 757 3784 unum
780 3733 874 3800 inea,
896 3733 1057 3800 sicutipse
1079 3747 1165 3785 unum
1186 3730 1220 3784 de
1238 3745 1308 3796 uno,
1330 3745 1391 3782 cum
1414 3744 1466 3794 qno
1485 3739 1562 3777 nnun-

416 3823 461 3874 Ibi
481 3821 564 3874 novit
585 3805 679 3874 omnia
704 3823 779 3876 Deus
800 3838 871 3890 qnae
891 3821 960 3876 feeit
981 3823 1153 3890 peripsum,
1175 3823 1204 3873 et
1222 3819 1285 3873 ideo
1308 3835 1370 3872 cnm
1393 3816 1519 3870 decedant
1543 3815 1563 3862 ct

417 3913 568 3966 succedant
587 3917 723 3981 tempora,
744 3929 801 3966 non
824 3913 936 3968 decedit
954 3913 1066 3980 aliquid
1087 3915 1133 3966 vel
1157 3911 1283 3966 succedit
1303 3909 1441 3964 scientiae
1458 3906 1534 3960 Dei.-
