3230 5072
535 376 573 389 -
594 342 655 405 409
675 375 713 390 -

52 456 114 518 tero
133 447 267 518 ratione
291 449 390 540 prius
413 454 478 534 est,
496 448 550 518 ita
575 471 612 518 se
634 449 751 518 habet:
770 448 802 516 1ο
818 447 940 516 divina
962 448 1113 518 essentia
1129 448 1204 516 imi-

50 555 156 624 tabilis
177 555 222 624 ad
246 559 357 644 extra3
384 555 418 623 2⁰
448 555 628 647 possibilia
651 555 776 643 omnia;
802 555 844 623 3¹⁰
868 554 990 624 divina
1011 557 1204 626 intellectio

50 661 287 731 imitabilitetis
308 663 478 733 essentiae
501 663 597 732 etin
619 663 684 732 hac
708 662 901 733 intellectio
925 663 1077 732 omnium
1100 665 1205 756 possi-

49 768 170 853 bilium,
189 773 230 837 ut
244 773 328 838 suut
349 769 540 859 operabilia
562 791 584 837 a
605 771 676 837 Deo
700 770 788 860 ipso;
813 771 848 838 4⁰
871 769 1063 839 intellectio
1087 793 1204 862 opera·

48 876 158 944 biliam
181 882 218 944 at
232 877 498 946 existentiarum
521 878 775 948 efficiendarum
799 878 1001 968 praelucens
1026 879 1204 948 voluntati

45 983 218 1068 effectrici,
232 989 268 1052 et
283 983 574 1054 voluntaslibera
587 985 817 1054 intellectioni
834 987 1019 1056 coniuncta
1030 986 1205 1078 imperans

45 1091 242 1160 existentias
264 1114 326 1183 pro
348 1091 467 1184 aliqua
489 1093 655 1185 temporis
678 1092 892 1181 differentia3
918 1096 951 1161 5⁰
976 1093 1108 1164 veritas
1131 1095 1204 1164 exi·

44 1198 184 1268 stentiae
213 1222 276 1290 pro
305 1221 346 1269 ea
375 1199 575 1270 differentia
604 1200 788 1292 temporis;
816 1202 850 1268 6⁰
880 1201 1027 1271 scientie
1057 1201 1204 1271 visionis

44 1305 141 1376 huius
162 1307 382 1378 existentiae.

102 1415 154 1483 Ex
172 1414 229 1483 his
243 1416 371 1486 iterum
386 1423 495 1507 patet,
510 1417 691 1486 scientiam
707 1417 911 1506 practicam,
926 1439 1014 1509 quae
1029 1422 1203 1510 tamquam

45 1543 139 1590 musa
154 1523 334 1614 praecedit
349 1523 536 1593 veritatem
551 1523 658 1593 realis
673 1523 894 1611 existentiae,
913 1547 983 1594 uon
997 1548 1071 1595 esse
1094 1527 1203 1596 scien·

43 1629 119 1696 tiam
152 1630 317 1718 visionis;
349 1632 409 1700 sed
440 1632 543 1700 immo
573 1633 755 1702 scientiam
787 1633 935 1702 visionis
963 1656 1036 1703 csse
1067 1634 1203 1703 ratione

46 1739 259 1827 posteriorem
274 1760 358 1830 pree
374 1738 522 1808 scientia
531 1741 696 1831 practica,
711 1762 797 1833 quae
811 1741 1036 1832 coniungitur
1052 1763 1129 1811 cum
1144 1763 1203 1810 vo-

45 1843 172 1914 luntate
188 1845 356 1915 efficiente
373 1846 430 1915 vel
443 1846 565 1916 saltem
582 1847 816 1938 permittente,
828 1854 864 1916 et
878 1848 954 1918 idco
970 1849 1075 1918 etiam
1090 1855 1202 1940 poste·

46 1951 159 2020 riorem
173 1975 258 2044 prae
271 1953 421 2024 veritate
439 1954 647 2024 existentiae
664 1954 701 2023 in
717 1955 876 2024 omnibus
892 1957 968 2026 suis
984 1956 1140 2026 obiectis.

101 2059 168 2128 111.
195 2059 235 2130 si
250 2053 335 2130 hiso
350 2067 405 2132 est
416 2062 508 2132 ratio
522 2061 689 2131 scientiae
699 2062 846 2132 visionis
858 2063 902 2132 ad
915 2063 1085 2133 obiectum
1102 2086 1202 2132 suum

44 2168 187 2236 nuans
208 2169 413 2258 generatim,
431 2169 536 2238 etiam
559 2169 595 2237 in
620 2169 677 2255 iis,
695 2191 784 2262 quae
799 2169 1017 2240 avoluntate
1033 2171 1099 2240 Dei
1122 2193 1202 2262 pen-

45 2274 118 2344 dent
144 2283 319 2368 tamquam
344 2298 365 2345 a
388 2299 494 2348 causa
524 2278 628 2348 unica
650 2278 837 2365 efficiente,
869 2299 908 2347 eo
938 2279 1137 2348 evidentius
1165 2279 1202 2346 in

44 2385 170 2454 actibus
191 2384 314 2455 liberis
337 2394 590 2472 creaturarum,
609 2385 670 2479 qui
694 2387 845 2477 pendent
867 2409 888 2454 a
911 2387 1023 2456 libera
1045 2387 1202 2457 determi-

44 2492 173 2562 natione
195 2499 333 2564 creatae
356 2495 563 2582 volnntstis,
581 2494 718 2564 ratione
740 2495 838 2586 prior
852 2501 906 2564 est
920 2501 958 2564 et
972 2495 1016 2564 ad
1034 2495 1202 2564 visionem

46 2597 188 2668 divinam
216 2603 427 2694 supponitur
456 2604 590 2674 veritas
620 2603 828 2673 existentiae
858 2608 958 2672 actus
988 2624 1051 2693 pro
1082 2601 1203 2694 aliqua

45 2709 197 2800 temporis
220 2710 433 2781 differentia:
450 2713 660 2804 proindeque
676 2733 744 2780 non
760 2698 837 2780 ideo
853 2716 953 2781 actus
970 2709 1087 2779 futuri
1103 2716 1200 2794 sunt,

46 2813 118 2903 qnia
138 2837 159 2884 a
181 2818 254 2888 Deo
276 2819 320 2888 ab
343 2825 484 2890 aeterno
508 2820 685 2908 videntnr;
704 2819 763 2890 sed
787 2820 888 2888 immo
903 2818 980 2888 ideo
996 2824 1096 2888 actus
1119 2823 1202 2887 sunt

47 2922 203 2994 obiectum
227 2926 375 2997 visionis
397 2931 441 2998 ab
464 2934 623 3015 aeterno,
650 2929 733 3021 qnia
757 2927 874 2998 futuri
903 2932 997 2997 sunt.
1023 2925 1134 3013 Sane,
1160 2931 1203 2995 ut

47 3033 155 3102 merito
177 3041 295 3105 monet
315 3035 475 3130 Vosquea
499 3036 602 3128 (disp.
629 3036 686 3106 68.
707 3060 737 3106 c.
761 3037 795 3104 o.
820 3058 855 3104 n.
880 3033 967 3123 ou),
997 3033 1201 3103 ccommnni
1308 3087 1313 3094 .

47 3141 192 3212 doctrina
214 3143 359 3212 Petrum
383 3152 419 3214 et
442 3144 578 3214 ratione
601 3145 684 3213 bene
705 3149 886 3235 perspecta
908 3163 964 3212 res
986 3139 1071 3211 hacc
1101 3147 1201 3210 extra

48 3251 304 3322 controversiam
327 3257 433 3339 esset,
459 3253 491 3322 si
513 3252 651 3322 animus
673 3251 892 3342 indagandae
917 3249 1061 3320 veritati
1084 3249 1201 3340 potius

49 3380 134 3447 qoam
157 3359 372 3430 contentioni
387 3359 544 3430 intentus
566 3369 668 3430 esset.
685 3387 701 3424 n
719 3360 771 3430 De
785 3359 977 3428 intrinseca
998 3357 1052 3427 rei
1066 3357 1202 3426 ratione

49 3463 195 3554 diximus,
213 3474 374 3559 superest
395 3474 436 3538 ut
457 3469 579 3559 paucis
601 3467 916 3539 luculentissimam
927 3465 995 3536 PP.
1007 3465 1201 3536 doctrinam

49 3575 310 3666 complectemur.

101 3681 232 3752 Docent
253 3685 388 3768 Patres,
406 3705 474 3752 non
489 3683 566 3753 ideo
589 3682 758 3752 actionem
774 3681 1011 3752 liberamesse
1028 3683 1198 3764 futuram,

51 3790 116 3878 quia
136 3791 230 3862 Dens
252 3813 325 3860 eam
349 3792 507 3862 futuram
529 3791 722 3883 praescivit
738 3789 795 3860 vel
810 3790 916 3859 etiam
930 3787 1120 3881 praedixit,
1141 3785 1201 3856 scd

52 3897 119 3984 qnia
143 3899 267 3967 futura
297 3903 370 3984 est,
396 3899 472 3969 ideo
502 3898 671 3969 constitui
703 3897 873 3966 obiectum
904 3895 1083 3980 idoneum,
1110 3891 1200 3986 quod

52 4005 280 4089 prcevideatur
302 4011 339 4074 et
361 4007 628 4096 praenuntietur
652 4028 673 4073 a
699 4003 823 4073 divina
846 4001 993 4073 scientia
1009 4006 1046 4070 et
1068 3997 1208 4070 veraci-1

53 4113 121 4180 iate.
144 4113 227 4182 Cum
249 4112 340 4181 enim
365 4113 564 4203 conspectui
596 4111 717 4181 divino
740 4113 971 4181 obversentur
1000 4109 1134 4194 omnia,
1160 4111 1202 4175 ut

54 4217 203 4290 obiective
225 4243 262 4292 sc
285 4220 415 4290 habent
437 4243 499 4312 pro
526 4220 652 4312 quovis
674 4224 849 4309 tempore,
876 4217 959 4287 hino
981 4217 1076 4286 Deus
1107 4215 1203 4286 sicut

56 4328 210 4412 cognoscit
231 4327 403 4396 hominem
425 4327 520 4396 inter
534 4326 648 4396 multa
661 4347 760 4417 posse
783 4347 891 4394 uuum
913 4322 1056 4412 eligere,
1074 4322 1126 4392 ita
1147 4321 1200 4391 vi-

57 4427 106 4497 det
123 4431 313 4504 acconem
337 4434 447 4524 ipsam
469 4433 714 4518 determinate,
740 4429 855 4524 qualis
877 4436 915 4501 et
936 4430 1037 4500 ouius
1062 4430 1112 4498 rei
1137 4429 1196 4496 sit.
