3224 5068
877 354 915 370 -
936 323 996 384 340
1017 353 1056 370 -

375 425 414 492 in
436 431 520 494 actu
544 431 599 494 est
622 427 808 514 successio,
825 433 880 497 est
892 433 928 497 et
943 427 1076 498 dicitur
1093 441 1167 495 tota
1181 428 1299 512 simod·
1323 435 1360 498 et
1376 434 1540 522 quatenns

375 535 430 600 est
452 540 552 601 actus
576 557 699 623 purus,
718 535 840 628 inquo
863 537 1037 604 successio
1059 536 1218 626 absolute
1233 543 1423 628 repugnat,
1437 541 1542 626 potest

374 639 548 730 appellari
570 642 743 730 possessio
765 643 933 731 perfecta.
967 645 1063 713 Haec
1094 651 1211 713 autem
1241 651 1297 713 est
1328 643 1488 712 absoluta
1511 651 1541 712 et

369 746 532 835 perfecta
550 748 755 834 aeternitas,
775 757 816 818 ut
832 773 907 818 eam
922 752 1048 820 merito
1062 751 1232 821 Boethius
1247 751 1304 838 (de
1321 751 1459 820 Consol.
1472 750 1539 818 lv.
1603 789 1604 794 κ

374 877 468 944 pros.
486 854 537 940 6.)
561 855 704 924 delinit:
732 858 954 927 «aeternitas
977 867 1032 930 est
1055 858 1331 928 interminabilis
1350 859 1451 928 vitae
1476 863 1542 927 tota
1603 865 1604 904 Τ

376 961 481 1030 simul
504 969 539 1030 et
561 965 721 1052 perfecta
743 966 929 1056 possessio.
946 995 963 1030 n

442 1069 669 1160 Perspicuum
693 1078 812 1142 estex
836 1073 954 1160 dictis,
980 1075 1159 1166 proprium
1183 1073 1422 1143 characterem
1445 1078 1541 1142 aeter·
1603 1099 1604 1102 ¹

375 1175 501 1244 nitatis
522 1177 665 1246 divinae
682 1178 878 1250 formaliter
893 1189 1069 1271 spectatae
1091 1204 1167 1250 esse
1181 1180 1446 1272 perfectionem,
1463 1201 1542 1270 quae

374 1285 565 1356 intrinseco
589 1293 652 1356 sub
671 1289 807 1358 ratione
830 1289 988 1359 excludit
1010 1289 1280 1380 possibilitatem
1303 1286 1539 1357 successionis.
1604 1331 1605 1340 ι

373 1392 468 1463 Haec
496 1399 612 1464 autem
634 1399 805 1487 perfectio
820 1405 874 1468 est
889 1397 967 1488 ipsa
982 1398 1075 1467 ratio
1089 1395 1323 1488 plenitudinis
1346 1395 1440 1464 entis
1454 1395 1541 1461 abso

374 1501 445 1570 luti
472 1503 546 1573 sive
573 1513 674 1575 actus
697 1506 890 1597 purissimi.
923 1505 1074 1576 Proinde
1096 1504 1203 1575 etiam
1225 1503 1448 1596 perspicuum
1469 1506 1539 1584 est,

373 1612 619 1681 aeternitatem
642 1615 679 1682 in
702 1615 906 1706 plenissima
928 1613 1187 1704 significatione
1213 1637 1288 1682 esse
1303 1611 1540 1702 perfectionem

374 1723 577 1812 negativam
593 1745 696 1794 sensu
720 1725 883 1814 superius
902 1725 1075 1815 explicato
1091 1725 1129 1793 in
1144 1722 1238 1791 thesi
1253 1721 1355 1790 XXI.
1373 1721 1540 1788 Postremo
1605 1738 1606 1776 1

374 1833 594 1922 perspicuum
618 1855 752 1926 quoque
769 1841 833 1918 cst,
859 1833 970 1902 Deum
993 1855 1066 1902 esse
1090 1855 1188 1902 suam
1211 1831 1469 1902 aeternitatem.
1605 1849 1606 1852 ’

439 1939 489 2008 11.
515 1941 616 2010 Hanc
646 1943 889 2013 aeternitatem
924 1943 1112 2013 secundum
1143 1943 1338 2010 absolutam
1367 1940 1539 2031 perfectio·

373 2071 451 2118 nem
474 2071 547 2119 esse
570 2051 636 2120 Dei
663 2052 851 2143 propriam,
877 2051 977 2120 nulla
993 2050 1156 2142 ampliori
1183 2049 1322 2138 indiget
1336 2049 1539 2117 demonstra·

374 2157 488 2244 tione,
521 2181 599 2227 cum
623 2159 761 2227 nullum
787 2159 826 2228 in
850 2157 990 2228 formali
1016 2159 1093 2227 eius
1122 2163 1293 2246 conceptu
1326 2156 1539 2226 contineatur

373 2264 591 2350 elementum,
611 2267 702 2358 quod
718 2267 755 2335 in
772 2265 1011 2358 superioribus
1034 2288 1103 2334 non
1122 2265 1171 2334 sit
1186 2265 1404 2333 declaratum
1420 2270 1455 2332 et
1469 2261 1539 2330 vin-

373 2372 539 2442 dicatum.
555 2373 716 2444 Ceterum
733 2376 794 2444 ubi
809 2375 852 2444 de
868 2374 1081 2443 aeternitate
1095 2373 1162 2442 Dei
1178 2371 1378 2442 formaliter
1392 2377 1539 2462 spectata

373 2479 411 2549 iu
435 2479 629 2570 scripturis
645 2483 779 2573 agitur,
796 2503 836 2550 ea
852 2481 918 2549 bac
935 2483 1010 2550 fere
1028 2481 1165 2550 ratione
1181 2480 1406 2550 describitur.

433 2588 478 2657 1⁰.
489 2589 558 2658 Ubi
571 2589 671 2658 nulla
684 2589 799 2660 adbuc
812 2597 889 2658 erat
903 2596 1066 2658 creatura
1080 2587 1233 2682 adeoque
1248 2589 1385 2658 nullum
1397 2596 1535 2677 tempus,

372 2695 438 2765 hoc
453 2697 585 2768 dieitur
598 2699 808 2789 principium
824 2697 849 2766 i.
862 2723 892 2767 e.
911 2697 1063 2782 duratio,
1079 2720 1182 2788 quam
1198 2696 1290 2766 nihil
1306 2695 1488 2780 antecedit
1507 2699 1537 2760 et

373 2805 410 2874 in
426 2802 490 2872 boc
507 2805 680 2895 principio
695 2805 791 2874 Deus
811 2812 888 2874 erat
902 2801 932 2871 ἐν
952 2803 1032 2898 cippo
1048 2803 1094 2875 dr.
1121 2805 1348 2898 Quocumque
1364 2803 1473 2894 igitur
1487 2823 1536 2868 co·

371 2911 501 3003 gitatio
517 2913 665 2998 feratur,
687 2935 756 2982 non
777 2920 893 3005 potest
907 2914 1089 3004 concipere
1112 2911 1247 3006 aliquid
1269 2912 1383 3002 magis
1399 2911 1536 3002 primum

373 3019 418 3108 (si
441 3019 492 3089 ita
516 3022 572 3089 fus
596 3027 650 3089 est
672 3020 789 3114 loqui)
812 3043 915 3114 quum
937 3029 1143 3113 perpetuum
1171 3019 1397 3111 principium,
1422 3019 1457 3086 in
1477 3016 1535 3084 hoo

371 3135 489 3198 autem
505 3128 678 3218 principio
701 3129 796 3197 Deus
819 3129 888 3197 iam
912 3135 991 3198 erat
1013 3129 1076 3216 (1),
1094 3150 1135 3196 ac
1151 3127 1293 3217 proinde
1308 3149 1442 3216 semper
1455 3131 1532 3194 erut.

371 3237 429 3308 Ita
444 3236 635 3305 aeternitas
650 3237 716 3305 Dei
731 3235 936 3306 declaratur
951 3237 1002 3305 Io.
1021 3236 1050 3304 Ι.
1063 3237 1096 3306 1.
1110 3237 1144 3304 2.
1160 3235 1240 3304 coll.
1251 3235 1284 3323 ὃς
1304 3237 1350 3304 ci.
1366 3235 1452 3304 Gen.
1467 3233 1530 3314 1.1‚

371 3345 533 3440 quamvis
556 3345 593 3412 in
616 3345 712 3416 hisce
736 3345 870 3414 duobus
893 3345 981 3414 locis
1003 3345 1216 3437 principium
1243 3367 1312 3413 non
1336 3345 1470 3413 omniuo
1490 3363 1531 3410 se·

371 3451 522 3522 cundum
546 3452 687 3520 eandem
710 3453 881 3521 rationem
904 3451 1018 3541 accipi
1041 3451 1292 3521 existimemus.
1311 3451 1403 3520 Vide
1418 3452 1526 3520 Peov.

371 3557 472 3627 Trio.
489 3559 580 3628 1.Π.
598 3583 627 3628 c.
644 3560 677 3629 8.
697 3559 752 3629 cf.
770 3565 930 3630 nostrum
944 3559 1151 3629 Tractatum
1167 3560 1209 3628 dc
1229 3559 1343 3628 Verbo
1360 3559 1530 3628 incarnato

370 3667 424 3736 lh·
436 3666 603 3843 dllIlIJeus
626 3773 758 3844 dicitur
777 3774 987 3866 praecedens
1004 3797 1102 3843 omne
1117 3779 1265 3864 tempue;
1284 3778 1339 3842 est
1354 3774 1443 3842 enim
1459 3772 1529 3839 baec

369 3881 614 3952 aeternitatem
636 3881 703 3952 Dei
725 3882 945 3972 exprimendi
962 3881 1055 3951 ratio
1076 3883 1113 3950 in
1130 3881 1325 3972 Scripturis
1341 3878 1528 3951 communis·

371 3989 471 4074 sime,
497 3999 540 4059 ut
562 3991 703 4060 dicatur
726 4012 800 4059 esse
827 3996 939 4058 cante
963 3982 1247 4059 constitutionem
1270 3989 1393 4058 mundi
1408 4013 1439 4076 ις
1458 4007 1528 4053 ean·

369 4103 510 4190 tequam
541 4103 638 4168 terra
669 4103 752 4189 (per
791 4097 1033 4188 synecdochen
1064 4121 1127 4189 pro
1163 4098 1349 4182 universo)
1380 4097 1473 4166 fieret
1494 4115 1526 4176 ις

430 4335 472 4411 (1)
484 4359 497 4386 ι
512 4337 628 4394 Infinita
642 4337 774 4393 tenditur
784 4347 861 4404 eron
874 4338 1016 4408 quidquid
1027 4339 1214 4406 cogitaveris,
1229 4337 1325 4392 silim
1342 4345 1425 4391 erui·
1440 4333 1530 4392 Mu.

368 4431 445 4484 bros.
464 4428 498 4483 de
518 4427 589 4482 side
607 4429 633 4485 1.
644 4445 669 4483 c.
682 4429 709 4481 3.
