3262 5076
890 417 926 430 ..
949 385 1009 446 48ss
1030 417 1068 430 ..

399 523 415 559 a
434 494 516 562 vult
531 516 640 559 omnes
659 494 807 558 homines
822 491 939 558 salvos
954 490 1043 574 fieri,
1062 489 1159 558 etad
1175 489 1391 579 agnitionem
1408 490 1555 558 veritatis
1621 495 1622 498 ’

397 603 528 670 venire.
551 629 567 662 n
601 601 696 690 Ergo
719 621 761 667 ex
786 606 897 667 mente
920 597 1083 688 Apostoli
1113 603 1185 664 tam
1217 596 1290 665 late
1321 603 1441 685 patere
1468 597 1557 664 debet
1621 635 1622 638 π

396 709 552 777 fidelium
585 707 750 775 voluutas
773 713 815 774 ut
837 729 952 774 omnes
976 705 1180 786 salventur,
1206 704 1344 773 atinde
1373 704 1483 772 oratio
1504 727 1557 794 pro
1622 719 1623 756 1

397 817 567 898 omnibus,
586 837 688 907 quam
704 815 776 882 lato
792 821 889 903 patet
905 813 1070 882 voluntas
1085 813 1150 880 Dei
1173 819 1214 880 ut
1237 835 1353 881 omnes
1372 812 1558 880 salventur.

396 922 509 1014 Atqui
525 943 547 988 a
563 920 718 988 fidelium
738 919 920 987 voluntate
936 927 973 988 et
988 919 1144 986 oratioue
1160 941 1262 1010 quam
1275 919 1467 1009 Apostolus
1483 943 1560 988 com·
1622 937 1623 940 ’

396 1029 547 1114 mandat,
566 1031 722 1119 proiecto
744 1027 864 1095 nullus
887 1027 1064 1096 hominum
1087 1027 1275 1116 excipitur.
1300 1027 1399 1116 Ergo
1422 1027 1561 1096 etiams
1609 1022 1616 1121 ξ

396 1137 580 1204 voluntate
604 1135 765 1204 salvifice
787 1135 852 1203 Dei
876 1133 997 1202 nullus
1021 1134 1208 1224 excipitur.
1233 1134 1320 1202 Inda
1344 1139 1455 1224 patet,
1472 1134 1561 1200 illam
1609 1130 1624 1191 ².

396 1246 580 1314 verborum
597 1243 759 1333 Apostoli
776 1241 1099 1332 interpretationem
1116 1244 1160 1310 ab
1175 1242 1379 1332 Augustino
1403 1241 1508 1311 semel
1528 1264 1562 1308 ac
1623 1295 1624 1298 η

398 1352 525 1420 iterum
558 1355 877 1432 commemoratam,
911 1349 1002 1440 quod
1024 1351 1120 1417 Deus
1150 1349 1241 1417 velit
1269 1373 1385 1418 omues
1416 1349 1565 1416 homines

396 1458 513 1526 salvos
536 1457 633 1540 fieri,
660 1463 831 1547 quatenus
855 1456 947 1539 vult,
967 1463 1008 1523 ut
1023 1479 1085 1523 nos
1110 1456 1260 1523 velimus
1279 1479 1396 1524 omnes
1420 1455 1562 1536 salvari,

396 1588 464 1634 nou
489 1589 562 1634 esse
587 1563 725 1650 falssm;
744 1564 829 1632 licet
845 1565 967 1656 utique
984 1563 1042 1632 hic
1059 1587 1126 1631 non
1145 1565 1194 1632 sit
1209 1587 1331 1632 sensus
1346 1563 1564 1632 immediatus

397 1673 581 1742 verborum
608 1701 624 1734 u
638 1671 733 1738 Deus
757 1671 837 1738 vult
860 1693 975 1738 omnes
998 1670 1153 1740 homines
1169 1671 1286 1738 salvos
1301 1669 1392 1754 fieri,
1412 1697 1429 1730 n
1448 1669 1509 1737 sed
1525 1669 1566 1736 sit

396 1779 515 1870 potius
538 1801 660 1846 sensus
684 1779 1000 1867 argumentationis
1017 1777 1192 1867 Apostoli.
1210 1777 1361 1867 Insuper
1377 1783 1490 1866 patet,
1509 1777 1566 1842 hac

395 1886 686 1975 interpretatione
708 1885 974 1975 Augustiniana
997 1909 1065 1952 non
1089 1885 1201 1953 solum
1223 1909 1292 1952 non
1315 1885 1481 1969 excludi,
1514 1883 1566 1951 sed

395 1993 432 2062 in
449 2015 490 2062 ea
506 1993 640 2061 includi
656 2001 692 2062 et
709 1995 856 2084 supponi
880 1993 1184 2063 universalitatem
1205 1993 1404 2062 voluntatis
1422 1994 1490 2062 Dei
1506 1990 1567 2058 sal·

397 2101 532 2170 vificas.
550 2100 681 2168 Verum
699 2101 740 2169 de
756 2101 821 2170 hac
839 2125 876 2170 re
893 2103 1043 2172 inferius
1059 2101 1223 2170 dicemus.
1625 2161 1626 2164 ,

461 2208 519 2276 Ad
550 2207 752 2297 ampliorem
783 2210 1050 2279 declarationem
1082 2209 1250 2278 solvenda
1278 2215 1334 2276 est
1364 2207 1564 2288 difficultas,

398 2336 485 2405 quae
509 2315 634 2405 opponi
658 2322 775 2406 posset
798 2316 834 2382 in
859 2317 952 2386 huno
982 2317 1130 2385 modum.
1157 2315 1349 2404 Apostolus
1380 2317 1567 2384 orationem

396 2446 459 2515 pro
475 2425 632 2490 omnibus
648 2431 685 2490 et
699 2425 902 2491 nominatim
921 2449 983 2514 pro
997 2426 1140 2514 regibus
1157 2430 1194 2492 et
1209 2424 1484 2513 magistratibus
1506 2447 1565 2490 non

397 2531 623 2614 commendat,
650 2537 691 2599 ut
714 2554 828 2600 omnes
852 2532 944 2601 salvi
968 2533 1067 2620 flant3
1093 2533 1152 2601 sed
1177 2541 1220 2601 ut
1241 2531 1461 2600 Christianis
1478 2541 1567 2599 tran·
1626 2589 1627 2594 ,

396 2639 542 2732 quillam
574 2639 684 2706 vitam
715 2660 819 2728 agere
847 2639 953 2709 liceat
975 2641 1013 2707 in
1037 2641 1128 2706 omni
1158 2641 1300 2730 pietate.
1332 2639 1408 2707 Hoc
1441 2645 1566 2715 autem,
1626 2683 1627 2688 κ

396 2747 534 2816 scilicet
558 2745 777 2814 Christianos
800 2747 909 2814 vitam
934 2771 1037 2837 agere
1061 2747 1213 2815 inomni
1237 2747 1379 2837 pietate,
1405 2747 1498 2816 dicit
1520 2769 1567 2812 eo·

396 2863 534 2944 ceptum
563 2875 637 2922 esse
661 2875 775 2920 coram
797 2855 889 2939 Deo,
920 2855 980 2946 qui
1010 2855 1092 2924 vult
1121 2877 1237 2924 omnes
1268 2855 1427 2924 homines
1455 2854 1567 2924 salvos

395 2961 484 3030 fieri.
511 2961 606 3050 Ergo
630 2962 686 3029 illi
714 2985 863 3030 somnes
886 2961 1090 3046 hominess
1117 2985 1202 3054 qnos
1221 2963 1313 3031 Deus
1330 2963 1468 3033 dicitur
1483 2961 1567 3032 velle

396 3069 512 3138 salvos
536 3069 625 3152 fieri,
645 3069 812 3138 videntur
833 3093 908 3138 asse
931 3071 999 3136 soli
1016 3070 1214 3138 Christiani
1236 3074 1343 3138 nisum
1367 3089 1512 3162 aperires
1535 3075 1566 3135 is

396 3181 488 3243 omni
516 3181 658 3266 pietate.
683 3177 883 3246 Difficultas
913 3179 1142 3247 necessariam
1166 3179 1284 3248 reddit
1307 3179 1565 3270 diligentiorem

395 3283 705 3352 considerationem
722 3286 904 3353 verborum
921 3285 1037 3353 Pauli.
1056 3285 1227 3375 incipiam
1243 3287 1286 3352 ab
1302 3285 1429 3354 ultimo
1445 3286 1564 3356 inciso:

395 3391 486 3456 Deus
507 3391 582 3458 arsit
605 3415 714 3458 omnes
738 3393 885 3459 homines
907 3393 1019 3460 salvos
1036 3396 1130 3480 ¹riori.
1148 3395 1242 3461 Haeo
1266 3396 1372 3462 verba
1395 3393 1566 3484 imprimis

395 3495 528 3564 Paulus
550 3496 636 3586 ipse,
663 3503 704 3564 ut
727 3521 803 3564 mox
828 3499 1079 3584 demonstrabo,
1098 3499 1150 3567 ita
1165 3499 1332 3586 declarat,
1351 3505 1395 3568 ut
1419 3529 1437 3564 e
1455 3523 1566 3568 omnes

396 3601 585 3670 hominess
619 3605 814 3672 necessario
845 3605 1098 3694 intelligentur
1120 3627 1238 3674 omnes
1261 3607 1370 3675 creati
1394 3629 1416 3672 a
1439 3607 1515 3674 Deo
1535 3611 1567 3674 et

395 3732 510 3778 omues
541 3711 731 3800 participes
762 3711 933 3780 humanae
964 3719 1123 3781 naturae.
1153 3713 1253 3782 Unde
1283 3713 1423 3781 etiamsi
1455 3721 1565 3782 totum

395 3819 485 3909 quod
509 3819 546 3886 in
570 3818 761 3887 obiectione
786 3819 1048 3906 praemittitur,
1079 3821 1345 3908 concederetur3
1370 3827 1491 3889 tamen
1513 3843 1565 3888 ne-

394 3925 510 4014 ganda
532 3933 625 3993 esset
648 3931 899 4016 consequentia,
925 3949 986 3996 nec
1009 3935 1126 4017 posset
1149 3928 1301 4012 concedi,
1319 3949 1437 3996 omnes
1461 3929 1565 3996 homi·

394 4053 455 4100 nes
485 4031 641 4120 intelligi
672 4031 762 4100 solos
792 4031 1031 4120 Christianos;
1066 4035 1125 4103 sed
1157 4035 1340 4104 dicendum
1372 4037 1565 4104 necessario

395 4145 508 4222 esset,
537 4141 580 4206 ab
606 4139 775 4229 Apostolo
802 4163 844 4208 ex
872 4141 1044 4231 principio
1075 4142 1293 4227 universali,
1326 4144 1418 4234 quod
1447 4165 1564 4232 nempe

393 4246 488 4314 Deus
514 4245 594 4314 vult
620 4247 757 4314 omuino
782 4270 897 4316 omnes
920 4249 1038 4316 salvos
1065 4249 1162 4332 fieri,
1189 4249 1329 4339 probari
1360 4249 1562 4338 propositio

396 4377 456 4422 nes
479 4353 725 4443 particulares.
754 4356 929 4426 Nimirum
961 4379 1084 4425 sensus
1116 4363 1230 4426 esset:
1257 4355 1339 4449 qnia
1362 4357 1455 4425 Deus
1486 4355 1563 4426 vult

396 4483 511 4530 omnes
534 4461 671 4528 omnino
694 4461 849 4531 homines
866 4463 984 4534 salvos
1001 4463 1090 4550 lieri,
1109 4465 1185 4534 ideo
1199 4465 1371 4555 imprimis
1387 4472 1560 4556 accepturu
