<?xml version="1.0" encoding="UTF-8"?>
<!DOCTYPE html PUBLIC "-//W3C//DTD XHTML 1.0 Transitional//EN"
    "http://www.w3.org/TR/xhtml1/DTD/xhtml1-transitional.dtd">
<html xmlns="http://www.w3.org/1999/xhtml" xml:lang="en" lang="en">
 <head>
  <title>
</title>
<meta http-equiv="Content-Type" content="text/html;charset=utf-8" />
  <meta name='ocr-system' content='tesseract 3.04.00' />
  <meta name='ocr-capabilities' content='ocr_page ocr_carea ocr_par ocr_line ocrx_word'/>
</head>
<body>
  <div class='ocr_page' id='page_1' title='image "./ioannisbaptfran01frangoog_0672.png"; bbox 0 0 3360 5060; ppageno 0'>
   <div class='ocr_carea' id='block_1_1' title="bbox 79 356 1266 4536">
    <p class='ocr_par' dir='ltr' id='par_1_1' title="bbox 592 356 772 420">
     <span class='ocr_line' id='line_1_1' title="bbox 592 356 772 420; baseline 0.006 -17"><span class='ocrx_word' id='word_1_1' title='bbox 592 389 631 403; x_wconf 88' lang='grc'><strong><em>..</em></strong></span> <span class='ocrx_word' id='word_1_2' title='bbox 652 356 713 420; x_wconf 70' lang='grc'><strong><em>655</em></strong></span> <span class='ocrx_word' id='word_1_3' title='bbox 735 391 772 404; x_wconf 87' lang='grc'><strong><em>..</em></strong></span> 
     </span>
    </p>

    <p class='ocr_par' dir='ltr' id='par_1_2' title="bbox 79 462 1265 3031">
     <span class='ocr_line' id='line_1_2' title="bbox 86 462 1262 554; baseline -0.001 -25"><span class='ocrx_word' id='word_1_4' title='bbox 86 487 202 552; x_wconf 85' lang='lat' dir='ltr'><strong><em>opero,</em></strong></span> <span class='ocrx_word' id='word_1_5' title='bbox 226 485 294 532; x_wconf 90' lang='lat' dir='ltr'><strong><em>non</em></strong></span> <span class='ocrx_word' id='word_1_6' title='bbox 319 462 419 554; x_wconf 86' lang='lat' dir='ltr'><strong><em>quasi</em></strong></span> <span class='ocrx_word' id='word_1_7' title='bbox 443 483 582 531; x_wconf 75' lang='lat' dir='ltr'><strong><em>oaumm</em></strong></span> <span class='ocrx_word' id='word_1_8' title='bbox 607 463 804 533; x_wconf 85' lang='lat' dir='ltr'><strong><em>voluntatis</em></strong></span> <span class='ocrx_word' id='word_1_9' title='bbox 828 470 885 552; x_wconf 91' lang='lat' dir='ltr'><strong><em>(ut</em></strong></span> <span class='ocrx_word' id='word_1_10' title='bbox 896 470 951 533; x_wconf 91' lang='lat' dir='ltr'><strong><em>est</em></strong></span> <span class='ocrx_word' id='word_1_11' title='bbox 966 464 1002 532; x_wconf 92' lang='grc' dir='ltr'><strong><em>ιιι</em></strong></span> <span class='ocrx_word' id='word_1_12' title='bbox 1019 469 1083 551; x_wconf 86' lang='lat' dir='ltr'><strong><em>ss),</em></strong></span> <span class='ocrx_word' id='word_1_13' title='bbox 1098 465 1157 534; x_wconf 90' lang='lat' dir='ltr'><strong><em>ssd</em></strong></span> <span class='ocrx_word' id='word_1_14' title='bbox 1173 466 1262 531; x_wconf 79' lang='lat' dir='ltr'><strong><em>siout</em></strong></span> 
     </span>
     <span class='ocr_line' id='line_1_3' title="bbox 86 570 1261 662; baseline -0.002 -24"><span class='ocrx_word' id='word_1_15' title='bbox 86 595 221 638; x_wconf 85' lang='lat' dir='ltr'><strong><em>oausam</em></strong></span> <span class='ocrx_word' id='word_1_16' title='bbox 243 572 453 638; x_wconf 83' lang='lat' dir='ltr'><strong><em>meritoriam</em></strong></span> <span class='ocrx_word' id='word_1_17' title='bbox 476 570 613 659; x_wconf 81' lang='lat' dir='ltr'><strong><em>plorioe</em></strong></span> <span class='ocrx_word' id='word_1_18' title='bbox 636 585 667 636; x_wconf 85' lang='lat' dir='ltr'><strong><em>et</em></strong></span> <span class='ocrx_word' id='word_1_19' title='bbox 691 573 778 639; x_wconf 85' lang='lat' dir='ltr'><strong><em>siout</em></strong></span> <span class='ocrx_word' id='word_1_20' title='bbox 797 574 1101 662; x_wconf 72' lang='lat' dir='ltr'><strong><em>praeparationem</em></strong></span> <span class='ocrx_word' id='word_1_21' title='bbox 1120 571 1166 638; x_wconf 82' lang='lat' dir='ltr'><strong><em>ad</em></strong></span> <span class='ocrx_word' id='word_1_22' title='bbox 1180 595 1261 662; x_wconf 81' lang='lat' dir='ltr'><strong><em>qra-</em></strong></span> 
     </span>
     <span class='ocr_line' id='line_1_4' title="bbox 86 667 1259 776; baseline 0.002 -32"><span class='ocrx_word' id='word_1_23' title='bbox 86 679 205 744; x_wconf 80' lang='lat' dir='ltr'><strong><em>tiemo</em></strong></span> <span class='ocrx_word' id='word_1_24' title='bbox 225 667 411 769; x_wconf 88' lang='lat' dir='ltr'><strong><em>(suprath.</em></strong></span> <span class='ocrx_word' id='word_1_25' title='bbox 429 677 563 746; x_wconf 85' lang='lat' dir='ltr'><strong>LVIH.</strong></span> <span class='ocrx_word' id='word_1_26' title='bbox 578 702 613 745; x_wconf 93' lang='grc' dir='ltr'><strong><em>ιι.</em></strong></span> <span class='ocrx_word' id='word_1_27' title='bbox 632 677 696 767; x_wconf 75' lang='grc'><strong>2.).</strong></span> <span class='ocrx_word' id='word_1_28' title='bbox 724 679 821 748; x_wconf 61' lang='lat' dir='ltr'><strong><em>:liant</em></strong></span> <span class='ocrx_word' id='word_1_29' title='bbox 843 679 956 776; x_wconf 76' lang='lat' dir='ltr'><strong><em>igitur</em></strong></span> <span class='ocrx_word' id='word_1_30' title='bbox 980 680 1055 749; x_wconf 87' lang='lat' dir='ltr'><strong><em>sine</em></strong></span> <span class='ocrx_word' id='word_1_31' title='bbox 1073 677 1147 748; x_wconf 89' lang='lat' dir='ltr'><strong><em>ulla</em></strong></span> <span class='ocrx_word' id='word_1_32' title='bbox 1163 678 1259 748; x_wconf 91' lang='lat' dir='ltr'><strong><em>dubi·</em></strong></span> 
     </span>
     <span class='ocr_line' id='line_1_5' title="bbox 84 786 1260 872; baseline 0 -18"><span class='ocrx_word' id='word_1_33' title='bbox 84 788 218 856; x_wconf 83' lang='lat' dir='ltr'><strong><em>tatione</em></strong></span> <span class='ocrx_word' id='word_1_34' title='bbox 241 786 363 855; x_wconf 89' lang='lat' dir='ltr'><strong><em>multis</em></strong></span> <span class='ocrx_word' id='word_1_35' title='bbox 385 787 423 854; x_wconf 89' lang='lat' dir='ltr'><strong><em>in</em></strong></span> <span class='ocrx_word' id='word_1_36' title='bbox 446 786 533 854; x_wconf 87' lang='lat' dir='ltr'><strong><em>locis</em></strong></span> <span class='ocrx_word' id='word_1_37' title='bbox 557 786 657 856; x_wconf 89' lang='lat' dir='ltr'><strong><em>dooet</em></strong></span> <span class='ocrx_word' id='word_1_38' title='bbox 681 787 717 855; x_wconf 86' lang='lat' dir='ltr'><strong><em>S.</em></strong></span> <span class='ocrx_word' id='word_1_39' title='bbox 744 787 907 872; x_wconf 77' lang='lat' dir='ltr'><strong><em>Thomas,</em></strong></span> <span class='ocrx_word' id='word_1_40' title='bbox 926 787 1110 857; x_wconf 84' lang='lat' dir='ltr'><strong><em>voluntate</em></strong></span> <span class='ocrx_word' id='word_1_41' title='bbox 1127 793 1260 856; x_wconf 81' lang='lat' dir='ltr'><strong><em>antece·</em></strong></span> 
     </span>
     <span class='ocr_line' id='line_1_6' title="bbox 84 893 1262 984; baseline -0.001 -23"><span class='ocrx_word' id='word_1_42' title='bbox 84 895 189 964; x_wconf 86' lang='lat' dir='ltr'><strong><em>dente</em></strong></span> <span class='ocrx_word' id='word_1_43' title='bbox 200 894 452 984; x_wconf 72' lang='lat' dir='ltr'><strong><em>praevisionem</em></strong></span> <span class='ocrx_word' id='word_1_44' title='bbox 467 916 608 984; x_wconf 88' lang='lat' dir='ltr'><strong><em>operum</em></strong></span> <span class='ocrx_word' id='word_1_45' title='bbox 623 893 714 962; x_wconf 88' lang='lat' dir='ltr'><strong><em>velle</em></strong></span> <span class='ocrx_word' id='word_1_46' title='bbox 725 895 836 962; x_wconf 90' lang='lat' dir='ltr'><strong><em>Deum</em></strong></span> <span class='ocrx_word' id='word_1_47' title='bbox 849 917 964 963; x_wconf 87' lang='lat' dir='ltr'><strong><em>omnes</em></strong></span> <span class='ocrx_word' id='word_1_48' title='bbox 976 893 1132 963; x_wconf 87' lang='lat' dir='ltr'><strong><em>homines</em></strong></span> <span class='ocrx_word' id='word_1_49' title='bbox 1145 894 1262 963; x_wconf 88' lang='lat' dir='ltr'><strong><em>salvos</em></strong></span> 
     </span>
     <span class='ocr_line' id='line_1_7' title="bbox 83 1001 1260 1093; baseline -0.001 -25"><span class='ocrx_word' id='word_1_50' title='bbox 83 1001 163 1070; x_wconf 86' lang='lat' dir='ltr'><strong><em>fieri</em></strong></span> <span class='ocrx_word' id='word_1_51' title='bbox 175 1003 237 1088; x_wconf 84' lang='lat' dir='ltr'><strong><em>(of.</em></strong></span> <span class='ocrx_word' id='word_1_52' title='bbox 249 1001 365 1092; x_wconf 57' lang='lat' dir='ltr'><strong><em>pali.</em></strong></span> <span class='ocrx_word' id='word_1_53' title='bbox 376 1001 485 1086; x_wconf 63' lang='lat' dir='ltr'><strong><em>aa),</em></strong></span> <span class='ocrx_word' id='word_1_54' title='bbox 498 1023 586 1093; x_wconf 87' lang='lat' dir='ltr'><strong><em>quae</em></strong></span> <span class='ocrx_word' id='word_1_55' title='bbox 598 1002 666 1068; x_wconf 88' lang='lat' dir='ltr'><strong><em>iam</em></strong></span> <span class='ocrx_word' id='word_1_56' title='bbox 676 1001 753 1092; x_wconf 90' lang='lat' dir='ltr'><strong><em>ipsa</em></strong></span> <span class='ocrx_word' id='word_1_57' title='bbox 765 1002 927 1070; x_wconf 86' lang='lat' dir='ltr'><strong><em>doetrina</em></strong></span> <span class='ocrx_word' id='word_1_58' title='bbox 939 1026 1015 1071; x_wconf 88' lang='lat' dir='ltr'><strong><em>oum</em></strong></span> <span class='ocrx_word' id='word_1_59' title='bbox 1025 1001 1260 1091; x_wconf 89' lang='lat' dir='ltr'><strong><em>praedestina-</em></strong></span> 
     </span>
     <span class='ocr_line' id='line_1_8' title="bbox 83 1107 1263 1196; baseline 0.001 -21"><span class='ocrx_word' id='word_1_60' title='bbox 83 1108 180 1176; x_wconf 88' lang='lat' dir='ltr'><strong><em>tione</em></strong></span> <span class='ocrx_word' id='word_1_61' title='bbox 203 1107 247 1176; x_wconf 88' lang='lat' dir='ltr'><strong><em>ad</em></strong></span> <span class='ocrx_word' id='word_1_62' title='bbox 259 1107 409 1196; x_wconf 78' lang='lat' dir='ltr'><strong>gloriam</strong></span> <span class='ocrx_word' id='word_1_63' title='bbox 429 1107 588 1176; x_wconf 84' lang='lat' dir='ltr'><strong><em>absolute</em></strong></span> <span class='ocrx_word' id='word_1_64' title='bbox 600 1107 826 1177; x_wconf 75' lang='lat' dir='ltr'><strong><em>antecedente</em></strong></span> <span class='ocrx_word' id='word_1_65' title='bbox 844 1108 1034 1177; x_wconf 75' lang='lat' dir='ltr'><strong>consistere</strong></span> <span class='ocrx_word' id='word_1_66' title='bbox 1051 1108 1124 1194; x_wconf 91' lang='lat' dir='ltr'><strong><em>(th.</em></strong></span> <span class='ocrx_word' id='word_1_67' title='bbox 1148 1108 1263 1195; x_wconf 89' lang='lat' dir='ltr'>LIX.)</span> 
     </span>
     <span class='ocr_line' id='line_1_9' title="bbox 84 1213 1261 1304; baseline 0.003 -24"><span class='ocrx_word' id='word_1_68' title='bbox 84 1213 219 1304; x_wconf 89' lang='lat' dir='ltr'><strong><em>nequit:</em></strong></span> <span class='ocrx_word' id='word_1_69' title='bbox 245 1214 298 1282; x_wconf 88' lang='lat' dir='ltr'><strong><em>ita</em></strong></span> <span class='ocrx_word' id='word_1_70' title='bbox 321 1214 428 1282; x_wconf 89' lang='lat' dir='ltr'><strong><em>etiam</em></strong></span> <span class='ocrx_word' id='word_1_71' title='bbox 451 1214 581 1284; x_wconf 89' lang='lat' dir='ltr'><strong><em>diserte</em></strong></span> <span class='ocrx_word' id='word_1_72' title='bbox 604 1213 780 1298; x_wconf 74' lang='lat' dir='ltr'><strong><em>declarat,</em></strong></span> <span class='ocrx_word' id='word_1_73' title='bbox 806 1214 1155 1304; x_wconf 88' lang='lat' dir='ltr'><strong><em>praedestinationem</em></strong></span> <span class='ocrx_word' id='word_1_74' title='bbox 1186 1237 1261 1304; x_wconf 91' lang='lat' dir='ltr'><strong><em>per-</em></strong></span> 
     </span>
     <span class='ocr_line' id='line_1_10' title="bbox 85 1320 1263 1414; baseline -0.002 -25"><span class='ocrx_word' id='word_1_75' title='bbox 85 1321 200 1391; x_wconf 87' lang='lat' dir='ltr'><strong><em>tinere</em></strong></span> <span class='ocrx_word' id='word_1_76' title='bbox 224 1320 270 1389; x_wconf 81' lang='lat' dir='ltr'><strong><em>ad</em></strong></span> <span class='ocrx_word' id='word_1_77' title='bbox 285 1323 493 1390; x_wconf 80' lang='lat' dir='ltr'><strong><em>voluntatem</em></strong></span> <span class='ocrx_word' id='word_1_78' title='bbox 510 1336 774 1414; x_wconf 73' lang='lat' dir='ltr'><strong><em>consequentem,</em></strong></span> <span class='ocrx_word' id='word_1_79' title='bbox 795 1347 883 1414; x_wconf 85' lang='lat' dir='ltr'><strong><em>qaae</em></strong></span> <span class='ocrx_word' id='word_1_80' title='bbox 898 1325 1039 1411; x_wconf 83' lang='lat' dir='ltr'><strong><em>respicit</em></strong></span> <span class='ocrx_word' id='word_1_81' title='bbox 1055 1346 1158 1412; x_wconf 88' lang='lat' dir='ltr'><strong><em>opera</em></strong></span> <span class='ocrx_word' id='word_1_82' title='bbox 1174 1325 1263 1390; x_wconf 83' lang='lat' dir='ltr'><strong><em>siout</em></strong></span> 
     </span>
     <span class='ocr_line' id='line_1_11' title="bbox 84 1429 1262 1520; baseline 0.003 -26"><span class='ocrx_word' id='word_1_83' title='bbox 84 1452 222 1495; x_wconf 70' lang='lat' dir='ltr'><strong><em>maron</em></strong></span> <span class='ocrx_word' id='word_1_84' title='bbox 243 1432 456 1497; x_wconf 84' lang='lat' dir='ltr'><strong><em>meritoriam</em></strong></span> <span class='ocrx_word' id='word_1_85' title='bbox 477 1431 625 1520; x_wconf 77' lang='lat' dir='ltr'><strong><em>plortoe.</em></strong></span> <span class='ocrx_word' id='word_1_86' title='bbox 651 1429 703 1499; x_wconf 91' lang='lat' dir='ltr'><strong><em>Ne</em></strong></span> <span class='ocrx_word' id='word_1_87' title='bbox 728 1451 811 1500; x_wconf 75' lang='lat' dir='ltr'><strong><em>tero</em></strong></span> <span class='ocrx_word' id='word_1_88' title='bbox 827 1429 1020 1520; x_wconf 81' lang='lat' dir='ltr'><strong><em>Angelieus</em></strong></span> <span class='ocrx_word' id='word_1_89' title='bbox 1036 1452 1072 1499; x_wconf 90' lang='lat' dir='ltr'><strong><em>ss</em></strong></span> <span class='ocrx_word' id='word_1_90' title='bbox 1088 1430 1203 1520; x_wconf 79' lang='lat' dir='ltr'><strong><em>ipsum</em></strong></span> <span class='ocrx_word' id='word_1_91' title='bbox 1225 1429 1262 1497; x_wconf 92' lang='lat' dir='ltr'><strong><em>in</em></strong></span> 
     </span>
     <span class='ocr_line' id='line_1_12' title="bbox 84 1536 1264 1630; baseline 0.002 -26"><span class='ocrx_word' id='word_1_92' title='bbox 84 1536 247 1626; x_wconf 88' lang='lat' dir='ltr'><strong><em>operibus</em></strong></span> <span class='ocrx_word' id='word_1_93' title='bbox 271 1538 496 1630; x_wconf 78' lang='lat' dir='ltr'><strong><em>sequentibus</em></strong></span> <span class='ocrx_word' id='word_1_94' title='bbox 519 1538 711 1608; x_wconf 82' lang='lat' dir='ltr'><strong><em>surrexisse</em></strong></span> <span class='ocrx_word' id='word_1_95' title='bbox 734 1538 1264 1624; x_wconf 80' lang='lat' dir='ltr'><strong><em>ditatur,iden10mninodoost</em></strong></span> 
     </span>
     <span class='ocr_line' id='line_1_13' title="bbox 84 1643 1263 1740; baseline 0.003 -29"><span class='ocrx_word' id='word_1_96' title='bbox 84 1643 121 1712; x_wconf 91' lang='lat' dir='ltr'><strong><em>in</em></strong></span> <span class='ocrx_word' id='word_1_97' title='bbox 146 1644 289 1712; x_wconf 85' lang='lat' dir='ltr'><strong><em>Summa</em></strong></span> <span class='ocrx_word' id='word_1_98' title='bbox 314 1643 346 1713; x_wconf 89' lang='lat'><strong><em>1.</em></strong></span> <span class='ocrx_word' id='word_1_99' title='bbox 361 1671 395 1738; x_wconf 91' lang='lat' dir='ltr'><strong><em>q.</em></strong></span> <span class='ocrx_word' id='word_1_100' title='bbox 411 1645 467 1714; x_wconf 81' lang='lat'><strong><em>23.</em></strong></span> <span class='ocrx_word' id='word_1_101' title='bbox 483 1669 515 1715; x_wconf 88' lang='lat' dir='ltr'><strong><em>a.</em></strong></span> <span class='ocrx_word' id='word_1_102' title='bbox 531 1649 564 1714; x_wconf 83' lang='grc'><strong><em>5.</em></strong></span> <span class='ocrx_word' id='word_1_103' title='bbox 585 1675 602 1712; x_wconf 75' lang='lat' dir='ltr'><strong><em>a</em></strong></span> <span class='ocrx_word' id='word_1_104' title='bbox 620 1646 721 1716; x_wconf 91' lang='lat' dir='ltr'><strong><em>Nihil</em></strong></span> <span class='ocrx_word' id='word_1_105' title='bbox 739 1648 912 1738; x_wconf 85' lang='lat' dir='ltr'><strong><em>prohibet,</em></strong></span> <span class='ocrx_word' id='word_1_106' title='bbox 932 1649 1083 1740; x_wconf 79' lang='lat' dir='ltr'><strong><em>aliquem</em></strong></span> <span class='ocrx_word' id='word_1_107' title='bbox 1100 1648 1263 1716; x_wconf 83' lang='lat' dir='ltr'><strong><em>effaetum</em></strong></span> 
     </span>
     <span class='ocr_line' id='line_1_14' title="bbox 83 1751 1263 1843; baseline 0.002 -23"><span class='ocrx_word' id='word_1_108' title='bbox 83 1751 417 1842; x_wconf 85' lang='lat' dir='ltr'><strong><em>praedestinationis</em></strong></span> <span class='ocrx_word' id='word_1_109' title='bbox 439 1777 514 1823; x_wconf 83' lang='lat' dir='ltr'><strong><em>esse</em></strong></span> <span class='ocrx_word' id='word_1_110' title='bbox 538 1777 676 1824; x_wconf 85' lang='lat' dir='ltr'><strong><em>oausam</em></strong></span> <span class='ocrx_word' id='word_1_111' title='bbox 700 1755 928 1825; x_wconf 86' lang='lat' dir='ltr'><strong><em>strationem</em></strong></span> <span class='ocrx_word' id='word_1_112' title='bbox 952 1754 1120 1838; x_wconf 89' lang='lat' dir='ltr'><strong><em>alterius,</em></strong></span> <span class='ocrx_word' id='word_1_113' title='bbox 1156 1761 1263 1843; x_wconf 90' lang='lat' dir='ltr'><strong><em>posts-</em></strong></span> 
     </span>
     <span class='ocr_line' id='line_1_15' title="bbox 84 1861 1260 1953; baseline 0.003 -26"><span class='ocrx_word' id='word_1_114' title='bbox 84 1861 212 1930; x_wconf 88' lang='lat' dir='ltr'><strong><em>riorem</em></strong></span> <span class='ocrx_word' id='word_1_115' title='bbox 235 1861 374 1952; x_wconf 87' lang='lat' dir='ltr'><strong><em>quidem</em></strong></span> <span class='ocrx_word' id='word_1_116' title='bbox 399 1863 527 1953; x_wconf 88' lang='lat' dir='ltr'><strong><em>prioris</em></strong></span> <span class='ocrx_word' id='word_1_117' title='bbox 551 1864 740 1933; x_wconf 83' lang='lat' dir='ltr'><strong><em>seeundum</em></strong></span> <span class='ocrx_word' id='word_1_118' title='bbox 765 1864 935 1932; x_wconf 90' lang='lat' dir='ltr'><strong><em>rationem</em></strong></span> <span class='ocrx_word' id='word_1_119' title='bbox 967 1885 1092 1932; x_wconf 78' lang='lat' dir='ltr'><strong><em>causae</em></strong></span> <span class='ocrx_word' id='word_1_120' title='bbox 1122 1861 1260 1946; x_wconf 87' lang='lat' dir='ltr'><strong><em>finalis,</em></strong></span> 
     </span>
     <span class='ocr_line' id='line_1_16' title="bbox 79 1969 1262 2058; baseline 0.002 -26"><span class='ocrx_word' id='word_1_121' title='bbox 79 1971 233 2057; x_wconf 83' lang='lat' dir='ltr'><strong><em>priorem</em></strong></span> <span class='ocrx_word' id='word_1_122' title='bbox 256 1993 331 2036; x_wconf 86' lang='lat' dir='ltr'><strong><em>aero</em></strong></span> <span class='ocrx_word' id='word_1_123' title='bbox 350 1973 555 2058; x_wconf 82' lang='lat' dir='ltr'><strong><em>posterioris</em></strong></span> <span class='ocrx_word' id='word_1_124' title='bbox 579 1969 757 2040; x_wconf 79' lang='lat' dir='ltr'><strong><em>secandam</em></strong></span> <span class='ocrx_word' id='word_1_125' title='bbox 779 1973 948 2038; x_wconf 85' lang='lat' dir='ltr'><strong><em>rationem</em></strong></span> <span class='ocrx_word' id='word_1_126' title='bbox 978 1995 1099 2038; x_wconf 79' lang='lat' dir='ltr'><strong><em>eaesae</em></strong></span> <span class='ocrx_word' id='word_1_127' title='bbox 1128 1971 1262 2036; x_wconf 80' lang='lat' dir='ltr'><strong><em>merito·</em></strong></span> 
     </span>
     <span class='ocr_line' id='line_1_17' title="bbox 83 2077 1262 2172; baseline 0.003 -32"><span class='ocrx_word' id='word_1_128' title='bbox 83 2079 173 2143; x_wconf 80' lang='lat' dir='ltr'><strong><em>riae:</em></strong></span> <span class='ocrx_word' id='word_1_129' title='bbox 191 2077 286 2146; x_wconf 85' lang='lat' dir='ltr'><strong><em>siout</em></strong></span> <span class='ocrx_word' id='word_1_130' title='bbox 308 2078 341 2146; x_wconf 89' lang='lat' dir='ltr'><strong><em>si</em></strong></span> <span class='ocrx_word' id='word_1_131' title='bbox 363 2079 532 2166; x_wconf 80' lang='lat' dir='ltr'><strong><em>dinamus,</em></strong></span> <span class='ocrx_word' id='word_1_132' title='bbox 548 2079 639 2172; x_wconf 92' lang='lat' dir='ltr'><strong><em>quod</em></strong></span> <span class='ocrx_word' id='word_1_133' title='bbox 654 2081 749 2149; x_wconf 86' lang='lat' dir='ltr'><strong><em>Deus</em></strong></span> <span class='ocrx_word' id='word_1_134' title='bbox 760 2077 1027 2170; x_wconf 78' lang='lat' dir='ltr'><strong><em>praeordinavit</em></strong></span> <span class='ocrx_word' id='word_1_135' title='bbox 1044 2101 1080 2147; x_wconf 88' lang='lat' dir='ltr'><strong><em>se</em></strong></span> <span class='ocrx_word' id='word_1_136' title='bbox 1097 2078 1262 2147; x_wconf 88' lang='lat' dir='ltr'><strong><em>daturum</em></strong></span> 
     </span>
     <span class='ocr_line' id='line_1_18' title="bbox 84 2183 1262 2280; baseline -0.001 -27"><span class='ocrx_word' id='word_1_137' title='bbox 84 2183 196 2255; x_wconf 87' lang='lat' dir='ltr'><strong><em>alioui</em></strong></span> <span class='ocrx_word' id='word_1_138' title='bbox 218 2185 369 2276; x_wconf 78' lang='lat' dir='ltr'><strong><em>plorian</em></strong></span> <span class='ocrx_word' id='word_1_139' title='bbox 386 2211 427 2254; x_wconf 80' lang='lat' dir='ltr'><strong><em>aa</em></strong></span> <span class='ocrx_word' id='word_1_140' title='bbox 443 2191 588 2270; x_wconf 80' lang='lat' dir='ltr'><strong><em>meritis,</em></strong></span> <span class='ocrx_word' id='word_1_141' title='bbox 605 2197 641 2258; x_wconf 92' lang='lat' dir='ltr'><strong><em>et</em></strong></span> <span class='ocrx_word' id='word_1_142' title='bbox 657 2189 748 2280; x_wconf 90' lang='lat' dir='ltr'><strong><em>quod</em></strong></span> <span class='ocrx_word' id='word_1_143' title='bbox 764 2186 1029 2278; x_wconf 80' lang='lat' dir='ltr'><strong><em>praeordinavit</em></strong></span> <span class='ocrx_word' id='word_1_144' title='bbox 1045 2209 1081 2254; x_wconf 90' lang='lat' dir='ltr'><strong><em>se</em></strong></span> <span class='ocrx_word' id='word_1_145' title='bbox 1097 2185 1262 2253; x_wconf 88' lang='lat' dir='ltr'><strong><em>daturum</em></strong></span> 
     </span>
     <span class='ocr_line' id='line_1_19' title="bbox 84 2291 1263 2385; baseline 0 -25"><span class='ocrx_word' id='word_1_146' title='bbox 84 2293 194 2362; x_wconf 88' lang='lat' dir='ltr'><strong><em>alioui</em></strong></span> <span class='ocrx_word' id='word_1_147' title='bbox 210 2293 376 2383; x_wconf 81' lang='lat' dir='ltr'><strong><em>gratiam,</em></strong></span> <span class='ocrx_word' id='word_1_148' title='bbox 395 2301 437 2363; x_wconf 91' lang='lat' dir='ltr'><strong><em>nt</em></strong></span> <span class='ocrx_word' id='word_1_149' title='bbox 455 2303 645 2364; x_wconf 85' lang='lat' dir='ltr'><strong><em>mereretur</em></strong></span> <span class='ocrx_word' id='word_1_150' title='bbox 660 2295 821 2385; x_wconf 84' lang='lat' dir='ltr'><strong><em>gloriam.</em></strong></span> <span class='ocrx_word' id='word_1_151' title='bbox 843 2323 858 2356; x_wconf 80' lang='lat' dir='ltr'><strong><em>n</em></strong></span> <span class='ocrx_word' id='word_1_152' title='bbox 878 2293 947 2364; x_wconf 88' lang='lat' dir='ltr'><strong><em>Ubi</em></strong></span> <span class='ocrx_word' id='word_1_153' title='bbox 959 2293 1125 2362; x_wconf 84' lang='lat' dir='ltr'><strong><em>advertas</em></strong></span> <span class='ocrx_word' id='word_1_154' title='bbox 1140 2291 1263 2361; x_wconf 84' lang='lat' dir='ltr'><strong><em>disari-</em></strong></span> 
     </span>
     <span class='ocr_line' id='line_1_20' title="bbox 84 2401 1264 2494; baseline -0.003 -26"><span class='ocrx_word' id='word_1_155' title='bbox 84 2423 163 2469; x_wconf 88' lang='lat' dir='ltr'><strong><em>men</em></strong></span> <span class='ocrx_word' id='word_1_156' title='bbox 187 2401 386 2487; x_wconf 88' lang='lat' dir='ltr'><strong><em>maximum,</em></strong></span> <span class='ocrx_word' id='word_1_157' title='bbox 413 2426 480 2491; x_wconf 90' lang='lat' dir='ltr'><strong><em>qno</em></strong></span> <span class='ocrx_word' id='word_1_158' title='bbox 503 2403 660 2494; x_wconf 87' lang='lat' dir='ltr'><strong><em>loquitur</em></strong></span> <span class='ocrx_word' id='word_1_159' title='bbox 683 2404 726 2472; x_wconf 90' lang='lat' dir='ltr'><strong><em>de</em></strong></span> <span class='ocrx_word' id='word_1_160' title='bbox 748 2401 1052 2494; x_wconf 84' lang='lat' dir='ltr'><strong><em>praeordinatione</em></strong></span> <span class='ocrx_word' id='word_1_161' title='bbox 1071 2401 1208 2490; x_wconf 75' lang='lat' dir='ltr'><strong><em>plorioe</em></strong></span> <span class='ocrx_word' id='word_1_162' title='bbox 1223 2421 1264 2466; x_wconf 84' lang='lat' dir='ltr'><strong><em>en</em></strong></span> 
     </span>
     <span class='ocr_line' id='line_1_21' title="bbox 86 2512 1260 2604; baseline -0.005 -26"><span class='ocrx_word' id='word_1_163' title='bbox 86 2513 244 2595; x_wconf 80' lang='lat' dir='ltr'><strong><em>meritis,</em></strong></span> <span class='ocrx_word' id='word_1_164' title='bbox 269 2519 305 2580; x_wconf 88' lang='lat' dir='ltr'><strong><em>st</em></strong></span> <span class='ocrx_word' id='word_1_165' title='bbox 328 2512 369 2580; x_wconf 87' lang='lat' dir='ltr'><strong><em>da</em></strong></span> <span class='ocrx_word' id='word_1_166' title='bbox 392 2513 696 2603; x_wconf 82' lang='lat' dir='ltr'><strong><em>praeordinatione</em></strong></span> <span class='ocrx_word' id='word_1_167' title='bbox 719 2518 871 2604; x_wconf 80' lang='lat' dir='ltr'><strong><em>pratiae,</em></strong></span> <span class='ocrx_word' id='word_1_168' title='bbox 896 2527 935 2582; x_wconf 84' lang='lat' dir='ltr'><strong><em>ut</em></strong></span> <span class='ocrx_word' id='word_1_169' title='bbox 959 2513 1053 2576; x_wconf 81' lang='lat' dir='ltr'><strong><em>homo</em></strong></span> <span class='ocrx_word' id='word_1_170' title='bbox 1077 2523 1260 2576; x_wconf 83' lang='lat' dir='ltr'><strong><em>mereretur</em></strong></span> 
     </span>
     <span class='ocr_line' id='line_1_22' title="bbox 84 2616 1262 2710; baseline -0.003 -26"><span class='ocrx_word' id='word_1_171' title='bbox 84 2621 250 2708; x_wconf 65' lang='lat' dir='ltr'><strong><em>ploriann</em></strong></span> <span class='ocrx_word' id='word_1_172' title='bbox 274 2641 340 2686; x_wconf 91' lang='lat' dir='ltr'><strong><em>non</em></strong></span> <span class='ocrx_word' id='word_1_173' title='bbox 365 2619 456 2688; x_wconf 90' lang='lat' dir='ltr'><strong><em>enim</em></strong></span> <span class='ocrx_word' id='word_1_174' title='bbox 480 2621 544 2704; x_wconf 90' lang='lat' dir='ltr'><strong><em>ait,</em></strong></span> <span class='ocrx_word' id='word_1_175' title='bbox 570 2620 680 2688; x_wconf 89' lang='lat' dir='ltr'><strong><em>Deum</em></strong></span> <span class='ocrx_word' id='word_1_176' title='bbox 696 2620 960 2710; x_wconf 80' lang='lat' dir='ltr'><strong><em>praeordinasse</em></strong></span> <span class='ocrx_word' id='word_1_177' title='bbox 977 2616 1131 2707; x_wconf 85' lang='lat' dir='ltr'><strong><em>gratiam</em></strong></span> <span class='ocrx_word' id='word_1_178' title='bbox 1146 2637 1189 2683; x_wconf 84' lang='lat' dir='ltr'><strong><em>ex</em></strong></span> <span class='ocrx_word' id='word_1_179' title='bbox 1205 2616 1262 2682; x_wconf 85' lang='lat' dir='ltr'><strong><em>ot-</em></strong></span> 
     </span>
     <span class='ocr_line' id='line_1_23' title="bbox 85 2723 1262 2816; baseline -0.001 -24"><span class='ocrx_word' id='word_1_180' title='bbox 85 2727 202 2793; x_wconf 80' lang='lat' dir='ltr'><strong><em>solata</em></strong></span> <span class='ocrx_word' id='word_1_181' title='bbox 224 2723 416 2794; x_wconf 84' lang='lat' dir='ltr'><strong><em>intentione</em></strong></span> <span class='ocrx_word' id='word_1_182' title='bbox 439 2725 597 2815; x_wconf 82' lang='lat' dir='ltr'><strong><em>glorias;</em></strong></span> <span class='ocrx_word' id='word_1_183' title='bbox 624 2727 684 2795; x_wconf 89' lang='lat' dir='ltr'><strong><em>ssd</em></strong></span> <span class='ocrx_word' id='word_1_184' title='bbox 702 2725 851 2816; x_wconf 81' lang='lat' dir='ltr'><strong><em>gloriam</em></strong></span> <span class='ocrx_word' id='word_1_185' title='bbox 863 2747 938 2794; x_wconf 89' lang='lat' dir='ltr'><strong><em>esse</em></strong></span> <span class='ocrx_word' id='word_1_186' title='bbox 950 2723 1149 2792; x_wconf 87' lang='lat' dir='ltr'><strong><em>hominibus</em></strong></span> <span class='ocrx_word' id='word_1_187' title='bbox 1166 2743 1262 2812; x_wconf 83' lang='lat' dir='ltr'><strong><em>prae·</em></strong></span> 
     </span>
     <span class='ocr_line' id='line_1_24' title="bbox 85 2829 1265 2922; baseline -0.002 -22"><span class='ocrx_word' id='word_1_188' title='bbox 85 2833 204 2918; x_wconf 83' lang='lat' dir='ltr'><strong><em>fixam,</em></strong></span> <span class='ocrx_word' id='word_1_189' title='bbox 231 2841 273 2902; x_wconf 90' lang='lat' dir='ltr'><strong><em>ut</em></strong></span> <span class='ocrx_word' id='word_1_190' title='bbox 288 2833 356 2922; x_wconf 91' lang='lat' dir='ltr'><strong><em>ipsi</em></strong></span> <span class='ocrx_word' id='word_1_191' title='bbox 373 2839 600 2918; x_wconf 84' lang='lat' dir='ltr'><strong><em>mererentur,</em></strong></span> <span class='ocrx_word' id='word_1_192' title='bbox 619 2838 656 2902; x_wconf 91' lang='lat' dir='ltr'><strong><em>st</em></strong></span> <span class='ocrx_word' id='word_1_193' title='bbox 672 2857 714 2902; x_wconf 84' lang='lat' dir='ltr'><strong><em>ex</em></strong></span> <span class='ocrx_word' id='word_1_194' title='bbox 731 2833 796 2901; x_wconf 89' lang='lat' dir='ltr'><strong><em>hae</em></strong></span> <span class='ocrx_word' id='word_1_195' title='bbox 811 2832 1006 2901; x_wconf 85' lang='lat' dir='ltr'><strong><em>intentione</em></strong></span> <span class='ocrx_word' id='word_1_196' title='bbox 1026 2829 1265 2899; x_wconf 82' lang='lat' dir='ltr'><strong><em>conditionata</em></strong></span> 
     </span>
     <span class='ocr_line' id='line_1_25' title="bbox 85 2940 770 3031; baseline -0.003 -21"><span class='ocrx_word' id='word_1_197' title='bbox 85 2941 197 3010; x_wconf 88' lang='lat' dir='ltr'><strong><em>Deum</em></strong></span> <span class='ocrx_word' id='word_1_198' title='bbox 221 2940 272 3009; x_wconf 91' lang='lat' dir='ltr'><strong><em>eis</em></strong></span> <span class='ocrx_word' id='word_1_199' title='bbox 295 2941 575 3030; x_wconf 84' lang='lat' dir='ltr'><strong><em>praedestinasse</em></strong></span> <span class='ocrx_word' id='word_1_200' title='bbox 603 2941 770 3031; x_wconf 83' lang='lat' dir='ltr'><strong><em>gratiam.</em></strong></span> 
     </span>
    </p>

    <p class='ocr_par' dir='ltr' id='par_1_3' title="bbox 85 3044 1266 4536">
     <span class='ocr_line' id='line_1_26' title="bbox 154 3044 1264 3137; baseline -0.003 -21"><span class='ocrx_word' id='word_1_201' title='bbox 154 3049 205 3116; x_wconf 88' lang='lat' dir='ltr'><strong><em>H.</em></strong></span> <span class='ocrx_word' id='word_1_202' title='bbox 230 3047 272 3115; x_wconf 92' lang='lat' dir='ltr'><strong><em>In</em></strong></span> <span class='ocrx_word' id='word_1_203' title='bbox 296 3049 453 3117; x_wconf 85' lang='lat' dir='ltr'><strong><em>textibus</em></strong></span> <span class='ocrx_word' id='word_1_204' title='bbox 478 3048 600 3117; x_wconf 89' lang='lat' dir='ltr'><strong><em>allatis</em></strong></span> <span class='ocrx_word' id='word_1_205' title='bbox 623 3049 660 3118; x_wconf 87' lang='lat' dir='ltr'><strong><em>S.</em></strong></span> <span class='ocrx_word' id='word_1_206' title='bbox 687 3049 837 3117; x_wconf 78' lang='lat' dir='ltr'><strong><em>Thomas</em></strong></span> <span class='ocrx_word' id='word_1_207' title='bbox 861 3047 1030 3115; x_wconf 82' lang='lat' dir='ltr'><strong><em>distinete</em></strong></span> <span class='ocrx_word' id='word_1_208' title='bbox 1047 3044 1207 3137; x_wconf 88' lang='lat' dir='ltr'><strong><em>loquitur</em></strong></span> <span class='ocrx_word' id='word_1_209' title='bbox 1223 3045 1264 3114; x_wconf 86' lang='lat' dir='ltr'><strong><em>ds</em></strong></span> 
     </span>
     <span class='ocr_line' id='line_1_27' title="bbox 85 3152 1263 3247; baseline -0.005 -21"><span class='ocrx_word' id='word_1_210' title='bbox 85 3155 405 3247; x_wconf 83' lang='lat' dir='ltr'><strong><em>praedestinatione</em></strong></span> <span class='ocrx_word' id='word_1_211' title='bbox 429 3156 474 3224; x_wconf 87' lang='lat' dir='ltr'><strong><em>ad</em></strong></span> <span class='ocrx_word' id='word_1_212' title='bbox 497 3155 645 3246; x_wconf 85' lang='lat' dir='ltr'><strong><em>gloriam</em></strong></span> <span class='ocrx_word' id='word_1_213' title='bbox 670 3179 731 3247; x_wconf 90' lang='lat' dir='ltr'><strong><em>psr</em></strong></span> <span class='ocrx_word' id='word_1_214' title='bbox 755 3180 791 3225; x_wconf 89' lang='lat' dir='ltr'><strong><em>se</em></strong></span> <span class='ocrx_word' id='word_1_215' title='bbox 814 3165 849 3226; x_wconf 88' lang='lat' dir='ltr'><strong><em>st</em></strong></span> <span class='ocrx_word' id='word_1_216' title='bbox 872 3177 1028 3226; x_wconf 87' lang='lat' dir='ltr'><strong><em>seorsum</em></strong></span> <span class='ocrx_word' id='word_1_217' title='bbox 1053 3160 1211 3244; x_wconf 85' lang='lat' dir='ltr'><strong><em>speetata</em></strong></span> <span class='ocrx_word' id='word_1_218' title='bbox 1226 3152 1263 3220; x_wconf 91' lang='lat' dir='ltr'><strong><em>in</em></strong></span> 
     </span>
     <span class='ocr_line' id='line_1_28' title="bbox 86 3259 1264 3353; baseline -0.005 -20"><span class='ocrx_word' id='word_1_219' title='bbox 86 3262 343 3353; x_wconf 82' lang='lat' dir='ltr'><strong><em>comparatione</em></strong></span> <span class='ocrx_word' id='word_1_220' title='bbox 367 3285 444 3330; x_wconf 87' lang='lat' dir='ltr'><strong><em>oum</em></strong></span> <span class='ocrx_word' id='word_1_221' title='bbox 467 3262 785 3352; x_wconf 85' lang='lat' dir='ltr'><strong><em>praedestinatione</em></strong></span> <span class='ocrx_word' id='word_1_222' title='bbox 800 3263 845 3330; x_wconf 90' lang='lat' dir='ltr'><strong><em>ad</em></strong></span> <span class='ocrx_word' id='word_1_223' title='bbox 861 3261 1026 3353; x_wconf 79' lang='lat' dir='ltr'><strong><em>gratiam,</em></strong></span> <span class='ocrx_word' id='word_1_224' title='bbox 1045 3267 1149 3352; x_wconf 86' lang='lat' dir='ltr'><strong><em>atque</em></strong></span> <span class='ocrx_word' id='word_1_225' title='bbox 1166 3259 1264 3328; x_wconf 88' lang='lat' dir='ltr'><strong><em>illam</em></strong></span> 
     </span>
     <span class='ocr_line' id='line_1_29' title="bbox 86 3368 1265 3462; baseline -0.004 -22"><span class='ocrx_word' id='word_1_226' title='bbox 86 3393 162 3440; x_wconf 85' lang='lat' dir='ltr'><strong><em>esse</em></strong></span> <span class='ocrx_word' id='word_1_227' title='bbox 186 3377 452 3462; x_wconf 83' lang='lat' dir='ltr'><strong><em>sonasquentsm</em></strong></span> <span class='ocrx_word' id='word_1_228' title='bbox 475 3370 520 3439; x_wconf 88' lang='lat' dir='ltr'><strong><em>ad</em></strong></span> <span class='ocrx_word' id='word_1_229' title='bbox 544 3371 670 3440; x_wconf 87' lang='lat' dir='ltr'><strong><em>merita</em></strong></span> <span class='ocrx_word' id='word_1_230' title='bbox 692 3371 829 3460; x_wconf 83' lang='lat' dir='ltr'><strong><em>gratiae</em></strong></span> <span class='ocrx_word' id='word_1_231' title='bbox 852 3369 1017 3460; x_wconf 87' lang='lat' dir='ltr'><strong><em>praevisa</em></strong></span> <span class='ocrx_word' id='word_1_232' title='bbox 1035 3368 1265 3438; x_wconf 84' lang='lat' dir='ltr'><strong><em>disertissime</em></strong></span> 
     </span>
     <span class='ocr_line' id='line_1_30' title="bbox 85 3475 1265 3570; baseline -0.003 -22"><span class='ocrx_word' id='word_1_233' title='bbox 85 3487 121 3548; x_wconf 89' lang='lat' dir='ltr'><strong><em>et</em></strong></span> <span class='ocrx_word' id='word_1_234' title='bbox 144 3479 340 3548; x_wconf 88' lang='lat' dir='ltr'><strong><em>olarissime</em></strong></span> <span class='ocrx_word' id='word_1_235' title='bbox 363 3477 473 3548; x_wconf 85' lang='lat' dir='ltr'><strong><em>deest.</em></strong></span> <span class='ocrx_word' id='word_1_236' title='bbox 499 3475 738 3551; x_wconf 86' lang='lat' dir='ltr'><strong><em>Nihilominus</em></strong></span> <span class='ocrx_word' id='word_1_237' title='bbox 762 3501 830 3547; x_wconf 87' lang='lat' dir='ltr'><strong><em>non</em></strong></span> <span class='ocrx_word' id='word_1_238' title='bbox 846 3480 973 3548; x_wconf 91' lang='lat' dir='ltr'><strong><em>desunt</em></strong></span> <span class='ocrx_word' id='word_1_239' title='bbox 988 3477 1126 3570; x_wconf 88' lang='lat' dir='ltr'><strong><em>aliquot</em></strong></span> <span class='ocrx_word' id='word_1_240' title='bbox 1146 3482 1265 3547; x_wconf 81' lang='lat' dir='ltr'><strong><em>textus</em></strong></span> 
     </span>
     <span class='ocr_line' id='line_1_31' title="bbox 85 3585 1266 3678; baseline 0 -24"><span class='ocrx_word' id='word_1_241' title='bbox 85 3587 123 3655; x_wconf 91' lang='lat' dir='ltr'><strong><em>in</em></strong></span> <span class='ocrx_word' id='word_1_242' title='bbox 148 3587 293 3677; x_wconf 86' lang='lat' dir='ltr'><strong><em>seriptis</em></strong></span> <span class='ocrx_word' id='word_1_243' title='bbox 316 3586 353 3656; x_wconf 89' lang='lat' dir='ltr'><strong><em>S.</em></strong></span> <span class='ocrx_word' id='word_1_244' title='bbox 379 3586 553 3671; x_wconf 84' lang='lat' dir='ltr'><strong><em>Dostoris,</em></strong></span> <span class='ocrx_word' id='word_1_245' title='bbox 580 3587 641 3678; x_wconf 89' lang='lat' dir='ltr'><strong><em>qui</em></strong></span> <span class='ocrx_word' id='word_1_246' title='bbox 665 3609 727 3677; x_wconf 91' lang='lat' dir='ltr'><strong><em>per</em></strong></span> <span class='ocrx_word' id='word_1_247' title='bbox 750 3609 787 3655; x_wconf 86' lang='lat' dir='ltr'><strong><em>se</em></strong></span> <span class='ocrx_word' id='word_1_248' title='bbox 811 3586 962 3676; x_wconf 86' lang='lat' dir='ltr'><strong><em>spaotati</em></strong></span> <span class='ocrx_word' id='word_1_249' title='bbox 985 3585 1099 3655; x_wconf 86' lang='lat' dir='ltr'><strong><em>videri</em></strong></span> <span class='ocrx_word' id='word_1_250' title='bbox 1119 3595 1266 3676; x_wconf 89' lang='lat' dir='ltr'><strong><em>possunt</em></strong></span> 
     </span>
     <span class='ocr_line' id='line_1_32' title="bbox 86 3695 1264 3786; baseline -0.003 -22"><span class='ocrx_word' id='word_1_251' title='bbox 86 3695 374 3786; x_wconf 86' lang='lat' dir='ltr'><strong><em>praeoedentibus</em></strong></span> <span class='ocrx_word' id='word_1_252' title='bbox 390 3715 599 3785; x_wconf 82' lang='lat' dir='ltr'><strong><em>repugnare,</em></strong></span> <span class='ocrx_word' id='word_1_253' title='bbox 614 3695 684 3764; x_wconf 92' lang='lat' dir='ltr'><strong><em>nisi</em></strong></span> <span class='ocrx_word' id='word_1_254' title='bbox 696 3717 780 3786; x_wconf 86' lang='lat' dir='ltr'><strong><em>prae</em></strong></span> <span class='ocrx_word' id='word_1_255' title='bbox 792 3695 904 3764; x_wconf 83' lang='lat' dir='ltr'><strong><em>oeulis</em></strong></span> <span class='ocrx_word' id='word_1_256' title='bbox 916 3695 1089 3763; x_wconf 87' lang='lat' dir='ltr'><strong><em>habeatur</em></strong></span> <span class='ocrx_word' id='word_1_257' title='bbox 1102 3701 1264 3762; x_wconf 75' lang='lat' dir='ltr'><strong><em>sonemus</em></strong></span> 
     </span>
     <span class='ocr_line' id='line_1_33' title="bbox 87 3799 1264 3891; baseline -0.003 -21"><span class='ocrx_word' id='word_1_258' title='bbox 87 3802 164 3870; x_wconf 89' lang='lat' dir='ltr'><strong><em>sius</em></strong></span> <span class='ocrx_word' id='word_1_259' title='bbox 187 3801 310 3870; x_wconf 89' lang='lat' dir='ltr'><strong><em>modus</em></strong></span> <span class='ocrx_word' id='word_1_260' title='bbox 333 3823 409 3870; x_wconf 87' lang='lat' dir='ltr'><strong><em>oum</em></strong></span> <span class='ocrx_word' id='word_1_261' title='bbox 430 3800 634 3891; x_wconf 83' lang='lat' dir='ltr'><strong><em>Augustino</em></strong></span> <span class='ocrx_word' id='word_1_262' title='bbox 650 3801 893 3871; x_wconf 77' lang='lat' dir='ltr'><strong><em>considerandi</em></strong></span> <span class='ocrx_word' id='word_1_263' title='bbox 908 3799 1264 3891; x_wconf 85' lang='lat' dir='ltr'><strong><em>praedestinationem</em></strong></span> 
     </span>
     <span class='ocr_line' id='line_1_34' title="bbox 87 3905 1262 3998; baseline -0.004 -21"><span class='ocrx_word' id='word_1_264' title='bbox 87 3908 131 3977; x_wconf 88' lang='lat' dir='ltr'><strong><em>ad</em></strong></span> <span class='ocrx_word' id='word_1_265' title='bbox 149 3908 320 3998; x_wconf 82' lang='lat' dir='ltr'><strong><em>gratiam,</em></strong></span> <span class='ocrx_word' id='word_1_266' title='bbox 342 3907 398 3976; x_wconf 88' lang='lat' dir='ltr'><strong><em>vel</em></strong></span> <span class='ocrx_word' id='word_1_267' title='bbox 414 3906 582 3998; x_wconf 85' lang='lat' dir='ltr'><strong><em>eomplete</em></strong></span> <span class='ocrx_word' id='word_1_268' title='bbox 605 3908 650 3976; x_wconf 89' lang='lat' dir='ltr'><strong><em>ad</em></strong></span> <span class='ocrx_word' id='word_1_269' title='bbox 666 3909 820 3997; x_wconf 83' lang='lat' dir='ltr'><strong><em>gratiam</em></strong></span> <span class='ocrx_word' id='word_1_270' title='bbox 843 3906 949 3976; x_wconf 88' lang='lat' dir='ltr'><strong><em>simul</em></strong></span> <span class='ocrx_word' id='word_1_271' title='bbox 973 3911 1009 3974; x_wconf 89' lang='lat' dir='ltr'><strong><em>st</em></strong></span> <span class='ocrx_word' id='word_1_272' title='bbox 1031 3905 1075 3974; x_wconf 87' lang='lat' dir='ltr'><strong><em>ad</em></strong></span> <span class='ocrx_word' id='word_1_273' title='bbox 1099 3905 1262 3994; x_wconf 76' lang='lat' dir='ltr'><strong><em>gloriam.</em></strong></span> 
     </span>
     <span class='ocr_line' id='line_1_35' title="bbox 86 4013 1263 4108; baseline -0.003 -24"><span class='ocrx_word' id='word_1_274' title='bbox 86 4015 309 4108; x_wconf 87' lang='lat' dir='ltr'><strong><em>Inquiramus</em></strong></span> <span class='ocrx_word' id='word_1_275' title='bbox 332 4016 444 4105; x_wconf 90' lang='lat' dir='ltr'><strong><em>primo</em></strong></span> <span class='ocrx_word' id='word_1_276' title='bbox 462 4037 583 4084; x_wconf 88' lang='lat' dir='ltr'><strong><em>verum</em></strong></span> <span class='ocrx_word' id='word_1_277' title='bbox 598 4039 737 4085; x_wconf 86' lang='lat' dir='ltr'><strong><em>sensum</em></strong></span> <span class='ocrx_word' id='word_1_278' title='bbox 752 4017 790 4084; x_wconf 92' lang='lat' dir='ltr'><strong><em>in</em></strong></span> <span class='ocrx_word' id='word_1_279' title='bbox 807 4016 852 4084; x_wconf 93' lang='lat' dir='ltr'><strong><em>iis</em></strong></span> <span class='ocrx_word' id='word_1_280' title='bbox 869 4015 968 4100; x_wconf 92' lang='lat' dir='ltr'><strong><em>loois,</em></strong></span> <span class='ocrx_word' id='word_1_281' title='bbox 987 4036 1076 4105; x_wconf 86' lang='lat' dir='ltr'><strong><em>quae</em></strong></span> <span class='ocrx_word' id='word_1_282' title='bbox 1092 4035 1113 4080; x_wconf 89' lang='lat' dir='ltr'><strong><em>a</em></strong></span> <span class='ocrx_word' id='word_1_283' title='bbox 1129 4013 1263 4082; x_wconf 82' lang='lat' dir='ltr'><strong><em>Geneto</em></strong></span> 
     </span>
     <span class='ocr_line' id='line_1_36' title="bbox 88 4120 1264 4213; baseline -0.001 -22"><span class='ocrx_word' id='word_1_284' title='bbox 88 4123 199 4213; x_wconf 90' lang='lat' dir='ltr'><strong><em>(disp.</em></strong></span> <span class='ocrx_word' id='word_1_285' title='bbox 215 4122 265 4190; x_wconf 89' lang='lat' dir='ltr'><strong><em>H.</em></strong></span> <span class='ocrx_word' id='word_1_286' title='bbox 279 4129 310 4206; x_wconf 66' lang='grc' dir='ltr'><strong><em>ἓ.</em></strong></span> <span class='ocrx_word' id='word_1_287' title='bbox 323 4123 375 4208; x_wconf 85' lang='lat' dir='ltr'><strong><em>b.)</em></strong></span> <span class='ocrx_word' id='word_1_288' title='bbox 391 4123 435 4190; x_wconf 88' lang='lat' dir='ltr'><strong><em>ed</em></strong></span> <span class='ocrx_word' id='word_1_289' title='bbox 451 4121 751 4193; x_wconf 87' lang='lat' dir='ltr'><strong><em>demonstrandam</em></strong></span> <span class='ocrx_word' id='word_1_290' title='bbox 769 4143 867 4190; x_wconf 87' lang='lat' dir='ltr'><strong><em>suam</em></strong></span> <span class='ocrx_word' id='word_1_291' title='bbox 884 4120 1092 4190; x_wconf 87' lang='lat' dir='ltr'><strong><em>sententiam</em></strong></span> <span class='ocrx_word' id='word_1_292' title='bbox 1109 4121 1151 4190; x_wconf 93' lang='lat' dir='ltr'><strong><em>de</em></strong></span> <span class='ocrx_word' id='word_1_293' title='bbox 1167 4141 1264 4211; x_wconf 86' lang='lat' dir='ltr'><strong><em>prae·</em></strong></span> 
     </span>
     <span class='ocr_line' id='line_1_37' title="bbox 88 4228 1264 4301; baseline -0.003 -2"><span class='ocrx_word' id='word_1_294' title='bbox 88 4229 319 4300; x_wconf 87' lang='lat' dir='ltr'><strong><em>destinatione</em></strong></span> <span class='ocrx_word' id='word_1_295' title='bbox 335 4231 494 4300; x_wconf 87' lang='lat' dir='ltr'><strong><em>absolute</em></strong></span> <span class='ocrx_word' id='word_1_296' title='bbox 509 4231 734 4301; x_wconf 62' lang='lat' dir='ltr'><strong><em>armamenta</em></strong></span> <span class='ocrx_word' id='word_1_297' title='bbox 750 4230 973 4298; x_wconf 80' lang='lat' dir='ltr'><strong><em>adferuntur.</em></strong></span> <span class='ocrx_word' id='word_1_298' title='bbox 990 4229 1079 4296; x_wconf 77' lang='lat' dir='ltr'><strong><em>&#39;lum</em></strong></span> <span class='ocrx_word' id='word_1_299' title='bbox 1090 4228 1264 4296; x_wconf 84' lang='lat' dir='ltr'><strong><em>examina·</em></strong></span> 
     </span>
     <span class='ocr_line' id='line_1_38' title="bbox 88 4335 1264 4431; baseline -0.003 -25"><span class='ocrx_word' id='word_1_300' title='bbox 88 4339 200 4408; x_wconf 89' lang='lat' dir='ltr'><strong><em>bimus</em></strong></span> <span class='ocrx_word' id='word_1_301' title='bbox 214 4337 288 4408; x_wconf 83' lang='lat' dir='ltr'><strong><em>alia</em></strong></span> <span class='ocrx_word' id='word_1_302' title='bbox 302 4339 470 4431; x_wconf 86' lang='lat' dir='ltr'><strong><em>quaedam</em></strong></span> <span class='ocrx_word' id='word_1_303' title='bbox 483 4339 663 4408; x_wconf 84' lang='lat' dir='ltr'><strong><em>doetrinae</em></strong></span> <span class='ocrx_word' id='word_1_304' title='bbox 679 4339 808 4429; x_wconf 80' lang='lat' dir='ltr'><strong><em>eapite,</em></strong></span> <span class='ocrx_word' id='word_1_305' title='bbox 827 4358 916 4430; x_wconf 88' lang='lat' dir='ltr'><strong><em>quae</em></strong></span> <span class='ocrx_word' id='word_1_306' title='bbox 932 4358 1038 4427; x_wconf 87' lang='lat' dir='ltr'><strong><em>penes</em></strong></span> <span class='ocrx_word' id='word_1_307' title='bbox 1052 4335 1264 4405; x_wconf 54' lang='lat' dir='ltr'><strong><em>&amp;Theman</em></strong></span> 
     </span>
     <span class='ocr_line' id='line_1_39' title="bbox 89 4442 1260 4536; baseline -0.003 -22"><span class='ocrx_word' id='word_1_308' title='bbox 89 4452 296 4532; x_wconf 86' lang='lat' dir='ltr'><strong><em>ooourrnnt,</em></strong></span> <span class='ocrx_word' id='word_1_309' title='bbox 322 4468 363 4516; x_wconf 87' lang='lat' dir='ltr'><strong><em>ao</em></strong></span> <span class='ocrx_word' id='word_1_310' title='bbox 394 4453 534 4516; x_wconf 85' lang='lat' dir='ltr'><strong><em>nostras</em></strong></span> <span class='ocrx_word' id='word_1_311' title='bbox 564 4446 849 4536; x_wconf 88' lang='lat' dir='ltr'><strong><em>interpretationi</em></strong></span> <span class='ocrx_word' id='word_1_312' title='bbox 876 4443 1059 4514; x_wconf 72' lang='lat' dir='ltr'><strong><em>adversmi</em></strong></span> <span class='ocrx_word' id='word_1_313' title='bbox 1083 4442 1260 4512; x_wconf 85' lang='lat' dir='ltr'><strong><em>videntur.</em></strong></span> 
     </span>
    </p>
   </div>
   <div class='ocr_carea' id='block_1_2' title="bbox 0 0 1686 5060">
    <p class='ocr_par' dir='ltr' id='par_1_4' title="bbox 0 0 1686 5060">
     <span class='ocr_line' id='line_1_40' title="bbox 0 0 1686 5060; baseline 0 0"><span class='ocrx_word' id='word_1_314' title='bbox 0 0 1686 5060; x_wconf 95' lang='lat' dir='ltr'><strong><em> </em></strong></span> 
     </span>
    </p>
   </div>
  </div>
 </body>
</html>
