3280 5070
903 410 940 422 -
962 377 1022 436 508
1043 407 1081 420 ..

409 480 551 551 initium
578 484 721 574 eiusque
748 483 1012 563 incrementum,
1038 479 1336 562 iustitutionem,
1361 499 1558 569 perseveran-

409 589 496 656 tiam
526 589 563 656 in
586 611 650 656 sua
673 588 906 679 praescientia
928 586 1167 677 praeparavit,
1186 593 1241 654 est
1262 592 1365 654 extra
1387 593 1560 654 ooutrouer·

409 696 508 762 siam.
523 696 657 764 Putant
671 719 755 765 vero
766 695 923 785 theologi
937 695 1005 778 illi,
1020 695 1080 786 qui
1092 695 1221 784 ubique
1234 693 1561 783 praedestinationem

408 802 453 870 ad
470 803 618 891 gloriam
634 811 715 873 ente
742 805 905 894 praevisa
921 803 1046 870 merita
1060 803 1214 892 reperire
1230 801 1374 885 vellent,
1393 802 1482 869 dona
1495 799 1563 866 bueo

409 911 522 977 omnia
546 913 589 978 ab
611 912 814 1001 Augustino
837 934 904 978 nou
928 910 999 978 diei
1018 907 1296 998 praedestinato,
1312 907 1384 976 uisi
1411 915 1564 999 quatenus

408 1018 445 1084 in
468 1017 589 1085 divino
612 1019 749 1087 deoreto
773 1042 850 1087 oum
874 1018 990 1086 salute
1013 1018 1066 1084 ita
1088 1024 1287 1099 nectantur,
1306 1023 1348 1084 ut
1369 1016 1467 1084 Deus
1486 1019 1564 1080 sats

408 1123 568 1192 oedenter
591 1125 854 1215 praedestinans
876 1123 1037 1193 absoluta
1061 1123 1245 1192 voluntate
1267 1123 1312 1191 ad
1336 1123 1485 1212 gloriam
1506 1142 1566 1188 eoo

407 1231 541 1316 lestem,
559 1255 600 1300 ex
626 1231 692 1300 beo
714 1233 939 1322 praecedente
962 1231 1278 1322 praedestinatione
1300 1231 1345 1298 ad
1359 1229 1507 1320 gloriam
1520 1227 1566 1295 de

407 1361 500 1406 mum
523 1345 660 1407 statuat
682 1341 839 1407 conferre
861 1339 926 1407 illa
949 1340 1039 1407 dona
1066 1345 1243 1430 tamquam
1274 1337 1389 1405 media
1412 1337 1458 1404 ad
1480 1336 1566 1402 linem

406 1446 716 1534 praedestinatum.
746 1447 971 1516 Affirmamus
1006 1454 1150 1530 eontra,
1183 1448 1226 1514 ab
1260 1446 1466 1534 Augustino
1496 1441 1568 1508 haee
1630 1469 1631 1472 ¹

406 1554 521 1620 omnia
550 1558 716 1645 (excepta
745 1555 1030 1645 perseverantie)
1060 1575 1161 1644 saepe
1196 1555 1267 1624 diei
1292 1550 1567 1642 praedestinato,

404 1661 544 1729 etiamsi
566 1684 645 1730 oum
667 1667 829 1731 aeternae
852 1663 981 1731 salutis
1011 1663 1252 1732 consecutione
1282 1681 1351 1728 nou
1381 1663 1567 1728 nectantur.
1627 1712 1632 1743 ,

404 1765 517 1835 Multo
533 1790 617 1858 ergo
633 1769 747 1838 minus
764 1793 884 1838 verum
900 1777 966 1855 est,
981 1769 1066 1838 baeu
1077 1770 1195 1838 eadem
1207 1768 1297 1836 dona
1307 1766 1419 1834 solum
1436 1771 1568 1834 eatenus

405 1876 477 1946 diei
496 1875 770 1965 praedestinata,
788 1883 961 1970 quatenus
983 1879 1251 1967 proticiseautur
1276 1899 1318 1945 ex
1336 1873 1499 1942 absoluta
1519 1892 1568 1936 au·
1628 1922 1633 1950 .

403 1983 579 2052 teeedente
593 1983 909 2074 praedestinatione
921 1984 966 2052 ed
979 1985 1127 2074 gloriam
1146 1991 1336 2053 aeternam.
1351 1982 1566 2051 Manifestum
1627 1966 1633 2047 i

400 2090 437 2159 id
451 2115 525 2160 esse
541 2093 642 2161 debet
657 2093 855 2182 legentibus
866 2093 976 2160 libros
990 2092 1190 2181 Augustini
1201 2093 1243 2162 de
1255 2087 1567 2160 Praedestiuatioue

401 2197 621 2282 Sanctorum,
635 2209 671 2268 et
686 2201 728 2269 de
747 2200 846 2268 Dono
862 2201 987 2286 (Bono)
1002 2200 1294 2291 perseverantiae;
1306 2195 1494 2286 Fulgentii
1504 2194 1528 2262 l.
1540 2189 1566 2258 1.

401 2297 446 2372 ud
462 2305 652 2374 Monimnm
667 2315 703 2376 et
718 2307 895 2397 epilogum
918 2307 1002 2375 libri
1025 2308 1067 2376 de
1090 2307 1269 2377 Iuearnat.
1287 2313 1324 2376 et
1346 2306 1479 2396 gratia;
1498 2302 1566 2370 Pro

401 2413 495 2504 speri
526 2415 766 2505 responsiones
797 2415 841 2482 ad
865 2438 941 2504 oap.
968 2415 1064 2485 Gall.
1089 2415 1169 2484 XV.
1195 2415 1298 2484 etad
1320 2413 1487 2504 Exeerpt.
1512 2409 1567 2476 Ge

400 2541 523 2588 nuens.
542 2519 608 2588 IX.

468 2624 524 2714 iu*
535 2625 658 2714 primis
681 2626 772 2695 euim
803 2626 1030 2716 Augustinus
1052 2627 1245 2716 generatim
1275 2623 1419 2708 definit,
1444 2621 1565 2691 nullum
1635 2611 1636 2624 .

401 2731 439 2798 in
462 2737 616 2820 tempore
639 2732 790 2802 oonierri
814 2733 966 2822 gratiam
990 2755 1052 2802 neo
1069 2733 1221 2804 conferri
1238 2755 1349 2822 posse,
1369 2731 1456 2823 quin
1478 2729 1509 2798 ei
1522 2747 1564 2794 re

402 2837 569 2928 spondeat
584 2845 727 2909 aeterna
745 2840 809 2908 Dei
822 2841 1106 2930 praedestinatio.
1120 2871 1137 2906 u
1147 2841 1245 2910 Inter
1257 2840 1411 2930 gratiam
1430 2845 1468 2907 et
1482 2855 1566 2928 prae·

401 2941 680 3027 destinationem,
698 2945 826 3036 inquit,
845 2945 909 3013 boe
932 2953 1070 3013 tantum
1094 2946 1257 3030 interest,
1276 2943 1368 3036 quod
1389 2940 1566 3032 proedesti-

401 3053 499 3118 notio
516 3066 564 3118 eet
578 3053 719 3142 gratiae
728 3055 972 3142 praeparatio,
988 3055 1110 3143 gratie
1125 3077 1209 3122 vero
1225 3053 1295 3121 iam
1310 3052 1389 3142 ipsa
1404 3051 1563 3120 donatior

401 3157 578 3226 Praedest.
598 3158 662 3228 SS.
681 3182 712 3227 e.
731 3157 786 3226 10.
808 3161 1118 3228 uProedeseinntio
1145 3161 1211 3232 Dei
1238 3160 1382 3252 quaein
1399 3159 1485 3227 bono
1505 3163 1563 3236 est,

400 3269 541 3353 gratius
563 3280 612 3332 eet
633 3269 874 3354 praeparatae,-
895 3271 1018 3357 gratia
1039 3291 1115 3336 oero
1139 3284 1188 3336 eet
1215 3271 1327 3358 ipsius
1338 3266 1563 3356 proedestina-

401 3373 507 3437 tiom'e
524 3371 689 3460 ffeotrcsn
708 3374 794 3442 ibid.
814 3374 856 3442 Iu
873 3375 964 3443 libro
980 3375 1022 3444 de
1044 3377 1142 3445 Dono
1157 3398 1332 3466 persever.
1349 3397 1381 3442 o.
1404 3373 1459 3442 14.
1478 3393 1560 3460 seqq·

401 3479 561 3569 singulas
583 3489 764 3550 enumerat
779 3483 944 3568 virtutos,
963 3505 1050 3576 quas
1066 3507 1182 3553 omues
1198 3484 1298 3552 docet
1310 3505 1332 3550 a
1349 3483 1423 3550 Deo
1435 3475 1562 3570 praede

400 3589 531 3654 atinam·
542 3611 581 3658 eo
596 3587 684 3678 ipso,
701 3589 793 3682 quod
806 3591 872 3657 Dei
887 3589 977 3658 dono
993 3599 1089 3676 sunt,
1107 3598 1144 3660 et
1155 3591 1246 3683 qnod
1257 3591 1353 3659 Deus
1370 3614 1411 3656 eo
1426 3614 1460 3657 ee
1476 3587 1560 3654 dote

399 3719 476 3760 rum
498 3717 565 3761 esse
577 3698 779 3784 praescivit,·
801 3695 865 3766 hou
888 3699 980 3766 euim
1007 3699 1141 3788 duplici
1156 3698 1359 3766 charactere
1381 3697 1483 3764 iuxta
1496 3715 1561 3762 eou-

401 3809 550 3872 stantem
566 3804 762 3893 Augustini
775 3805 1012 3874 definitionem
1020 3806 1117 3874 notio
1125 3803 1457 3896 praedestinationis
1468 3797 1561 3869 absol·

401 3909 512 3978 vitur.
535 3909 667 3992 «Quod
690 3909 782 3995 dixi,
808 3911 943 4002 inquit,
970 3911 1012 3980 de
1035 3912 1202 3980 eastitate
1225 3917 1314 3998 (eum
1337 3932 1413 3978 esse
1437 3907 1561 4000 praede

402 4017 597 4105 stipatam),
615 4017 679 4086 hoo
702 4018 743 4087 de
768 4017 847 4105 fide,
865 4017 929 4088 hoe
952 4019 994 4088 de
1016 4019 1160 4110 pietate,
1177 4017 1242 4088 boe
1264 4018 1305 4087 de
1329 4018 1513 4100 ebaritate,
1528 4015 1562 4082 de

400 4126 671 4216 perseverentia
690 4133 726 4196 et
748 4151 790 4197 ue
814 4149 955 4219 pergam
978 4151 1040 4218 per
1063 4127 1216 4217 singula,
1235 4127 1299 4195 boo
1326 4125 1368 4194 de
1392 4125 1482 4195 omni
1497 4125 1559 4191 obe

400 4231 535 4300 dieutia
559 4255 626 4325 qua
650 4232 811 4302 obeditur
841 4235 933 4318 Deo,
959 4234 1182 4304 veracissime
1208 4233 1281 4302 diei
1303 4239 1431 4324 potest.
1457 4225 1560 4300 Sedit

400 4338 703 4428 (Semipelagiani)
726 4341 787 4430 qui
811 4339 922 4409 solum
944 4341 1090 4410 initium
1113 4339 1195 4410 fidei
1218 4345 1256 4408 et
1277 4361 1389 4430 usque
1410 4338 1448 4408 iu
1470 4337 1558 4406 finam

400 4447 693 4534 perseverantiam
717 4445 769 4516 sio
793 4447 830 4516 iu
853 4457 975 4517 nostra
997 4449 1219 4518 constituunt
1239 4452 1434 4537 potestate,
1452 4439 1558 4514 utDei
