3292 5062
936 359 973 372 -
998 327 1055 386 170
1078 359 1115 370 -

434 443 588 508 oreatum
611 432 825 504 naturaliter
848 439 1121 522 cognoscentem:
1140 438 1176 500 et
1198 432 1275 500 ideo
1298 431 1429 500 dieitur
1444 429 1510 498 lux
1532 433 1615 495 sim-

434 547 575 636 pliciter
598 541 856 608 inaccessibilis.
883 539 982 608 Unde
1004 538 1136 607 Paulus
1159 539 1270 606 infert
1296 539 1518 627 negationem
1543 560 1614 604 non

435 653 531 722 modo
555 650 665 733 faeti,
691 649 751 717 sed
776 649 880 716 etiam
903 645 1162 737 possibilitatis:
1187 670 1280 712 nemo
1316 647 1487 712 hominum
1519 643 1616 712 vidit

430 761 488 832 aad
511 782 569 825 neo
591 755 705 824 viden
724 769 847 844 potest.
874 755 1044 838 Quamvis
1067 777 1149 823 voro
1165 753 1280 822 illatio
1308 755 1357 822 sit
1379 753 1615 846 particularis

433 873 474 940 do
497 866 717 948 hominibus,
743 886 811 931 non
834 863 912 933 ideo
934 863 1145 952 principium
1173 861 1394 945 universale,
1422 861 1515 952 quod
1550 861 1614 928 lux

432 973 639 1066 simpliciter
662 971 915 1040 inaeoessibilis
937 969 1081 1054 dieitur,
1099 969 1143 1036 ad
1167 967 1258 1036 solos
1281 968 1437 1036 homines
1460 968 1614 1037 restrin-

459 1083 544 1152 itur.

433 1109 458 1174 g
498 1190 543 1256 2⁰.
559 1187 602 1254 In
615 1185 870 1275 eomparatione
883 1183 1086 1252 intellectus
1097 1183 1210 1252 divini
1221 1189 1257 1252 et
1268 1183 1470 1252 intellectus
1483 1183 1612 1264 creati,

432 1297 522 1366 visio
546 1293 611 1362 Dei
635 1293 766 1361 dieitur
788 1290 964 1358 naturalis
986 1291 1059 1359 Deo
1082 1291 1160 1374 soli,
1186 1291 1238 1358 ita
1261 1297 1302 1359 ut
1335 1289 1421 1358 haee
1452 1292 1504 1358 sit
1533 1313 1612 1380 pro

432 1405 512 1495 pria
535 1407 618 1470 nota
634 1399 857 1488 distinguens
873 1406 908 1467 et
923 1399 1104 1468 character
1120 1399 1336 1468 divinitatis.
1354 1429 1371 1463 a
1381 1400 1495 1466 Deum
1510 1418 1612 1467 nemo

432 1511 526 1582 vidit
544 1529 707 1600 umquam
734 1501 838 1590 (ntea
855 1505 964 1596 ἑωρακε
993 1503 1140 1590 nancte),
1160 1506 1363 1595 unigenitus
1394 1506 1515 1575 Filius
1548 1507 1610 1598 qui

430 1618 545 1690 estin
569 1616 649 1684 sinu
672 1613 809 1696 Patria,
835 1613 909 1703 ipse
939 1614 1153 1682 enarravit»
1179 1613 1230 1682 Ιο.
1249 1615 1278 1682 Ι.
1299 1613 1354 1680 18.
1376 1643 1392 1678 u
1417 1614 1496 1684 Non
1524 1615 1611 1705 quia

431 1729 569 1796 Patrem
594 1722 688 1790 vidit
711 1723 906 1813 quisquam,
932 1721 1001 1789 nisi
1025 1722 1056 1788 is
1080 1723 1140 1811 qui
1164 1727 1253 1790 esta
1267 1722 1338 1790 Deo
1362 1721 1418 1808 (iu
1438 1723 1519 1789 sinu
1548 1723 1609 1788 Pa·

430 1834 533 1920 tris),
560 1831 617 1898 hio
642 1830 735 1899 vidit
758 1831 898 1900 Patrem
918 1859 933 1894 n
959 1831 1006 1898 ib.
1027 1831 1164 1900 v1.46.
1186 1859 1203 1894 u
1222 1830 1329 1900 Nemo
1352 1831 1451 1898 novit
1471 1831 1609 1898 Filium

429 1941 499 2010 nisi
524 1939 641 2021 Pater,
666 1960 775 2028 neque
799 1939 938 2006 Patrem
962 1941 1040 2030 qnis
1063 1941 1163 2007 novit
1185 1940 1254 2008 nisi
1274 1939 1401 2021 Filius,
1420 1945 1457 2008 et
1472 1939 1533 2007 eui
1551 1961 1608 2006 vo·
1640 1937 1641 1940 ’

429 2047 538 2116 luerit
569 2045 686 2114 Filius
716 2045 873 2113 revelare
892 2071 907 2106 n
926 2045 1053 2113 hlatth.
1073 2046 1137 2114 XI.
1157 2045 1212 2113 27.
1235 2077 1250 2110 u
1270 2045 1359 2128 Quis
1381 2046 1473 2113 enim
1497 2044 1607 2112 homi-

429 2179 511 2222 nnm
534 2153 614 2236 seit,
641 2174 729 2244 qnae
752 2159 835 2220 sunt
859 2153 1020 2236 hominis,
1046 2155 1116 2223 uisi
1140 2155 1288 2244 spiritus
1311 2153 1474 2236 hominia,
1490 2154 1556 2243 qui
1572 2154 1607 2219 iu

429 2263 504 2350 ipso
527 2259 605 2328 est?
622 2259 674 2326 ita
695 2266 732 2327 et
754 2281 841 2350 quae
864 2261 929 2328 Dei
953 2266 1047 2342 suut,
1067 2284 1163 2330 nemo
1180 2259 1344 2349 cognovit
1359 2259 1430 2328 nisi
1447 2259 1606 2349 Spiritus

427 2368 528 2436 Dein
548 2367 580 2433 1.
609 2365 688 2434 Cor.
714 2366 764 2434 II.
785 2366 839 2434 11.
869 2367 911 2434 1n
943 2368 1100 2436 omnibus
1130 2368 1329 2436 huiusmodi
1361 2367 1448 2436 loeis
1482 2367 1606 2436 divina

428 2475 650 2556 exhibentur,
676 2497 764 2566 quae
788 2475 882 2544 solus
905 2477 1000 2545 Deus
1023 2476 1128 2544 habet
1150 2476 1187 2544 in
1211 2477 1358 2560 visione,
1378 2476 1534 2544 homines
1554 2497 1604 2544 eo·
1640 2563 1641 2568 ἵ

428 2605 593 2672 gnosoere
615 2604 683 2648 non
707 2591 853 2672 possunt
876 2585 946 2651 nisi
969 2607 1030 2674 per
1053 2585 1118 2653 Dei
1141 2585 1253 2674 ipsius
1275 2584 1537 2667 revelationem,
1555 2591 1604 2650 at·

428 2713 494 2781 que
517 2690 602 2758 adeo
617 2711 685 2756 non
700 2690 832 2760 lumine
847 2691 996 2759 rationis
1011 2693 1070 2760 sed
1087 2715 1148 2782 per
1164 2693 1266 2760 fidem
1286 2691 1600 2780 supernaturalem.

427 2800 527 2870 Unde
540 2801 652 2870 videri
664 2805 780 2892 posset
796 2799 967 2888 oppositio
983 2799 1096 2867 solum
1111 2821 1184 2868 esse
1200 2799 1294 2868 inter
1307 2799 1476 2868 visionem
1489 2821 1601 2889 quem·

427 2909 610 2978 admodum
632 2909 670 2976 in
693 2909 764 2976 Deo
786 2914 858 2992 est,
884 2915 920 2976 et
942 2907 1035 2976 inter
1058 2905 1255 2974 naturalem
1286 2905 1456 2974 rationem
1482 2904 1602 2972 huma·
1640 2913 1641 2920 ’

426 3037 506 3081 nam
530 3013 566 3081 in
590 3013 704 3083 stadio
731 3013 837 3082 huius
868 3013 964 3082 vitae
997 3013 1210 3102 praesentis5
1230 3017 1342 3104 ‘atque
1377 3012 1453 3080 ideo
1487 3016 1602 3100 posset
1640 3031 1641 3054 ¹

426 3122 622 3191 existimari
645 3123 735 3190 visio
759 3122 958 3192 immediata
981 3121 1157 3190 naturalia
1179 3145 1247 3190 non
1271 3121 1410 3190 excludi
1444 3143 1507 3210 pro
1540 3121 1600 3188 hu·

426 3251 525 3297 mano
548 3229 729 3297 intellectu
753 3229 790 3297 in
814 3231 939 3322 quovis
962 3237 1072 3313 statu,
1099 3229 1277 3322 multoque
1299 3229 1414 3301 minus
1431 3251 1492 3318 pro
1510 3227 1599 3296 omni

424 3337 607 3406 intellsotu
629 3345 756 3406 oreato.
775 3339 826 3406 At
849 3359 931 3406 varo
954 3337 1115 3429 quamvis
1139 3359 1263 3427 scopus
1286 3336 1442 3410 directus
1473 3335 1523 3404 sit
1546 3336 1599 3404 do·

425 3465 514 3528 oere,
540 3443 839 3534 supernaturalem
863 3443 964 3512 fidem
988 3467 1073 3530 ease,
1099 3467 1161 3534 per
1185 3466 1287 3535 qnam
1311 3443 1419 3510 solam
1445 3442 1599 3510 homines

425 3551 606 3642 pervenire
628 3551 764 3640 possint
786 3551 830 3620 ad
854 3551 1090 3640 cognoscenda
1124 3551 1207 3618 haee
1227 3549 1375 3638 divina,
1401 3548 1506 3617 etad
1539 3547 1599 3616 hoo

424 3657 729 3727 demonstrandum
740 3658 930 3728 induentur
942 3659 1037 3726 Deus
1052 3657 1227 3727 revelator
1242 3656 1441 3725 immediate
1457 3678 1523 3746 pro
1540 3676 1599 3722 sua

423 3771 552 3834 natura
567 3764 684 3832 uidem
703 3765 837 3849 divina,
855 3764 940 3834 haeo
962 3771 1078 3833 tamen
1094 3765 1172 3854 ipsa
1188 3763 1279 3832 visio
1302 3763 1490 3832 exhibetur
1515 3770 1597 3832 tam·

423 3893 526 3963 quam
543 3873 608 3940 soli
623 3873 695 3942 Deo
713 3871 890 3940 naturalis
906 3871 994 3956 ideo,
1013 3873 1099 3962 quio
1123 3871 1214 3938 Deus
1231 3885 1299 3953 est,
1318 3877 1354 3940 et
1378 3869 1524 3960 proinde
1548 3893 1597 3938 su·

423 3979 661 4068 pernaturalis
685 4000 768 4070 prae
793 3978 918 4070 quavis
942 3985 1118 4047 ereatura.

489 4086 536 4156 3⁰.
552 4087 765 4156 Distinotius
782 4085 845 4154 SS.
857 4085 979 4154 Patras
995 4108 1062 4153 non
1080 4085 1178 4154 modo
1194 4107 1266 4160 rem
1282 4085 1406 4174 ipsam,
1421 4085 1596 4154 sedetiam

422 4193 591 4262 rationem
613 4195 838 4264 intrinsecam
854 4193 961 4262 huius
978 4192 1242 4261 invisibilitatis
1257 4192 1323 4272 Dei
1339 4215 1423 4282 prae
1440 4193 1596 4262 naturali

422 4301 594 4370 faoultate
617 4301 820 4371 intellectus
843 4299 938 4368 finiti
960 4299 1153 4368 declarant.
1181 4305 1218 4386 a)
1238 4299 1385 4368 Possunt
1414 4297 1452 4368 in
1476 4301 1595 4390 primis

421 4405 459 4474 in
482 4409 630 4478 medium
653 4408 805 4498 proferri
827 4429 943 4476 omnes
965 4407 1022 4476 illi
1046 4408 1190 4489 Patres,
1212 4408 1278 4497 ¹qui
1301 4407 1527 4496 disputantes
1542 4409 1593 4476 ad·
