<?xml version="1.0" encoding="UTF-8"?>
<!DOCTYPE html PUBLIC "-//W3C//DTD XHTML 1.0 Transitional//EN"
    "http://www.w3.org/TR/xhtml1/DTD/xhtml1-transitional.dtd">
<html xmlns="http://www.w3.org/1999/xhtml" xml:lang="en" lang="en">
 <head>
  <title>
</title>
<meta http-equiv="Content-Type" content="text/html;charset=utf-8" />
  <meta name='ocr-system' content='tesseract 3.04.00' />
  <meta name='ocr-capabilities' content='ocr_page ocr_carea ocr_par ocr_line ocrx_word'/>
</head>
<body>
  <div class='ocr_page' id='page_1' title='image "./ioannisbaptfran01frangoog_0446.png"; bbox 0 0 3230 5072; ppageno 0'>
   <div class='ocr_carea' id='block_1_1' title="bbox 24 403 1218 1136">
    <p class='ocr_par' dir='ltr' id='par_1_1' title="bbox 24 403 1218 1136">
     <span class='ocr_line' id='line_1_1' title="bbox 541 403 721 463; baseline 0 0"><span class='ocrx_word' id='word_1_1' title='bbox 541 435 579 448; x_wconf 89' lang='lat'>-</span> <span class='ocrx_word' id='word_1_2' title='bbox 602 403 662 463; x_wconf 78' lang='lat'><strong>429</strong></span> <span class='ocrx_word' id='word_1_3' title='bbox 684 435 721 448; x_wconf 83' lang='lat'><strong>·-</strong></span> 
     </span>
     <span class='ocr_line' id='line_1_2' title="bbox 26 506 1218 598; baseline -0.001 -21"><span class='ocrx_word' id='word_1_4' title='bbox 26 515 102 578; x_wconf 90' lang='lat' dir='ltr'><strong>tum</strong></span> <span class='ocrx_word' id='word_1_5' title='bbox 128 509 341 580; x_wconf 79' lang='lat' dir='ltr'><strong>conferendi</strong></span> <span class='ocrx_word' id='word_1_6' title='bbox 364 508 558 594; x_wconf 87' lang='lat' dir='ltr'><strong>auxilium,</strong></span> <span class='ocrx_word' id='word_1_7' title='bbox 584 506 686 578; x_wconf 88' lang='lat' dir='ltr'><strong>cuins</strong></span> <span class='ocrx_word' id='word_1_8' title='bbox 711 507 923 578; x_wconf 76' lang='lat' dir='ltr'><strong>intrinsecae</strong></span> <span class='ocrx_word' id='word_1_9' title='bbox 945 513 1095 578; x_wconf 84' lang='lat' dir='ltr'><strong>naturae</strong></span> <span class='ocrx_word' id='word_1_10' title='bbox 1118 531 1218 598; x_wconf 88' lang='lat' dir='ltr'><strong>repu-</strong></span> 
     </span>
     <span class='ocr_line' id='line_1_3' title="bbox 26 615 1217 708; baseline -0.001 -23"><span class='ocrx_word' id='word_1_11' title='bbox 26 623 140 706; x_wconf 82' lang='lat' dir='ltr'><strong>gnat,</strong></span> <span class='ocrx_word' id='word_1_12' title='bbox 178 623 223 688; x_wconf 89' lang='lat' dir='ltr'><strong>ut</strong></span> <span class='ocrx_word' id='word_1_13' title='bbox 244 623 346 688; x_wconf 90' lang='lat' dir='ltr'><strong>actus</strong></span> <span class='ocrx_word' id='word_1_14' title='bbox 373 615 626 708; x_wconf 90' lang='lat' dir='ltr'><strong>praedefinitus</strong></span> <span class='ocrx_word' id='word_1_15' title='bbox 654 638 723 686; x_wconf 93' lang='lat' dir='ltr'><strong>non</strong></span> <span class='ocrx_word' id='word_1_16' title='bbox 747 621 926 708; x_wconf 84' lang='lat' dir='ltr'><strong>sequatur.</strong></span> <span class='ocrx_word' id='word_1_17' title='bbox 952 615 1066 708; x_wconf 82' lang='lat' dir='ltr'><strong>Atqui</strong></span> <span class='ocrx_word' id='word_1_18' title='bbox 1097 615 1217 684; x_wconf 88' lang='lat' dir='ltr'><strong>huius·</strong></span> 
     </span>
     <span class='ocr_line' id='line_1_4' title="bbox 25 720 1218 795; baseline -0.003 -3"><span class='ocrx_word' id='word_1_19' title='bbox 25 725 122 795; x_wconf 89' lang='lat' dir='ltr'><strong>modi</strong></span> <span class='ocrx_word' id='word_1_20' title='bbox 158 723 297 794; x_wconf 85' lang='lat' dir='ltr'><strong>auxilia</strong></span> <span class='ocrx_word' id='word_1_21' title='bbox 326 721 599 794; x_wconf 76' lang='lat' dir='ltr'><strong>determinantia</strong></span> <span class='ocrx_word' id='word_1_22' title='bbox 621 721 838 793; x_wconf 87' lang='lat' dir='ltr'><strong>voluntatem</strong></span> <span class='ocrx_word' id='word_1_23' title='bbox 862 720 909 790; x_wconf 84' lang='lat' dir='ltr'><strong>ad</strong></span> <span class='ocrx_word' id='word_1_24' title='bbox 932 737 1044 790; x_wconf 78' lang='lat' dir='ltr'><strong>actum</strong></span> <span class='ocrx_word' id='word_1_25' title='bbox 1075 723 1218 792; x_wconf 68' lang='lat' dir='ltr'><strong>liberum</strong></span> 
     </span>
     <span class='ocr_line' id='line_1_5' title="bbox 24 829 1216 923; baseline -0.001 -25"><span class='ocrx_word' id='word_1_26' title='bbox 24 831 131 902; x_wconf 86' lang='lat' dir='ltr'><strong>nulla</strong></span> <span class='ocrx_word' id='word_1_27' title='bbox 158 832 241 902; x_wconf 89' lang='lat' dir='ltr'><strong>dari</strong></span> <span class='ocrx_word' id='word_1_28' title='bbox 263 831 322 903; x_wconf 89' lang='lat' dir='ltr'><strong>vel</strong></span> <span class='ocrx_word' id='word_1_29' title='bbox 345 831 423 900; x_wconf 90' lang='lat' dir='ltr'><strong>dari</strong></span> <span class='ocrx_word' id='word_1_30' title='bbox 445 853 545 922; x_wconf 88' lang='lat' dir='ltr'><strong>posse</strong></span> <span class='ocrx_word' id='word_1_31' title='bbox 567 830 754 916; x_wconf 85' lang='lat' dir='ltr'><strong>videntur,</strong></span> <span class='ocrx_word' id='word_1_32' title='bbox 782 829 865 923; x_wconf 90' lang='lat' dir='ltr'><strong>quis</strong></span> <span class='ocrx_word' id='word_1_33' title='bbox 886 836 1050 922; x_wconf 81' lang='lat' dir='ltr'><strong>pugnant</strong></span> <span class='ocrx_word' id='word_1_34' title='bbox 1072 853 1151 901; x_wconf 89' lang='lat' dir='ltr'><strong>cum</strong></span> <span class='ocrx_word' id='word_1_35' title='bbox 1173 831 1216 898; x_wconf 89' lang='lat' dir='ltr'><strong>li-</strong></span> 
     </span>
     <span class='ocr_line' id='line_1_6' title="bbox 24 937 1217 1030; baseline -0.002 -22"><span class='ocrx_word' id='word_1_36' title='bbox 24 941 173 1008; x_wconf 88' lang='lat' dir='ltr'><strong>bertate</strong></span> <span class='ocrx_word' id='word_1_37' title='bbox 204 947 324 1024; x_wconf 89' lang='lat' dir='ltr'><strong>actus,</strong></span> <span class='ocrx_word' id='word_1_38' title='bbox 353 943 393 1008; x_wconf 93' lang='lat' dir='ltr'><strong>ut</strong></span> <span class='ocrx_word' id='word_1_39' title='bbox 422 961 531 1029; x_wconf 86' lang='lat' dir='ltr'><strong>supra</strong></span> <span class='ocrx_word' id='word_1_40' title='bbox 559 937 836 1023; x_wconf 84' lang='lat' dir='ltr'><strong>declaravimus,</strong></span> <span class='ocrx_word' id='word_1_41' title='bbox 871 942 1041 1030; x_wconf 87' lang='lat' dir='ltr'><strong>quantum</strong></span> <span class='ocrx_word' id='word_1_42' title='bbox 1072 938 1116 1008; x_wconf 90' lang='lat' dir='ltr'><strong>ad</strong></span> <span class='ocrx_word' id='word_1_43' title='bbox 1144 961 1217 1008; x_wconf 86' lang='lat' dir='ltr'><strong>rem</strong></span> 
     </span>
     <span class='ocr_line' id='line_1_7' title="bbox 24 1041 1216 1136; baseline -0.001 -22"><span class='ocrx_word' id='word_1_44' title='bbox 24 1052 255 1136; x_wconf 81' lang='lat' dir='ltr'><strong>praesentem</strong></span> <span class='ocrx_word' id='word_1_45' title='bbox 278 1046 513 1116; x_wconf 87' lang='lat' dir='ltr'><strong>necessarium</strong></span> <span class='ocrx_word' id='word_1_46' title='bbox 535 1041 624 1116; x_wconf 76' lang='lat' dir='ltr'><strong>erat.</strong></span> <span class='ocrx_word' id='word_1_47' title='bbox 642 1044 745 1115; x_wconf 88' lang='lat' dir='ltr'><strong>Nulli</strong></span> <span class='ocrx_word' id='word_1_48' title='bbox 767 1067 851 1135; x_wconf 82' lang='lat' dir='ltr'><strong>ergo</strong></span> <span class='ocrx_word' id='word_1_49' title='bbox 874 1050 976 1115; x_wconf 84' lang='lat' dir='ltr'><strong>aetna</strong></span> <span class='ocrx_word' id='word_1_50' title='bbox 991 1045 1094 1114; x_wconf 87' lang='lat' dir='ltr'><strong>liberi</strong></span> <span class='ocrx_word' id='word_1_51' title='bbox 1111 1045 1216 1115; x_wconf 88' lang='lat' dir='ltr'><strong>stiam</strong></span> 
     </span>
    </p>
   </div>
   <div class='ocr_carea' id='block_1_2' title="bbox 24 1149 1315 1240">
    <p class='ocr_par' dir='ltr' id='par_1_2' title="bbox 24 1149 1315 1240">
     <span class='ocr_line' id='line_1_8' title="bbox 24 1149 1315 1240; baseline -0.005 -22"><span class='ocrx_word' id='word_1_52' title='bbox 24 1149 327 1240; x_wconf 81' lang='lat' dir='ltr'><strong>supernaturales</strong></span> <span class='ocrx_word' id='word_1_53' title='bbox 349 1150 414 1219; x_wconf 87' lang='lat' dir='ltr'><strong>bac</strong></span> <span class='ocrx_word' id='word_1_54' title='bbox 437 1150 574 1219; x_wconf 90' lang='lat' dir='ltr'><strong>ratione</strong></span> <span class='ocrx_word' id='word_1_55' title='bbox 596 1149 910 1239; x_wconf 86' lang='lat' dir='ltr'><strong>praedefiniuntur.</strong></span> <span class='ocrx_word' id='word_1_56' title='bbox 930 1149 1004 1219; x_wconf 92' lang='lat' dir='ltr'><strong>Hoc</strong></span> <span class='ocrx_word' id='word_1_57' title='bbox 1027 1149 1117 1219; x_wconf 86' lang='lat' dir='ltr'><strong>enim</strong></span> <span class='ocrx_word' id='word_1_58' title='bbox 1141 1171 1216 1220; x_wconf 86' lang='lat' dir='ltr'><strong>sen·</strong></span> <span class='ocrx_word' id='word_1_59' title='bbox 1310 1205 1315 1212; x_wconf 91' lang='lat'><em>.</em></span> 
     </span>
    </p>
   </div>
   <div class='ocr_carea' id='block_1_3' title="bbox 23 1255 1281 2418">
    <p class='ocr_par' dir='ltr' id='par_1_3' title="bbox 23 1255 1281 2418">
     <span class='ocr_line' id='line_1_9' title="bbox 25 1255 1281 1348; baseline 0.001 -25"><span class='ocrx_word' id='word_1_60' title='bbox 25 1279 68 1324; x_wconf 87' lang='lat' dir='ltr'><strong>en</strong></span> <span class='ocrx_word' id='word_1_61' title='bbox 82 1255 342 1348; x_wconf 74' lang='lat' dir='ltr'><strong>praedefinitio</strong></span> <span class='ocrx_word' id='word_1_62' title='bbox 366 1255 548 1326; x_wconf 87' lang='lat' dir='ltr'><strong>videretur</strong></span> <span class='ocrx_word' id='word_1_63' title='bbox 574 1255 652 1348; x_wconf 88' lang='lat' dir='ltr'><strong>peri</strong></span> <span class='ocrx_word' id='word_1_64' title='bbox 678 1255 815 1325; x_wconf 89' lang='lat' dir='ltr'><strong>ratione</strong></span> <span class='ocrx_word' id='word_1_65' title='bbox 840 1277 877 1324; x_wconf 86' lang='lat' dir='ltr'><strong>ee</strong></span> <span class='ocrx_word' id='word_1_66' title='bbox 893 1256 1019 1325; x_wconf 87' lang='lat' dir='ltr'><strong>habere</strong></span> <span class='ocrx_word' id='word_1_67' title='bbox 1034 1255 1078 1325; x_wconf 90' lang='lat' dir='ltr'><strong>ad</strong></span> <span class='ocrx_word' id='word_1_68' title='bbox 1101 1260 1214 1341; x_wconf 89' lang='lat' dir='ltr'><strong>actus,</strong></span> <span class='ocrx_word' id='word_1_69' title='bbox 1280 1287 1281 1292; x_wconf 41' lang='lat'>¹</span> 
     </span>
     <span class='ocr_line' id='line_1_10' title="bbox 26 1359 1217 1452; baseline 0 -23"><span class='ocrx_word' id='word_1_70' title='bbox 26 1362 89 1452; x_wconf 89' lang='lat' dir='ltr'><strong>qui</strong></span> <span class='ocrx_word' id='word_1_71' title='bbox 114 1361 231 1430; x_wconf 87' lang='lat' dir='ltr'><strong>etiam</strong></span> <span class='ocrx_word' id='word_1_72' title='bbox 254 1383 275 1428; x_wconf 84' lang='lat' dir='ltr'><strong>a</strong></span> <span class='ocrx_word' id='word_1_73' title='bbox 296 1360 409 1430; x_wconf 87' lang='lat' dir='ltr'><strong>libere</strong></span> <span class='ocrx_word' id='word_1_74' title='bbox 436 1359 605 1430; x_wconf 77' lang='lat' dir='ltr'><strong>electione</strong></span> <span class='ocrx_word' id='word_1_75' title='bbox 637 1365 819 1429; x_wconf 88' lang='lat' dir='ltr'><strong>creaturae</strong></span> <span class='ocrx_word' id='word_1_76' title='bbox 842 1361 991 1451; x_wconf 88' lang='lat' dir='ltr'><strong>pendere</strong></span> <span class='ocrx_word' id='word_1_77' title='bbox 1021 1361 1217 1430; x_wconf 87' lang='lat' dir='ltr'><strong>necessario</strong></span> 
     </span>
     <span class='ocr_line' id='line_1_11' title="bbox 25 1467 1215 1561; baseline 0 -23"><span class='ocrx_word' id='word_1_78' title='bbox 25 1467 202 1538; x_wconf 85' lang='lat' dir='ltr'><strong>credendi</strong></span> <span class='ocrx_word' id='word_1_79' title='bbox 224 1472 320 1554; x_wconf 88' lang='lat' dir='ltr'><strong>sunt,</strong></span> <span class='ocrx_word' id='word_1_80' title='bbox 346 1489 387 1537; x_wconf 89' lang='lat' dir='ltr'><strong>ec</strong></span> <span class='ocrx_word' id='word_1_81' title='bbox 409 1490 446 1538; x_wconf 91' lang='lat' dir='ltr'><strong>se</strong></span> <span class='ocrx_word' id='word_1_82' title='bbox 468 1468 574 1537; x_wconf 85' lang='lat' dir='ltr'><strong>hebet</strong></span> <span class='ocrx_word' id='word_1_83' title='bbox 596 1467 641 1537; x_wconf 88' lang='lat' dir='ltr'><strong>ad</strong></span> <span class='ocrx_word' id='word_1_84' title='bbox 670 1489 712 1538; x_wconf 86' lang='lat' dir='ltr'><strong>sa</strong></span> <span class='ocrx_word' id='word_1_85' title='bbox 734 1468 862 1554; x_wconf 91' lang='lat' dir='ltr'><strong>omnia,</strong></span> <span class='ocrx_word' id='word_1_86' title='bbox 889 1490 977 1561; x_wconf 89' lang='lat' dir='ltr'><strong>quae</strong></span> <span class='ocrx_word' id='word_1_87' title='bbox 999 1490 1022 1536; x_wconf 85' lang='lat' dir='ltr'><strong>a</strong></span> <span class='ocrx_word' id='word_1_88' title='bbox 1044 1468 1120 1537; x_wconf 87' lang='lat' dir='ltr'><strong>sols</strong></span> <span class='ocrx_word' id='word_1_89' title='bbox 1146 1469 1215 1538; x_wconf 89' lang='lat' dir='ltr'><strong>effi-</strong></span> 
     </span>
     <span class='ocr_line' id='line_1_12' title="bbox 26 1575 1217 1668; baseline 0 -24"><span class='ocrx_word' id='word_1_90' title='bbox 26 1575 169 1644; x_wconf 83' lang='lat' dir='ltr'><strong>cientis</strong></span> <span class='ocrx_word' id='word_1_91' title='bbox 180 1575 305 1646; x_wconf 86' lang='lat' dir='ltr'><strong>divina</strong></span> <span class='ocrx_word' id='word_1_92' title='bbox 323 1576 485 1666; x_wconf 86' lang='lat' dir='ltr'><strong>pendent.</strong></span> <span class='ocrx_word' id='word_1_93' title='bbox 503 1575 554 1645; x_wconf 90' lang='lat' dir='ltr'><strong>At</strong></span> <span class='ocrx_word' id='word_1_94' title='bbox 570 1600 616 1646; x_wconf 87' lang='lat' dir='ltr'><strong>es.</strong></span> <span class='ocrx_word' id='word_1_95' title='bbox 627 1577 751 1646; x_wconf 86' lang='lat' dir='ltr'><strong>Patres</strong></span> <span class='ocrx_word' id='word_1_96' title='bbox 763 1577 900 1668; x_wconf 89' lang='lat' dir='ltr'><strong>quando</strong></span> <span class='ocrx_word' id='word_1_97' title='bbox 916 1575 1217 1667; x_wconf 76' lang='lat' dir='ltr'><strong>praedefinitiones</strong></span> 
     </span>
     <span class='ocr_line' id='line_1_13' title="bbox 27 1683 1216 1778; baseline -0.002 -25"><span class='ocrx_word' id='word_1_98' title='bbox 27 1691 62 1753; x_wconf 88' lang='lat' dir='ltr'><strong>et</strong></span> <span class='ocrx_word' id='word_1_99' title='bbox 85 1705 291 1775; x_wconf 72' lang='grc' dir='ltr'>προορισμονς</span> <span class='ocrx_word' id='word_1_100' title='bbox 313 1683 493 1775; x_wconf 87' lang='lat' dir='ltr'><strong>appellent</strong></span> <span class='ocrx_word' id='word_1_101' title='bbox 515 1684 656 1754; x_wconf 89' lang='lat' dir='ltr'><strong>decreta</strong></span> <span class='ocrx_word' id='word_1_102' title='bbox 680 1683 816 1770; x_wconf 86' lang='lat' dir='ltr'><strong>diviua,</strong></span> <span class='ocrx_word' id='word_1_103' title='bbox 834 1685 961 1778; x_wconf 87' lang='lat' dir='ltr'><strong>quibus</strong></span> <span class='ocrx_word' id='word_1_104' title='bbox 976 1683 1052 1753; x_wconf 86' lang='lat' dir='ltr'><strong>sola</strong></span> <span class='ocrx_word' id='word_1_105' title='bbox 1067 1683 1216 1754; x_wconf 87' lang='lat' dir='ltr'><strong>scientia</strong></span> 
     </span>
     <span class='ocr_line' id='line_1_14' title="bbox 28 1779 1216 1878; baseline -0.001 -21"><span class='ocrx_word' id='word_1_106' title='bbox 28 1789 193 1878; x_wconf 87' lang='lat' dir='ltr'><strong>practica</strong></span> <span class='ocrx_word' id='word_1_107' title='bbox 209 1787 381 1878; x_wconf 87' lang='lat' dir='ltr'><strong>simplicis</strong></span> <span class='ocrx_word' id='word_1_108' title='bbox 395 1787 654 1878; x_wconf 83' lang='lat' dir='ltr'><strong>intelligentiae</strong></span> <span class='ocrx_word' id='word_1_109' title='bbox 670 1788 861 1878; x_wconf 74' lang='lat' dir='ltr'><strong>praelucet,</strong></span> <span class='ocrx_word' id='word_1_110' title='bbox 877 1788 1107 1878; x_wconf 85' lang='lat' dir='ltr'><strong>distinguunt</strong></span> <span class='ocrx_word' id='word_1_111' title='bbox 1122 1779 1216 1857; x_wconf 78' lang='lat' dir='ltr'><strong>intei</strong></span> 
     </span>
     <span class='ocr_line' id='line_1_15' title="bbox 28 1894 1215 1988; baseline -0.003 -23"><span class='ocrx_word' id='word_1_112' title='bbox 28 1898 185 1966; x_wconf 85' lang='lat' dir='ltr'><strong>effeetus</strong></span> <span class='ocrx_word' id='word_1_113' title='bbox 209 1896 308 1988; x_wconf 89' lang='lat' dir='ltr'><strong>quia</strong></span> <span class='ocrx_word' id='word_1_114' title='bbox 329 1895 442 1965; x_wconf 89' lang='lat' dir='ltr'><strong>libera</strong></span> <span class='ocrx_word' id='word_1_115' title='bbox 463 1901 583 1966; x_wconf 90' lang='lat' dir='ltr'><strong>creata</strong></span> <span class='ocrx_word' id='word_1_116' title='bbox 605 1894 789 1965; x_wconf 87' lang='lat' dir='ltr'><strong>voluntate</strong></span> <span class='ocrx_word' id='word_1_117' title='bbox 811 1917 880 1963; x_wconf 90' lang='lat' dir='ltr'><strong>non</strong></span> <span class='ocrx_word' id='word_1_118' title='bbox 903 1895 1070 1986; x_wconf 89' lang='lat' dir='ltr'><strong>pendent,</strong></span> <span class='ocrx_word' id='word_1_119' title='bbox 1096 1900 1133 1964; x_wconf 92' lang='lat' dir='ltr'><strong>et</strong></span> <span class='ocrx_word' id='word_1_120' title='bbox 1155 1895 1215 1988; x_wconf 86' lang='lat' dir='ltr'><strong>qui</strong></span> 
     </span>
     <span class='ocr_line' id='line_1_16' title="bbox 28 1999 1214 2094; baseline -0.003 -24"><span class='ocrx_word' id='word_1_121' title='bbox 28 2005 70 2071; x_wconf 87' lang='lat' dir='ltr'><strong>eb</strong></span> <span class='ocrx_word' id='word_1_122' title='bbox 94 2003 169 2072; x_wconf 88' lang='lat' dir='ltr'><strong>hae</strong></span> <span class='ocrx_word' id='word_1_123' title='bbox 192 2003 357 2092; x_wconf 89' lang='lat' dir='ltr'><strong>pendent;</strong></span> <span class='ocrx_word' id='word_1_124' title='bbox 383 2008 489 2094; x_wconf 86' lang='lat' dir='ltr'><strong>atque</strong></span> <span class='ocrx_word' id='word_1_125' title='bbox 512 2002 594 2071; x_wconf 88' lang='lat' dir='ltr'><strong>illos</strong></span> <span class='ocrx_word' id='word_1_126' title='bbox 617 2001 802 2088; x_wconf 87' lang='lat' dir='ltr'><strong>affirmant,</strong></span> <span class='ocrx_word' id='word_1_127' title='bbox 829 2001 892 2071; x_wconf 88' lang='lat' dir='ltr'><strong>hoe</strong></span> <span class='ocrx_word' id='word_1_128' title='bbox 915 2007 1048 2092; x_wconf 81' lang='lat' dir='ltr'><strong>negant</strong></span> <span class='ocrx_word' id='word_1_129' title='bbox 1070 1999 1214 2091; x_wconf 83' lang='lat' dir='ltr'><strong>praede-</strong></span> 
     </span>
     <span class='ocr_line' id='line_1_17' title="bbox 23 2107 1216 2202; baseline -0.003 -24"><span class='ocrx_word' id='word_1_130' title='bbox 23 2113 147 2201; x_wconf 76' lang='lat' dir='ltr'><strong>finiri.</strong></span> <span class='ocrx_word' id='word_1_131' title='bbox 175 2139 193 2175; x_wconf 81' lang='lat' dir='ltr'><strong>u</strong></span> <span class='ocrx_word' id='word_1_132' title='bbox 218 2109 316 2180; x_wconf 85' lang='lat' dir='ltr'><strong>Scire</strong></span> <span class='ocrx_word' id='word_1_133' title='bbox 345 2114 501 2201; x_wconf 88' lang='lat' dir='ltr'><strong>oportet,</strong></span> <span class='ocrx_word' id='word_1_134' title='bbox 535 2109 654 2202; x_wconf 86' lang='lat' dir='ltr'><strong>inquit</strong></span> <span class='ocrx_word' id='word_1_135' title='bbox 676 2110 932 2195; x_wconf 85' lang='lat' dir='ltr'><strong>Damascenus,</strong></span> <span class='ocrx_word' id='word_1_136' title='bbox 958 2110 1070 2178; x_wconf 88' lang='lat' dir='ltr'><strong>Deum</strong></span> <span class='ocrx_word' id='word_1_137' title='bbox 1100 2107 1216 2176; x_wconf 87' lang='lat' dir='ltr'><strong>omnia</strong></span> 
     </span>
     <span class='ocr_line' id='line_1_18' title="bbox 29 2217 1214 2310; baseline -0.005 -22"><span class='ocrx_word' id='word_1_138' title='bbox 29 2219 175 2310; x_wconf 85' lang='lat' dir='ltr'><strong>quidem</strong></span> <span class='ocrx_word' id='word_1_139' title='bbox 188 2219 377 2308; x_wconf 76' lang='lat' dir='ltr'><strong>praescire,</strong></span> <span class='ocrx_word' id='word_1_140' title='bbox 395 2217 455 2287; x_wconf 82' lang='lat' dir='ltr'><strong>sed</strong></span> <span class='ocrx_word' id='word_1_141' title='bbox 470 2239 542 2285; x_wconf 90' lang='lat' dir='ltr'><strong>non</strong></span> <span class='ocrx_word' id='word_1_142' title='bbox 557 2217 672 2285; x_wconf 90' lang='lat' dir='ltr'><strong>omnia</strong></span> <span class='ocrx_word' id='word_1_143' title='bbox 683 2217 926 2307; x_wconf 70' lang='lat' dir='ltr'><strong>praedefinire.</strong></span> <span class='ocrx_word' id='word_1_144' title='bbox 939 2217 1095 2285; x_wconf 79' lang='lat' dir='ltr'><strong>Praescit</strong></span> <span class='ocrx_word' id='word_1_145' title='bbox 1111 2219 1214 2298; x_wconf 79' lang='lat' dir='ltr'><strong>enim,</strong></span> 
     </span>
     <span class='ocr_line' id='line_1_19' title="bbox 30 2322 1216 2418; baseline -0.002 -25"><span class='ocrx_word' id='word_1_146' title='bbox 30 2349 122 2418; x_wconf 80' lang='lat' dir='ltr'><strong>quae</strong></span> <span class='ocrx_word' id='word_1_147' title='bbox 147 2327 187 2391; x_wconf 77' lang='lat' dir='ltr'><strong>iet</strong></span> <span class='ocrx_word' id='word_1_148' title='bbox 209 2339 328 2393; x_wconf 79' lang='lat' dir='ltr'><strong>nostra</strong></span> <span class='ocrx_word' id='word_1_149' title='bbox 345 2337 520 2415; x_wconf 71' lang='lat' dir='ltr'><strong>potestate</strong></span> <span class='ocrx_word' id='word_1_150' title='bbox 541 2339 635 2408; x_wconf 76' lang='lat' dir='ltr'><strong>eunt5</strong></span> <span class='ocrx_word' id='word_1_151' title='bbox 650 2323 708 2392; x_wconf 80' lang='lat' dir='ltr'><strong>sed</strong></span> <span class='ocrx_word' id='word_1_152' title='bbox 723 2348 763 2392; x_wconf 88' lang='lat' dir='ltr'><strong>ea</strong></span> <span class='ocrx_word' id='word_1_153' title='bbox 778 2349 845 2391; x_wconf 77' lang='lat' dir='ltr'><strong>con</strong></span> <span class='ocrx_word' id='word_1_154' title='bbox 864 2322 1086 2414; x_wconf 75' lang='lat' dir='ltr'><strong>praedefinit:</strong></span> <span class='ocrx_word' id='word_1_155' title='bbox 1103 2345 1216 2416; x_wconf 86' lang='lat' dir='ltr'><strong>neque</strong></span> 
     </span>
    </p>
   </div>
   <div class='ocr_carea' id='block_1_4' title="bbox 30 2431 1212 2624">
    <p class='ocr_par' dir='ltr' id='par_1_4' title="bbox 30 2431 1212 2624">
     <span class='ocr_line' id='line_1_20' title="bbox 30 2431 1212 2518; baseline -0.008 -16"><span class='ocrx_word' id='word_1_156' title='bbox 30 2434 127 2502; x_wconf 89' lang='lat' dir='ltr'><strong>enim</strong></span> <span class='ocrx_word' id='word_1_157' title='bbox 151 2431 281 2500; x_wconf 83' lang='lat' dir='ltr'><strong>malum</strong></span> <span class='ocrx_word' id='word_1_158' title='bbox 311 2433 390 2502; x_wconf 87' lang='lat' dir='ltr'><strong>fieri</strong></span> <span class='ocrx_word' id='word_1_159' title='bbox 413 2431 511 2518; x_wconf 89' lang='lat' dir='ltr'><strong>vult,</strong></span> <span class='ocrx_word' id='word_1_160' title='bbox 537 2456 600 2503; x_wconf 89' lang='lat' dir='ltr'><strong>uec</strong></span> <span class='ocrx_word' id='word_1_161' title='bbox 622 2455 763 2502; x_wconf 89' lang='lat' dir='ltr'><strong>rursum</strong></span> <span class='ocrx_word' id='word_1_162' title='bbox 795 2431 927 2502; x_wconf 90' lang='lat' dir='ltr'><strong>virtuti</strong></span> <span class='ocrx_word' id='word_1_163' title='bbox 956 2431 1028 2501; x_wconf 89' lang='lat' dir='ltr'><strong>vim</strong></span> <span class='ocrx_word' id='word_1_164' title='bbox 1060 2431 1171 2500; x_wconf 86' lang='lat' dir='ltr'><strong>infert</strong></span> <span class='ocrx_word' id='word_1_165' title='bbox 1195 2457 1212 2492; x_wconf 71' lang='lat' dir='ltr'><strong>e</strong></span> 
     </span>
     <span class='ocr_line' id='line_1_21' title="bbox 32 2532 1211 2624; baseline -0.003 -18"><span class='ocrx_word' id='word_1_166' title='bbox 32 2537 114 2606; x_wconf 78' lang='lat' dir='ltr'><strong>Fid.</strong></span> <span class='ocrx_word' id='word_1_167' title='bbox 141 2535 455 2624; x_wconf 14' lang='lat' dir='ltr'><strong>orth.11.30.lcf.</strong></span> <span class='ocrx_word' id='word_1_168' title='bbox 478 2537 564 2606; x_wconf 89' lang='lat' dir='ltr'><strong>dial.</strong></span> <span class='ocrx_word' id='word_1_169' title='bbox 587 2561 617 2607; x_wconf 88' lang='lat' dir='ltr'><strong>c.</strong></span> <span class='ocrx_word' id='word_1_170' title='bbox 639 2536 792 2606; x_wconf 81' lang='lat' dir='ltr'><strong>Manich.</strong></span> <span class='ocrx_word' id='word_1_171' title='bbox 813 2559 874 2604; x_wconf 92' lang='lat' dir='ltr'><strong>nn.</strong></span> <span class='ocrx_word' id='word_1_172' title='bbox 894 2535 1017 2623; x_wconf 75' lang='lat'>78-805</span> <span class='ocrx_word' id='word_1_173' title='bbox 1043 2532 1085 2604; x_wconf 92' lang='lat' dir='ltr'><strong>de</strong></span> <span class='ocrx_word' id='word_1_174' title='bbox 1104 2534 1211 2624; x_wconf 86' lang='lat' dir='ltr'><strong>imag.</strong></span> 
     </span>
    </p>
   </div>
   <div class='ocr_carea' id='block_1_5' title="bbox 34 2643 1298 3912">
    <p class='ocr_par' dir='ltr' id='par_1_5' title="bbox 36 2643 271 2715">
     <span class='ocr_line' id='line_1_22' title="bbox 36 2643 271 2715; baseline -0.009 -2"><span class='ocrx_word' id='word_1_175' title='bbox 36 2643 271 2715; x_wconf 65' lang='lat' dir='ltr'><strong>mLmffl</strong></span> 
     </span>
    </p>

    <p class='ocr_par' dir='ltr' id='par_1_6' title="bbox 34 2749 1298 3912">
     <span class='ocr_line' id='line_1_23' title="bbox 102 2749 1214 2841; baseline -0.002 -21"><span class='ocrx_word' id='word_1_176' title='bbox 102 2751 255 2834; x_wconf 78' lang='lat' dir='ltr'><strong>Quando</strong></span> <span class='ocrx_word' id='word_1_177' title='bbox 277 2772 360 2820; x_wconf 90' lang='lat' dir='ltr'><strong>vero</strong></span> <span class='ocrx_word' id='word_1_178' title='bbox 376 2750 444 2819; x_wconf 91' lang='lat' dir='ltr'><strong>PP.</strong></span> <span class='ocrx_word' id='word_1_179' title='bbox 460 2751 502 2820; x_wconf 92' lang='lat' dir='ltr'><strong>de</strong></span> <span class='ocrx_word' id='word_1_180' title='bbox 517 2750 803 2841; x_wconf 85' lang='lat' dir='ltr'><strong>praedefinitione</strong></span> <span class='ocrx_word' id='word_1_181' title='bbox 819 2773 880 2820; x_wconf 89' lang='lat' dir='ltr'><strong>sen</strong></span> <span class='ocrx_word' id='word_1_182' title='bbox 897 2749 1214 2841; x_wconf 82' lang='lat' dir='ltr'><strong>praedestinatione</strong></span> 
     </span>
     <span class='ocr_line' id='line_1_24' title="bbox 34 2857 1213 2950; baseline -0.003 -22"><span class='ocrx_word' id='word_1_183' title='bbox 34 2881 180 2950; x_wconf 90' lang='lat' dir='ltr'><strong>operum</strong></span> <span class='ocrx_word' id='word_1_184' title='bbox 203 2857 392 2928; x_wconf 89' lang='lat' dir='ltr'><strong>liberorum</strong></span> <span class='ocrx_word' id='word_1_185' title='bbox 415 2857 630 2950; x_wconf 88' lang='lat' dir='ltr'><strong>loquuntur,</strong></span> <span class='ocrx_word' id='word_1_186' title='bbox 656 2865 857 2928; x_wconf 85' lang='lat' dir='ltr'><strong>constanter</strong></span> <span class='ocrx_word' id='word_1_187' title='bbox 888 2858 978 2927; x_wconf 88' lang='lat' dir='ltr'><strong>hanc</strong></span> <span class='ocrx_word' id='word_1_188' title='bbox 1008 2857 1213 2947; x_wconf 87' lang='lat' dir='ltr'><strong>praedefini-</strong></span> 
     </span>
     <span class='ocr_line' id='line_1_25' title="bbox 35 2964 1215 3056; baseline -0.002 -22"><span class='ocrx_word' id='word_1_189' title='bbox 35 2967 168 3034; x_wconf 87' lang='lat' dir='ltr'><strong>tionem</strong></span> <span class='ocrx_word' id='word_1_190' title='bbox 192 2987 270 3034; x_wconf 91' lang='lat' dir='ltr'><strong>oum</strong></span> <span class='ocrx_word' id='word_1_191' title='bbox 292 2964 527 3056; x_wconf 83' lang='lat' dir='ltr'><strong>praescientia</strong></span> <span class='ocrx_word' id='word_1_192' title='bbox 549 2965 782 3056; x_wconf 85' lang='lat' dir='ltr'><strong>coniungunt,</strong></span> <span class='ocrx_word' id='word_1_193' title='bbox 800 2972 976 3056; x_wconf 87' lang='lat' dir='ltr'><strong>tamquam</strong></span> <span class='ocrx_word' id='word_1_194' title='bbox 999 2987 1077 3034; x_wconf 90' lang='lat' dir='ltr'><strong>cum</strong></span> <span class='ocrx_word' id='word_1_195' title='bbox 1099 2986 1215 3034; x_wconf 88' lang='lat' dir='ltr'><strong>neces-</strong></span> 
     </span>
     <span class='ocr_line' id='line_1_26' title="bbox 37 3071 1213 3164; baseline -0.002 -22"><span class='ocrx_word' id='word_1_196' title='bbox 37 3074 132 3142; x_wconf 87' lang='lat' dir='ltr'><strong>sario</strong></span> <span class='ocrx_word' id='word_1_197' title='bbox 154 3071 257 3141; x_wconf 90' lang='lat' dir='ltr'><strong>illius</strong></span> <span class='ocrx_word' id='word_1_198' title='bbox 280 3072 520 3142; x_wconf 89' lang='lat' dir='ltr'><strong>fundamento.</strong></span> <span class='ocrx_word' id='word_1_199' title='bbox 547 3072 647 3141; x_wconf 89' lang='lat' dir='ltr'><strong>Unde</strong></span> <span class='ocrx_word' id='word_1_200' title='bbox 671 3073 914 3163; x_wconf 84' lang='lat' dir='ltr'><strong>praedefinitio</strong></span> <span class='ocrx_word' id='word_1_201' title='bbox 936 3071 1115 3164; x_wconf 87' lang='lat' dir='ltr'><strong>praecedit</strong></span> <span class='ocrx_word' id='word_1_202' title='bbox 1138 3071 1213 3164; x_wconf 92' lang='lat' dir='ltr'><strong>qui-</strong></span> 
     </span>
     <span class='ocr_line' id='line_1_27' title="bbox 37 3179 1298 3271; baseline -0.002 -23"><span class='ocrx_word' id='word_1_203' title='bbox 37 3181 113 3248; x_wconf 91' lang='lat' dir='ltr'><strong>dem</strong></span> <span class='ocrx_word' id='word_1_204' title='bbox 135 3179 248 3270; x_wconf 81' lang='lat' dir='ltr'><strong>ipsam</strong></span> <span class='ocrx_word' id='word_1_205' title='bbox 272 3185 373 3249; x_wconf 86' lang='lat' dir='ltr'><strong>actus</strong></span> <span class='ocrx_word' id='word_1_206' title='bbox 397 3179 633 3265; x_wconf 87' lang='lat' dir='ltr'><strong>existentiam,</strong></span> <span class='ocrx_word' id='word_1_207' title='bbox 651 3203 719 3248; x_wconf 91' lang='lat' dir='ltr'><strong>non</strong></span> <span class='ocrx_word' id='word_1_208' title='bbox 743 3186 858 3249; x_wconf 87' lang='lat' dir='ltr'><strong>tamen</strong></span> <span class='ocrx_word' id='word_1_209' title='bbox 882 3179 1059 3271; x_wconf 87' lang='lat' dir='ltr'><strong>praeeedit</strong></span> <span class='ocrx_word' id='word_1_210' title='bbox 1082 3201 1214 3248; x_wconf 92' lang='lat' dir='ltr'><strong>omnem</strong></span> <span class='ocrx_word' id='word_1_211' title='bbox 1296 3215 1298 3220; x_wconf 67' lang='lat'><strong>,</strong></span> 
     </span>
     <span class='ocr_line' id='line_1_28' title="bbox 39 3285 1213 3379; baseline 0 -24"><span class='ocrx_word' id='word_1_212' title='bbox 39 3293 110 3355; x_wconf 88' lang='lat' dir='ltr'><strong>tem</strong></span> <span class='ocrx_word' id='word_1_213' title='bbox 133 3287 328 3356; x_wconf 88' lang='lat' dir='ltr'><strong>absolutam</strong></span> <span class='ocrx_word' id='word_1_214' title='bbox 351 3307 456 3379; x_wconf 85' lang='lat' dir='ltr'><strong>quam</strong></span> <span class='ocrx_word' id='word_1_215' title='bbox 472 3286 746 3357; x_wconf 83' lang='lat' dir='ltr'><strong>conditionatum</strong></span> <span class='ocrx_word' id='word_1_216' title='bbox 762 3285 870 3358; x_wconf 88' lang='lat' dir='ltr'><strong>huius</strong></span> <span class='ocrx_word' id='word_1_217' title='bbox 886 3287 1094 3358; x_wconf 87' lang='lat' dir='ltr'><strong>existentiae</strong></span> <span class='ocrx_word' id='word_1_218' title='bbox 1118 3288 1213 3355; x_wconf 88' lang='lat' dir='ltr'><strong>futu-</strong></span> 
     </span>
     <span class='ocr_line' id='line_1_29' title="bbox 40 3393 1213 3489; baseline 0.001 -26"><span class='ocrx_word' id='word_1_219' title='bbox 40 3417 99 3463; x_wconf 88' lang='lat' dir='ltr'><strong>rae</strong></span> <span class='ocrx_word' id='word_1_220' title='bbox 121 3393 403 3486; x_wconf 87' lang='lat' dir='ltr'><strong>praescientiam.</strong></span> <span class='ocrx_word' id='word_1_221' title='bbox 428 3394 518 3466; x_wconf 87' lang='lat' dir='ltr'><strong>Nam</strong></span> <span class='ocrx_word' id='word_1_222' title='bbox 544 3423 562 3460; x_wconf 76' lang='lat' dir='ltr'><strong>c</strong></span> <span class='ocrx_word' id='word_1_223' title='bbox 576 3395 669 3466; x_wconf 88' lang='lat' dir='ltr'><strong>sicut</strong></span> <span class='ocrx_word' id='word_1_224' title='bbox 692 3396 925 3486; x_wconf 88' lang='lat' dir='ltr'><strong>praescientia</strong></span> <span class='ocrx_word' id='word_1_225' title='bbox 948 3417 1038 3489; x_wconf 89' lang='lat' dir='ltr'><strong>quae</strong></span> <span class='ocrx_word' id='word_1_226' title='bbox 1059 3418 1129 3464; x_wconf 87' lang='lat' dir='ltr'><strong>non</strong></span> <span class='ocrx_word' id='word_1_227' title='bbox 1147 3395 1213 3464; x_wconf 84' lang='lat' dir='ltr'><strong>fel·</strong></span> 
     </span>
     <span class='ocr_line' id='line_1_30' title="bbox 40 3501 1215 3595; baseline 0.002 -25"><span class='ocrx_word' id='word_1_228' title='bbox 40 3501 140 3588; x_wconf 85' lang='lat' dir='ltr'><strong>litur,</strong></span> <span class='ocrx_word' id='word_1_229' title='bbox 165 3502 284 3595; x_wconf 91' lang='lat' dir='ltr'><strong>inquit</strong></span> <span class='ocrx_word' id='word_1_230' title='bbox 307 3501 343 3572; x_wconf 89' lang='lat' dir='ltr'><strong>S.</strong></span> <span class='ocrx_word' id='word_1_231' title='bbox 362 3501 573 3590; x_wconf 85' lang='lat' dir='ltr'><strong>Anselmus,</strong></span> <span class='ocrx_word' id='word_1_232' title='bbox 599 3526 668 3572; x_wconf 93' lang='lat' dir='ltr'><strong>non</strong></span> <span class='ocrx_word' id='word_1_233' title='bbox 690 3504 845 3594; x_wconf 90' lang='lat' dir='ltr'><strong>praescit</strong></span> <span class='ocrx_word' id='word_1_234' title='bbox 866 3504 937 3574; x_wconf 87' lang='lat' dir='ltr'><strong>nisi</strong></span> <span class='ocrx_word' id='word_1_235' title='bbox 961 3527 1095 3590; x_wconf 87' lang='lat' dir='ltr'><strong>verum,</strong></span> <span class='ocrx_word' id='word_1_236' title='bbox 1122 3505 1215 3573; x_wconf 88' lang='lat' dir='ltr'><strong>sicut</strong></span> 
     </span>
     <span class='ocr_line' id='line_1_31' title="bbox 41 3608 1211 3701; baseline 0.002 -25"><span class='ocrx_word' id='word_1_237' title='bbox 41 3609 108 3677; x_wconf 86' lang='lat' dir='ltr'><strong>erit</strong></span> <span class='ocrx_word' id='word_1_238' title='bbox 130 3616 194 3678; x_wconf 90' lang='lat' dir='ltr'><strong>ant</strong></span> <span class='ocrx_word' id='word_1_239' title='bbox 223 3608 457 3678; x_wconf 85' lang='lat' dir='ltr'><strong>necessarium</strong></span> <span class='ocrx_word' id='word_1_240' title='bbox 480 3614 544 3678; x_wconf 87' lang='lat' dir='ltr'><strong>aut</strong></span> <span class='ocrx_word' id='word_1_241' title='bbox 566 3615 815 3700; x_wconf 66' lang='lat' dir='ltr'><strong>spontaneum</strong></span> <span class='ocrx_word' id='word_1_242' title='bbox 843 3609 898 3679; x_wconf 89' lang='lat' dir='ltr'><strong>ita</strong></span> <span class='ocrx_word' id='word_1_243' title='bbox 923 3609 1211 3701; x_wconf 89' lang='lat' dir='ltr'><strong>praedestinatio,</strong></span> 
     </span>
     <span class='ocr_line' id='line_1_32' title="bbox 44 3715 1214 3807; baseline -0.002 -22"><span class='ocrx_word' id='word_1_244' title='bbox 44 3737 128 3806; x_wconf 87' lang='lat' dir='ltr'><strong>quae</strong></span> <span class='ocrx_word' id='word_1_245' title='bbox 157 3739 227 3784; x_wconf 92' lang='lat' dir='ltr'><strong>non</strong></span> <span class='ocrx_word' id='word_1_246' title='bbox 257 3721 435 3801; x_wconf 85' lang='lat' dir='ltr'><strong>mutatur,</strong></span> <span class='ocrx_word' id='word_1_247' title='bbox 471 3738 540 3784; x_wconf 92' lang='lat' dir='ltr'><strong>non</strong></span> <span class='ocrx_word' id='word_1_248' title='bbox 570 3715 829 3807; x_wconf 84' lang='lat' dir='ltr'><strong>praedestinat,</strong></span> <span class='ocrx_word' id='word_1_249' title='bbox 862 3717 934 3786; x_wconf 88' lang='lat' dir='ltr'><strong>nisi</strong></span> <span class='ocrx_word' id='word_1_250' title='bbox 964 3717 1058 3787; x_wconf 88' lang='lat' dir='ltr'><strong>sicut</strong></span> <span class='ocrx_word' id='word_1_251' title='bbox 1091 3722 1145 3785; x_wconf 89' lang='lat' dir='ltr'><strong>est</strong></span> <span class='ocrx_word' id='word_1_252' title='bbox 1177 3717 1214 3784; x_wconf 91' lang='lat' dir='ltr'><strong>in</strong></span> 
     </span>
     <span class='ocr_line' id='line_1_33' title="bbox 45 3817 1210 3912; baseline 0.002 -24"><span class='ocrx_word' id='word_1_253' title='bbox 45 3819 273 3906; x_wconf 86' lang='lat' dir='ltr'><strong>praescientia</strong></span> <span class='ocrx_word' id='word_1_254' title='bbox 296 3846 314 3882; x_wconf 82' lang='lat' dir='ltr'><em>n</em></span> <span class='ocrx_word' id='word_1_255' title='bbox 343 3817 510 3889; x_wconf 79' lang='lat' dir='ltr'><strong>Concord.</strong></span> <span class='ocrx_word' id='word_1_256' title='bbox 551 3819 725 3912; x_wconf 86' lang='lat' dir='ltr'><strong>praedest.</strong></span> <span class='ocrx_word' id='word_1_257' title='bbox 763 3844 841 3890; x_wconf 92' lang='lat' dir='ltr'><strong>cum</strong></span> <span class='ocrx_word' id='word_1_258' title='bbox 874 3821 937 3890; x_wconf 93' lang='lat' dir='ltr'><strong>lib.</strong></span> <span class='ocrx_word' id='word_1_259' title='bbox 970 3820 1076 3890; x_wconf 88' lang='lat' dir='ltr'><strong>arbit.</strong></span> <span class='ocrx_word' id='word_1_260' title='bbox 1110 3844 1141 3890; x_wconf 87' lang='lat' dir='ltr'><strong>c.</strong></span> <span class='ocrx_word' id='word_1_261' title='bbox 1175 3821 1210 3890; x_wconf 82' lang='grc'><strong>3.</strong></span> 
     </span>
    </p>
   </div>
   <div class='ocr_carea' id='block_1_6' title="bbox 45 3925 1213 4340">
    <p class='ocr_par' dir='ltr' id='par_1_7' title="bbox 45 3925 1213 4340">
     <span class='ocr_line' id='line_1_34' title="bbox 45 3925 1213 4020; baseline 0.005 -29"><span class='ocrx_word' id='word_1_262' title='bbox 45 3925 145 4015; x_wconf 86' lang='lat' dir='ltr'><strong>Apud</strong></span> <span class='ocrx_word' id='word_1_263' title='bbox 167 3927 204 3997; x_wconf 86' lang='lat' dir='ltr'><strong>S.</strong></span> <span class='ocrx_word' id='word_1_264' title='bbox 224 3927 488 4018; x_wconf 83' lang='lat' dir='ltr'><strong>Augustinum,</strong></span> <span class='ocrx_word' id='word_1_265' title='bbox 515 3928 577 4018; x_wconf 92' lang='lat' dir='ltr'><strong>qui</strong></span> <span class='ocrx_word' id='word_1_266' title='bbox 600 3928 952 4020; x_wconf 86' lang='lat' dir='ltr'><strong>praedestinationem</strong></span> <span class='ocrx_word' id='word_1_267' title='bbox 975 3930 1048 3998; x_wconf 85' lang='lat' dir='ltr'><strong>iere</strong></span> <span class='ocrx_word' id='word_1_268' title='bbox 1078 3951 1213 4018; x_wconf 88' lang='lat' dir='ltr'><strong>semper</strong></span> 
     </span>
     <span class='ocr_line' id='line_1_35' title="bbox 47 4032 1212 4126; baseline 0.005 -26"><span class='ocrx_word' id='word_1_269' title='bbox 47 4032 214 4126; x_wconf 78' lang='lat' dir='ltr'><strong>intelligit</strong></span> <span class='ocrx_word' id='word_1_270' title='bbox 246 4034 569 4125; x_wconf 82' lang='lat' dir='ltr'><strong>praedefinitionem</strong></span> <span class='ocrx_word' id='word_1_271' title='bbox 603 4040 746 4106; x_wconf 89' lang='lat' dir='ltr'><strong>actuum</strong></span> <span class='ocrx_word' id='word_1_272' title='bbox 779 4041 978 4106; x_wconf 89' lang='lat' dir='ltr'><strong>nostrorum</strong></span> <span class='ocrx_word' id='word_1_273' title='bbox 1002 4041 1171 4126; x_wconf 88' lang='lat' dir='ltr'><strong>supernat</strong></span> <span class='ocrx_word' id='word_1_274' title='bbox 1200 4078 1212 4090; x_wconf 93' lang='lat'><strong>·</strong></span> 
     </span>
     <span class='ocr_line' id='line_1_36' title="bbox 49 4139 1213 4235; baseline 0.008 -27"><span class='ocrx_word' id='word_1_275' title='bbox 49 4139 187 4227; x_wconf 88' lang='lat' dir='ltr'><strong>ralinm,</strong></span> <span class='ocrx_word' id='word_1_276' title='bbox 213 4149 256 4212; x_wconf 90' lang='lat' dir='ltr'><strong>ut</strong></span> <span class='ocrx_word' id='word_1_277' title='bbox 277 4165 340 4212; x_wconf 90' lang='lat' dir='ltr'><strong>suo</strong></span> <span class='ocrx_word' id='word_1_278' title='bbox 362 4141 438 4212; x_wconf 93' lang='lat' dir='ltr'><strong>loco</strong></span> <span class='ocrx_word' id='word_1_279' title='bbox 462 4142 795 4230; x_wconf 86' lang='lat' dir='ltr'><strong>demonstrabimus,</strong></span> <span class='ocrx_word' id='word_1_280' title='bbox 822 4143 908 4213; x_wconf 87' lang='lat' dir='ltr'><strong>haee</strong></span> <span class='ocrx_word' id='word_1_281' title='bbox 938 4143 1213 4235; x_wconf 88' lang='lat' dir='ltr'><strong>praedestinatio</strong></span> 
     </span>
     <span class='ocr_line' id='line_1_37' title="bbox 50 4249 1212 4340; baseline 0.008 -27"><span class='ocrx_word' id='word_1_282' title='bbox 50 4267 104 4316; x_wconf 86' lang='lat' dir='ltr'><strong>seu</strong></span> <span class='ocrx_word' id='word_1_283' title='bbox 124 4249 365 4340; x_wconf 85' lang='lat' dir='ltr'><strong>praedefinitio</strong></span> <span class='ocrx_word' id='word_1_284' title='bbox 387 4255 531 4320; x_wconf 89' lang='lat' dir='ltr'><strong>actuum</strong></span> <span class='ocrx_word' id='word_1_285' title='bbox 554 4249 709 4321; x_wconf 90' lang='lat' dir='ltr'><strong>includit</strong></span> <span class='ocrx_word' id='word_1_286' title='bbox 731 4250 832 4322; x_wconf 88' lang='lat' dir='ltr'><strong>velut</strong></span> <span class='ocrx_word' id='word_1_287' title='bbox 861 4251 1070 4322; x_wconf 88' lang='lat' dir='ltr'><strong>clementum</strong></span> <span class='ocrx_word' id='word_1_288' title='bbox 1100 4275 1212 4322; x_wconf 89' lang='lat' dir='ltr'><strong>essen·</strong></span> 
     </span>
    </p>
   </div>
   <div class='ocr_carea' id='block_1_7' title="bbox 51 4353 1212 4561">
    <p class='ocr_par' dir='ltr' id='par_1_8' title="bbox 51 4353 1212 4561">
     <span class='ocr_line' id='line_1_38' title="bbox 51 4353 1212 4449; baseline 0.009 -30"><span class='ocrx_word' id='word_1_289' title='bbox 51 4353 127 4426; x_wconf 82' lang='lat' dir='ltr'><strong>tiele</strong></span> <span class='ocrx_word' id='word_1_290' title='bbox 146 4357 416 4449; x_wconf 89' lang='lat' dir='ltr'><strong>praescientiam</strong></span> <span class='ocrx_word' id='word_1_291' title='bbox 439 4357 563 4428; x_wconf 88' lang='lat' dir='ltr'><strong>saltem</strong></span> <span class='ocrx_word' id='word_1_292' title='bbox 586 4360 652 4428; x_wconf 85' lang='lat' dir='ltr'><strong>sub</strong></span> <span class='ocrx_word' id='word_1_293' title='bbox 675 4359 873 4429; x_wconf 84' lang='lat' dir='ltr'><strong>conditione</strong></span> <span class='ocrx_word' id='word_1_294' title='bbox 896 4360 1040 4430; x_wconf 86' lang='lat' dir='ltr'><strong>futurae</strong></span> <span class='ocrx_word' id='word_1_295' title='bbox 1071 4365 1212 4431; x_wconf 89' lang='lat' dir='ltr'><strong>nostrae</strong></span> 
     </span>
     <span class='ocr_line' id='line_1_39' title="bbox 55 4465 1212 4561; baseline 0.008 -31"><span class='ocrx_word' id='word_1_296' title='bbox 55 4465 304 4554; x_wconf 87' lang='lat' dir='ltr'><strong>cooperationis.</strong></span> <span class='ocrx_word' id='word_1_297' title='bbox 322 4465 641 4554; x_wconf 70' lang='lat' dir='ltr'><strong>«Praedestinetio,</strong></span> <span class='ocrx_word' id='word_1_298' title='bbox 656 4467 784 4561; x_wconf 90' lang='lat' dir='ltr'><strong>inquit,</strong></span> <span class='ocrx_word' id='word_1_299' title='bbox 799 4466 874 4536; x_wconf 90' lang='lat' dir='ltr'><strong>sine</strong></span> <span class='ocrx_word' id='word_1_300' title='bbox 890 4467 1123 4558; x_wconf 83' lang='lat' dir='ltr'><strong>praescientia</strong></span> <span class='ocrx_word' id='word_1_301' title='bbox 1137 4490 1212 4538; x_wconf 87' lang='lat' dir='ltr'><strong>esse</strong></span> 
     </span>
    </p>
   </div>
   <div class='ocr_carea' id='block_1_8' title="bbox 0 0 1621 5072">
    <p class='ocr_par' dir='ltr' id='par_1_9' title="bbox 0 0 1621 5072">
     <span class='ocr_line' id='line_1_40' title="bbox 0 0 1621 5072; baseline 0 0"><span class='ocrx_word' id='word_1_302' title='bbox 0 0 1621 5072; x_wconf 95' lang='lat' dir='ltr'><strong> </strong></span> 
     </span>
    </p>
   </div>
  </div>
 </body>
</html>
