3394 5056
605 395 643 409 -
664 363 705 424 27
725 395 763 410 -

108 469 174 554 pter
193 462 285 535 hauc
308 467 587 536 communitatem
605 468 711 537 unius
726 474 875 536 naturae
890 467 929 536 in
943 466 1071 552 tribus,
1085 487 1267 559 quaecum·

108 593 164 661 que
183 571 353 642 docentur
364 573 407 642 de
422 575 575 642 essentia
589 579 625 643 et
641 574 683 643 de
698 574 881 660 absolutis,
899 575 1028 666 absque
1042 573 1267 642 distinctione

108 678 309 748 conveniunt
329 685 405 748 tum
420 680 573 770 siugulis
589 681 747 770 personis
764 687 839 750 tum
855 680 1013 749 omnibus
1029 680 1147 749 simul.
1166 679 1267 750 Unde

107 809 142 856 er
161 785 224 856 hac
246 787 486 858 commuuione
508 795 656 858 naturae
672 789 710 856 iu
724 789 842 857 tribus
864 788 1055 874 distinctis,
1080 793 1116 856 et
1130 811 1172 856 ex
1190 809 1266 878 per·

108 915 255 962 mnarum
279 917 344 985 per
366 894 554 964 relationes
576 894 823 964 distinctarum
846 893 983 964 unitate
1006 894 1265 964 secundumab·

107 1000 220 1086 stuta,
245 1023 269 1068 a
291 1002 461 1071 Patribus
483 1003 644 1072 doctrina
666 1003 708 1072 de
731 1003 883 1072 essentia
905 1009 942 1073 et
964 1001 1147 1072 attributis
1170 1001 1267 1070 abso·

107 1107 183 1177 lutis
202 1116 354 1179 vocatur
378 1111 552 1200 ticolopic
572 1114 690 1194 unita,
717 1111 889 1201 theologia
911 1112 1094 1178 unitionis.
1113 1107 1153 1178 Si
1176 1107 1268 1178 euim

108 1215 171 1284 sola
190 1216 428 1307 singularitas
450 1223 598 1286 naturae
620 1239 688 1286 uon
710 1223 826 1287 autem
842 1217 1025 1287 distinctio
1040 1237 1267 1306 personarum

107 1333 268 1414 comperta
278 1331 385 1410 essct,
399 1332 516 1416 posset
530 1325 668 1418 quidem
680 1326 722 1395 de
735 1325 908 1416 tteolopio
923 1327 1087 1407 unitatis,
1104 1347 1174 1392 non
1186 1345 1269 1393 vero

108 1427 143 1497 de
163 1431 336 1521 tteotopc'c
357 1433 461 1498 onita
485 1444 517 1498 ct
537 1435 708 1498 unitionis
723 1455 833 1502 sermo
847 1431 981 1502 haberi.
999 1433 1051 1500 At
1065 1430 1265 1515 relationes,

109 1537 220 1628 quibus
242 1560 413 1628 personae
436 1539 596 1629 singulae
612 1540 855 1610 costituuntur
870 1547 907 1610 et
928 1540 1213 1630 distinguuntur,
1228 1557 1267 1606 eo

110 1645 174 1732 ipso
193 1653 277 1714 sunt
300 1645 466 1737 propriae
495 1647 648 1737 singulis
675 1671 743 1716 non
766 1656 883 1718 autem
913 1670 1107 1718 communes
1136 1647 1264 1716 tribus.

110 1749 152 1818 lle
177 1751 232 1820 lis
260 1775 350 1844 crgo
372 1753 532 1823 doctrina
554 1776 577 1821 a
598 1755 764 1823 Patribus
794 1755 890 1824 dicta
912 1761 967 1824 est
998 1755 1172 1844 ticolopa'o
1196 1751 1267 1820 aa·

110 1859 223 1941 ticam
244 1861 333 1950 quia
349 1881 435 1929 vero
449 1882 614 1950 personae
637 1869 802 1930 naturam
826 1883 1038 1931 communem
1061 1860 1263 1945 includunt,

111 1963 175 2033 ideo
190 1967 365 2058 tteolopio
387 1965 554 2035 distincto
576 1967 827 2060 praesupponit
839 1977 876 2038 et
891 1968 1044 2039 includit
1060 1967 1268 2058 etcolopc'cm

112 2075 240 2143 snitum.

165 2181 358 2273 Dionysius
370 2190 477 2275 caput
490 2182 544 2251 2¹¹¹
560 2184 601 2254 de
614 2184 689 2254 div.
707 2185 836 2254 nomin.
854 2185 1019 2255 inscribit
1037 2181 1109 2251 ude
1119 2184 1221 2249 coito
1235 2195 1268 2250 ct

113 2283 262 2356 distinctu
282 2293 460 2384 theolopiu
475 2321 491 2356 n
509 2289 588 2383 (περι
605 2291 752 2380 imperor
768 2316 819 2356 και
837 2286 1060 2383 διακεκριμενης
1076 2285 1266 2377 Βεσλογιας),

113 2397 278 2464 etsecutus
289 2396 502 2486 Dionysium
511 2398 658 2466 Ioannes
669 2397 904 2466 Damascauus
927 2395 1033 2465 babet
1047 2393 1089 2464 de
1107 2391 1194 2463 Fide
1214 2414 1267 2461 or·

112 2494 481 2594 tod.l.1.caput10··
491 2533 509 2569 u
520 2503 560 2571 dc
574 2505 696 2573 divino
711 2506 868 2571 unitione
878 2517 910 2571 et
921 2502 1169 2570 dictinctione»
1189 2497 1268 2591 (περι

112 2601 184 2676 ieme
198 2605 329 2681 ἑνωσεως
345 2633 396 2674 και
416 2605 617 2703 διακρισεως);
644 2613 846 2704 pariterque
863 2611 1062 2680 Antiochus
1078 2609 1267 2680 monachus

113 2707 231 2792 (deide
242 2715 337 2786 hom.
348 2716 379 2785 Ι.
392 2717 486 2787 Bibl.
501 2719 623 2789 Graec.
643 2721 722 2790 Lat.
737 2719 851 2789 Paris.
866 2719 967 2788 1624.
978 2718 1020 2787 Τ.
1034 2717 1065 2787 Ι.
1080 2743 1114 2808 p.
1127 2715 1264 2804 1029.):

115 2816 303 2913 «theologia
318 2825 448 2910 omnis,
466 2826 594 2918 inquit,
610 2829 712 2894 ccicc
726 2831 782 2896 est
795 2833 832 2896 et
846 2826 1055 2894 detineto».
1074 2824 1266 2915 Utriusque

114 2921 264 2998 obiectum
275 2930 332 3000 ita
345 2931 500 3022 explicat
514 2933 708 3024 Dionysius
723 2932 749 3002 l.
763 2956 793 3002 c.
804 2957 839 3002 n.
854 2932 886 3001 1.
902 2934 935 3001 b.
951 2933 985 3000 6:
1000 2959 1017 2996 u
1031 2931 1267 3024 quodcumque

114 3051 215 3103 nomen
225 3037 425 3109 absolutum
440 3041 485 3110 ad
496 3047 605 3110 totam
621 3041 786 3111 deitatem
801 3041 848 3130 (i.
859 3063 890 3110 e.
905 3039 950 3109 ad
961 3045 1034 3109 tres
1049 3058 1213 3130 personae
1228 3036 1267 3106 in

115 3144 277 3230 conmuni)
292 3145 469 3235 pertinere
482 3146 675 3238 putandum
690 3153 787 3218 est...
800 3148 853 3215 At
867 3153 921 3216 cst
935 3145 1041 3215 etiam
1057 3145 1095 3213 in
1110 3165 1266 3234 superes·

116 3246 305 3320 sobolibus
316 3251 504 3343 theologiis
517 3253 710 3339 distinctio,
725 3276 794 3346 qua
805 3253 843 3322 in
854 3253 931 3344 ipsa
950 3253 1075 3322 unione
1090 3250 1268 3343 quaelibet

115 3369 241 3436 persona
261 3358 486 3448 impermixta
507 3367 544 3430 et
565 3360 752 3430 inconfusa
774 3359 951 3445 subsistit,
976 3365 1013 3428 et
1034 3379 1076 3427 ea
1099 3378 1186 3450 quac
1210 3380 1267 3428 su·

116 3467 357 3546 potentialis
387 3469 617 3557 processionis
650 3473 753 3554 sunt,
778 3467 872 3536 inter
895 3489 932 3536 se
955 3465 1107 3534 minime
1126 3487 1266 3536 couver-

117 3569 234 3638 tuutur.
257 3572 320 3642 Sic
342 3573 457 3664 igitur
478 3580 514 3644 et
528 3597 591 3644 nos
606 3574 729 3644 divina
748 3595 903 3643 sermone
922 3572 1131 3662 coniungere
1146 3579 1183 3642 et
1197 3571 1266 3640 dis-

118 3668 257 3763 liugnam
276 3681 484 3770 satagimus,
498 3687 603 3773 prout
614 3682 691 3772 ipsa
703 3681 740 3750 in
752 3704 788 3751 se
800 3684 903 3748 onita
918 3686 1001 3749 sunt
1016 3687 1052 3748 et
1063 3679 1264 3747 distincto.»

117 3773 177 3848 Hoc
195 3783 305 3874 ipsum
327 3787 456 3878 duplex
475 3787 671 3879 theologiae
694 3789 814 3858 unitae
836 3794 873 3857 et
887 3787 1076 3857 distinctae
1092 3787 1265 3856 obiectum

119 3885 341 3981 multipliciter
363 3895 583 3986 coniungunt
603 3903 639 3966 et
661 3896 887 3986 distinguunt
908 3897 1033 3964 Patres
1054 3894 1163 3964 ceteri
1178 3917 1209 3964 e.
1227 3918 1264 3984 g.

118 3989 252 4068 Basilius
261 4001 385 4092 ep.43;
395 4002 638 4073 Nazianzenus
650 4026 700 4074 or.
711 4003 1081 4092 40.n.41;Nyssenus
1094 4009 1185 4072 cont.
1195 4001 1266 4071 Eu·
1314 4079 1318 4086 ,

120 4103 223 4174 nou.l.
232 4106 261 4176 1.
270 4133 305 4199 p.
316 4109 373 4178 78.
383 4115 450 4180 etc.
464 4111 688 4180 clneffabilis
709 4122 746 4180 et
764 4107 1134 4200 incomprehensibilis,
1150 4108 1268 4200 inquit

120 4201 263 4300 Builius,
276 4217 315 4285 in
330 4217 388 4286 his
402 4217 585 4289 invenitur
601 4222 785 4287 communio
797 4223 834 4287 ct
849 4216 1042 4302 distinctio,
1060 4239 1138 4286 cum
1151 4231 1265 4308 neque

123 4307 329 4406 hyllustaseon
356 4325 559 4397 differentia
586 4325 856 4396 communionem
882 4329 1040 4392 naturae
1069 4319 1122 4407 (το
1142 4344 1268 4410 συνεχες

124 4428 288 4518 rspwme)
313 4433 507 4522 dissolvat,
531 4455 642 4528 neque
664 4431 857 4504 communio
878 4430 1127 4523 proprietatem
1150 4429 1263 4500 notio·
