3224 5068
407 451 483 521 ideo
506 450 715 542 simplicitas
748 450 813 519 illa
836 472 904 519 uon
927 456 1067 520 estnec
1090 471 1165 518 assa
1187 453 1302 540 potest
1329 449 1369 520 iu
1393 449 1479 520 reali
1499 453 1565 520 exi·

407 560 550 644 stentia,
569 559 629 629 scd
645 563 785 629 tantum
808 558 846 626 iu
875 555 1144 648 apprehensione
1170 557 1321 645 mentis;
1348 561 1438 626 sata
1460 557 1563 626 dicias·

408 667 620 758 simplicitas
641 675 697 738 est
725 667 879 758 positiva
908 689 971 756 per
1003 665 1179 735 infinitam
1206 665 1437 737 intensionem
1466 669 1566 758 perl-

407 775 533 844 ctionis
549 775 586 843 in
601 775 679 866 ipss
701 775 838 844 ratione
862 777 951 842 entis
974 774 1141 856 absoluti,
1158 780 1194 842 ct
1210 774 1286 844 ideo
1309 776 1502 845 necessario
1516 783 1566 844 est

407 885 445 951 in
474 882 562 951 reali
594 883 801 968 existentia,
828 882 954 950 mentis
985 887 1102 951 autem
1133 889 1273 952 nostrae
1304 882 1565 974 apprehensione

406 1013 474 1058 non
497 992 568 1060 nisi
591 989 891 1081 imperfectissima
906 997 1015 1080 atper
1031 989 1234 1079 negationes
1250 1010 1325 1060 cam
1341 990 1559 1083 assequimur.
1602 1075 1603 1080 ἵ

409 1097 516 1167 «Non
539 1099 805 1168 considerarunt
819 1095 1035 1183 (Amalricus
1051 1117 1073 1164 a
1087 1096 1185 1166 Bona
1199 1102 1237 1166 et
1258 1097 1335 1167 eius
1359 1101 1562 1183 sectatores),
1602 1087 1603 1152 l

406 1205 561 1297 quodid,
582 1206 672 1298 quod
694 1228 871 1276 commune
894 1211 949 1274 est
971 1204 1028 1274 vel
1051 1204 1270 1290 universale,
1297 1204 1373 1274 eine
1395 1205 1561 1275 additione
1602 1219 1603 1224 ’

405 1334 480 1382 esse
502 1317 614 1400 (actu)
637 1335 705 1382 non
729 1319 856 1403 potest,
876 1311 935 1381 sed
951 1313 1027 1381 sine
1049 1312 1227 1382 additione
1256 1313 1497 1384 consideratur
1499 1363 1560 1382 .....

405 1421 491 1490 licet
505 1420 611 1488 etiam
626 1419 801 1508 cogitetur
817 1418 1016 1488 universale
1032 1419 1162 1512 absque
1173 1419 1364 1505 additione,
1378 1442 1448 1489 non
1459 1427 1563 1492 tamen

405 1529 534 1619 absquo
556 1525 828 1615 receptibilitate
850 1525 1042 1594 additionis
1057 1532 1153 1594 est...
1171 1525 1338 1596 Divinum
1362 1532 1478 1596 autem
1488 1527 1565 1595 Eae

407 1642 461 1706 est
484 1638 612 1728 absque
636 1634 837 1720 additione,
862 1656 931 1702 non
955 1633 1067 1702 solum
1091 1633 1305 1724 cogitatione
1328 1636 1388 1706 sed
1411 1635 1563 1706 etiamin

405 1767 522 1814 rerum
545 1750 691 1828 natura,
717 1747 753 1810 et
775 1765 843 1810 non
868 1741 979 1811 solum
1012 1743 1141 1833 absque
1171 1743 1348 1814 additions
1371 1743 1433 1814 sed
1466 1744 1560 1814 etism

406 1853 535 1942 sosque
558 1847 830 1940 receperamus
852 1847 1056 1918 mortona.
1082 1847 1182 1918 unce
1203 1871 1247 1920 οι
1270 1849 1334 1920 hoc
1356 1849 1457 1940 ipso,
1482 1849 1563 1941 quos

405 1957 618 2028 additionem
641 1977 710 2024 nou
735 1955 863 2045 recipit
877 1976 940 2024 nec
955 1955 1107 2046 recipere
1131 1963 1257 2046 potest,
1275 1956 1389 2047 magis
1413 1955 1559 2026 concludi
1603 1941 1604 1968 ¹

405 2071 530 2156 potest,
556 2062 647 2156 quod
668 2062 763 2130 Deus
785 2084 854 2130 non
877 2061 927 2130 sit
949 2085 1017 2128 esse
1039 2085 1219 2146 commane,
1245 2064 1304 2132 sed
1334 2063 1558 2154 proprium...

403 2171 447 2242 In
469 2171 534 2241 hoc
557 2171 663 2242 etiam
686 2193 805 2240 eorum
828 2169 947 2240 deficit
968 2171 1073 2256 ratio,
1091 2171 1173 2240 dum
1190 2194 1259 2240 nou
1281 2172 1515 2256 attenderunt,
1531 2169 1561 2238 id

404 2279 496 2374 quod
509 2279 546 2348 in
558 2279 657 2348 nobis
673 2277 970 2369 simplicissimum
987 2277 1168 2348 invenitur
1184 2284 1260 2369 (per
1276 2279 1559 2364 abstractionem),

404 2411 472 2458 non
495 2393 566 2456 tam
590 2409 661 2456 ram
685 2385 887 2476 completam
910 2407 1013 2478 quam
1036 2387 1088 2455 roi
1110 2385 1246 2475 aliquid
1269 2409 1355 2476 esse,
1374 2387 1446 2457 Deo
1460 2393 1561 2454 autem

405 2495 613 2586 simplicitas
635 2494 847 2564 attribuitur
863 2494 956 2563 sicut
970 2494 1022 2562 rei
1037 2493 1145 2563 alicui
1163 2495 1316 2585 perlecta
1332 2492 1531 2566 subsistenti
1544 2519 1558 2553 ι

405 2603 442 2674 S.
459 2603 580 2672 Thom.
598 2609 690 2672 cont.
708 2602 813 2672 Geut.
827 2601 853 2670 l.
870 2603 900 2670 1.
913 2625 943 2670 c.
955 2601 1012 2672 26.
1028 2625 1063 2670 n.
1082 2603 1116 2671 6.

469 2711 626 2803 Denique
640 2711 689 2779 4⁰.
707 2709 800 2779 sicut
822 2731 882 2779 eus
905 2709 1173 2780 determinatum
1189 2732 1251 2801 per
1266 2711 1478 2802 multiplices
1491 2731 1559 2801 gra·
1604 2681 1605 2768 l

404 2818 471 2886 dos
494 2817 720 2908 perfectionis
742 2824 879 2887 creatae
895 2823 950 2886 est
971 2817 1091 2910 aliqua
1113 2817 1266 2886 imitatio
1288 2819 1460 2890 essentiae
1480 2817 1559 2887 divi·

403 2947 480 3009 nae,
497 2926 549 2994 ita
563 2925 669 2994 etiam
685 2924 777 2993 ratio
801 2927 889 2992 entis
913 2927 1095 2992 commonia
1110 2932 1147 2994 et
1161 2926 1338 2996 abstracte
1361 2923 1559 2998 considerati

402 3033 508 3102 habet
529 3031 566 3100 in
589 3031 713 3100 divina
734 3031 887 3098 essentia
910 3053 1011 3100 suum
1034 3031 1209 3122 exemplar
1236 3039 1272 3102 at
1296 3039 1351 3101 est
1365 3033 1444 3102 eius
1466 3051 1555 3122 quac·

404 3139 483 3208 dam
516 3137 754 3222 adumbratio,
780 3159 818 3206 eo
841 3143 957 3206 tamen
980 3138 1156 3224 remotior,
1190 3162 1258 3232 quo
1281 3139 1511 3210 universalior
1529 3145 1559 3204 et

403 3246 518 3314 minus
540 3245 696 3314 intensae
720 3244 956 3336 perfectionis.
982 3245 1088 3316 Ratio
1122 3247 1236 3338 igitur
1259 3249 1347 3316 eneis
1371 3249 1410 3317 in
1431 3247 1499 3316 Deo
1528 3249 1558 3312 et

403 3353 441 3422 in
463 3352 621 3424 omnibus
645 3373 732 3446 quae
755 3360 895 3442 praeter
917 3353 1028 3422 Dcum
1051 3361 1154 3440 suut,
1179 3357 1317 3425 omnino
1339 3355 1480 3426 diversa
1500 3359 1554 3438 est,

404 3481 445 3530 sc
468 3459 612 3551 proinde
635 3483 691 3529 eno
713 3459 755 3530 de
778 3461 850 3528 Deo
874 3465 911 3528 et
932 3461 975 3532 do
998 3463 1157 3533 omnibus
1180 3485 1268 3556 quaa
1297 3471 1439 3555 praeter
1460 3463 1556 3532 Deum

404 3568 539 3658 concipi
563 3575 720 3658 possunt,
738 3591 807 3636 non
830 3571 970 3636 univoce
985 3575 1068 3658 (nou
1092 3571 1280 3641 secundum
1302 3570 1445 3642 eandem
1467 3570 1556 3639 ratic

402 3698 479 3745 nem
502 3677 607 3761 cutis)
630 3675 784 3760 dicitur,
811 3675 871 3744 sed
901 3675 1034 3746 dicitur
1057 3679 1238 3769 oisalopico
1249 3728 1260 3761 ,
1286 3685 1459 3771 quatenus
1479 3676 1556 3746 ratio

402 3784 494 3856 entis
517 3785 554 3854 in
577 3785 706 3856 creatis
728 3791 783 3854 est
804 3783 1025 3854 adumbratio
1048 3786 1139 3854 eutis
1162 3786 1289 3855 divini.
1307 3785 1409 3855 «Eos
1431 3785 1555 3876 praedi·

402 3898 518 3960 catum
540 3891 582 3960 dc
606 3891 765 3960 omnibus
787 3913 854 3960 non
878 3897 933 3961 est
955 3899 1085 3962 natura
1112 3893 1280 3977 increati,
1306 3893 1392 3986 quia
1413 3892 1451 3963 id
1480 3888 1555 3984 quod
1587 3901 1590 3908 “

403 3997 627 4087 praedicatur
651 3997 693 4066 dc
716 3997 893 4083 omnibus,
920 3999 1032 4088 prima
1063 4021 1179 4067 rerum
1211 4007 1410 4068 creatarum
1432 4005 1501 4082 est,
1523 4001 1554 4064 ut

404 4103 491 4173 dicit
513 4103 753 4194 philosophus,
768 4109 880 4174 stans
896 4111 950 4174 est
966 4106 1189 4176 commixtum
1213 4107 1370 4176 omnibus
1386 4113 1424 4176 et
1437 4101 1552 4198 aliquid

403 4210 554 4278 omnium
576 4211 742 4280 existens.
759 4211 834 4280 Eos
857 4221 973 4280 autem
996 4219 1150 4282 creatum
1165 4220 1202 4284 et
1217 4213 1413 4284 increatum
1428 4215 1550 4284 diversa

405 4323 509 4386 snut:
535 4325 571 4386 et
593 4341 654 4387 cus
684 4319 775 4411 quod
798 4327 854 4388 est
883 4320 1019 4412 aliquid
1050 4323 1202 4391 omnium
1232 4344 1349 4392 eorum
1374 4325 1415 4393 de
1444 4321 1550 4414 quibus

406 4421 641 4514 praedicatur,
666 4430 702 4493 st
723 4425 933 4514 permixtum
957 4427 1126 4514 omnibus,
1149 4435 1186 4497 ct
1207 4451 1269 4498 eus
1291 4429 1384 4520 quod
1405 4428 1490 4502 nihil
1507 4429 1549 4492 etl
