3360 5060
635 383 671 396 ..
693 351 753 412 057
775 381 811 396 .-

135 459 227 522 tum.
237 452 293 522 Ad
306 459 551 542 argumentum
564 454 600 522 in
615 457 726 524 forma
737 457 979 545 respondetur:
994 455 1087 525 Deus
1098 457 1220 548 seligit
1232 482 1311 549 gra-

134 560 269 630 tiarum
282 561 448 644 ordinem,
456 563 513 630 cui
526 562 717 632 intrinseca
725 571 780 632 est
792 563 1047 648 infallibilitate,
1058 565 1235 656 dietinpno
1243 568 1292 636 Μ.
1299 617 1309 651 ,

132 668 378 738 infallibilitas
393 677 446 738 est
462 670 652 738 intrinseca
664 670 781 739 ordini
794 671 1003 760 gratiarum,
1015 679 1188 764 quatenus
1203 675 1310 765 respi-

132 777 230 846 citur
253 778 400 846 effeotus
422 777 526 846 liberi
551 801 737 848 consensus
750 801 811 868 per
826 781 979 868 gratiam
996 781 1154 865 futurus,
1173 787 1209 851 et
1226 804 1308 874 qna-

131 890 240 953 tenus
264 907 451 954 consensus
474 885 547 974 ipse
571 892 607 954 et
630 892 705 954 tota
727 869 834 955 seiies
858 889 1136 957 effectuumcnm
1152 911 1309 979 perseve-

132 992 255 1060 rantia
267 993 507 1062 consideratur
519 994 555 1060 in
569 993 885 1083 praedestinatione
897 995 1078 1084 completa,
1092 997 1229 1064 concedo
1242 997 1310 1079 Mn

131 1099 328 1167 intrinseca
350 1105 405 1167 est
428 1099 670 1168 infallibilitas
692 1121 735 1168 ex
758 1101 836 1190 ipsa
859 1101 1007 1170 entitate
1045 1103 1182 1192 gratiae
1213 1126 1309 1192 prae·

135 1207 312 1276 venientis
335 1215 371 1275 et
394 1207 468 1275 sine
491 1213 652 1297 respectu
675 1209 720 1276 ad
743 1208 893 1276 liberum
916 1209 1123 1293 arbitrium,
1150 1235 1233 1300 neqo
1258 1211 1307 1278 M.

132 1313 268 1381 Deinde
291 1313 451 1402 neganda
473 1321 528 1382 est
550 1314 662 1382 minor
684 1321 761 1383 tum
784 1337 845 1404 per
870 1338 918 1399 se,
937 1324 977 1384 nt
1001 1321 1191 1385 constatex
1204 1317 1310 1386 dictis

134 1445 169 1511 p.
181 1420 351 1504 614-617,
370 1428 444 1490 tum
469 1422 571 1489 iuxta
593 1422 786 1490 doctrinam
804 1421 840 1489 S.
857 1422 1020 1507 Thomas,
1041 1423 1101 1514 qni
1116 1446 1183 1490 non
1202 1423 1308 1492 alium

133 1527 299 1617 agnoscit
313 1529 480 1613 ordinem,
507 1529 577 1598 nisi
594 1530 684 1621 qnod
701 1553 743 1596 en
756 1531 934 1598 voluntate
950 1530 1163 1598 antecedente
1186 1545 1218 1596 et
1234 1554 1308 1596 con-

134 1633 313 1701 ditionata
336 1635 463 1702 scintis
487 1636 772 1725 praedestinator
796 1637 926 1726 gratia,
947 1643 990 1704 nt
1013 1636 1112 1704 homo
1136 1645 1309 1706 mereatur

133 1764 312 1828 coronam;
331 1748 366 1810 et
381 1765 423 1810 ex
437 1743 608 1832 praevisis
620 1743 755 1812 meritis
769 1744 950 1813 voluntate
967 1749 1195 1834 consequente
1211 1744 1308 1811 abso·

132 1849 215 1918 luta
230 1849 514 1939 praedestinatur
538 1851 614 1939 ipsa
638 1873 763 1919 corona
779 1852 874 1919 vitae
897 1857 1071 1920 aeternae.

204 1958 238 2044 b)
245 1956 357 2025 Maior
372 1957 486 2026 videri
500 1963 615 2046 potest
631 1957 820 2027 difficultas
832 1959 870 2026 in
882 1959 1110 2028 conciliandis
1123 1959 1209 2028 loeis
1221 1959 1307 2042 illis,

134 2063 264 2156 quibus
280 2063 316 2132 S.
329 2062 479 2132 Thomas
494 2063 644 2132 invicem
661 2070 838 2154 comparat
857 2065 1084 2147 dilectionem,
1103 2066 1310 2146 electionm,

132 2179 173 2242 et
190 2171 550 2262 praedestinationem.
569 2171 708 2240 Etenim
725 2173 826 2241 iuxta
837 2173 1002 2261 Angelici
1018 2173 1211 2241 doctrinam
1228 2171 1312 2240 dile·

132 2283 203 2348 ctio
227 2304 295 2372 qua
317 2281 412 2349 Dens
435 2279 517 2348 vult
539 2279 716 2372 aliquibus
740 2280 889 2349 salutem
922 2281 1108 2351 efficaciter
1133 2289 1308 2375 tamquam

132 2389 261 2474 finem,
287 2396 323 2458 et
346 2390 463 2456 electio
487 2409 556 2480 qna
580 2389 660 2456 vult
683 2389 830 2457 salntem
857 2389 913 2457 his
936 2411 1019 2479 prae
1042 2391 1126 2458 aliis
1149 2413 1235 2482 quos
1258 2412 1311 2459 re·

132 2497 271 2587 probat,
297 2496 428 2565 dicitur
451 2495 578 2563 mentis
600 2495 876 2564 consideratione
891 2496 988 2586 prior
1004 2518 1107 2588 qnam
1118 2497 1309 2586 praedesti-

132 2605 257 2684 natio,
293 2623 381 2692 qnae
412 2607 466 2670 cst
496 2601 590 2670 ratio
623 2601 757 2669 ordinis
793 2603 989 2690 gratiarnm
1020 2601 1057 2669 in
1088 2603 1190 2671 finem
1214 2601 1309 2670 vitae

130 2715 306 2778 aeternae.
334 2708 434 2777 Unde
458 2708 600 2777 videtur
624 2708 751 2790 doceri,
771 2710 881 2776 Deum
898 2709 990 2778 velle
1021 2711 1121 2800 prius
1149 2709 1308 2778 absolute

130 2815 282 2886 salutem
306 2821 349 2884 ut
371 2817 496 2899 finem,
521 2823 621 2884 etex
645 2815 711 2884 hac
734 2815 918 2885 voluntate
955 2803 1179 2886 antecedente
1216 2815 1308 2886 velle

130 2925 271 3014 gratias
293 2931 330 2992 et
353 2925 477 2992 merita
500 2928 677 3014 tamquam
700 2924 813 2992 media
836 2925 881 2992 ad
904 2924 1019 2992 finem.
1045 2924 1136 2992 Vide
1153 2924 1186 2992 1.
1202 2949 1235 3016 q.
1250 2923 1306 2993 23.

130 3053 168 3098 a.
183 3033 217 3118 43
244 3032 286 3101 de
303 3031 409 3100 verit.
427 3055 461 3122 q.
480 3031 513 3098 6.
533 3051 566 3097 a.
582 3030 614 3117 1,
634 3030 666 3098 1.
685 3030 769 3098 dist.
787 3031 844 3098 41.
864 3057 896 3122 q.
912 3031 944 3099 1.
964 3053 1018 3099 aa.
1040 3031 1072 3100 1.
1092 3032 1126 3100 2.
1170 3053 1178 3068 ·

202 3140 364 3208 Gennina
386 3138 634 3228 interpretatio
658 3137 781 3206 horum
805 3137 1048 3222 articulorum,
1075 3139 1201 3229 pendet
1217 3163 1237 3207 a
1253 3139 1308 3209 de·

130 3247 380 3316 terminatione
404 3245 478 3314 veri
503 3267 636 3328 sensns,
657 3268 724 3337 quo
741 3245 778 3314 S.
799 3246 950 3312 Thomas
967 3243 1230 3314 dilectionemet
1246 3246 1309 3312 ele·

132 3353 277 3421 ctionem
299 3351 487 3419 intellexit.
514 3351 552 3419 Si
577 3351 694 3420 electio
718 3350 936 3440 intelligitur
960 3350 1083 3420 electio
1100 3353 1144 3420 ad
1160 3352 1307 3441 gloriam

131 3483 196 3551 per
218 3481 255 3528 se
278 3465 468 3549 spectatam
492 3464 529 3526 et
551 3457 684 3526 dieitur
706 3479 780 3526 esse
804 3481 846 3526 ex
870 3458 1053 3528 voluntate
1068 3460 1306 3546 antecedente3

126 3566 404 3658 praedestinatio
428 3587 510 3634 vero
534 3565 667 3633 dicitur
689 3565 864 3633 ordinatio
880 3567 1069 3635 mediorum
1093 3567 1137 3635 ad
1161 3567 1307 3656 gloriam

131 3683 176 3744 ut
198 3675 241 3743 ad
265 3675 365 3743 finem
392 3675 548 3742 absolute
571 3674 846 3765 praestitutum,
872 3697 996 3743 sensus
1026 3676 1183 3759 essetis,
1211 3697 1309 3766 quem

132 3783 261 3852 volunt
283 3781 492 3851 adversarii.
519 3781 608 3849 Tum
632 3803 715 3850 vero
746 3781 914 3874 quomodo
950 3803 1077 3873 quaeso
1110 3781 1195 3849 talis
1226 3781 1310 3849 ordo

132 3915 202 3960 non
226 3895 364 3980 pugnat
387 3911 464 3958 cnm
488 3888 648 3958 doctrina
676 3890 720 3956 ab
743 3889 932 3978 Angelico,
958 3896 999 3957 ut
1023 3887 1188 3972 vidimus,
1215 3886 1307 3956 clare

131 3998 313 4089 proposita
335 3996 377 4064 de
404 3995 757 4085 «praedestinatione
781 3997 915 4084 gloriae
938 4019 980 4064 ex
1004 3995 1151 4079 meritis,
1173 4022 1188 4057 r
1215 4001 1251 4063 et
1267 3995 1309 4062 de

132 4105 450 4197 praedestinatione
473 4125 514 4172 ex
542 4104 756 4171 «voluntate
779 4109 1026 4195 consequente,
1053 4123 1141 4194 quae
1165 4103 1311 4192 respicit

133 4235 239 4305 opera
261 4217 303 4280 ut
324 4233 465 4280 causam
489 4209 702 4279 meritoriam
733 4209 927 4300 gloriaetn
960 4209 1000 4279 Si
1023 4215 1146 4278 contra
1169 4207 1309 4275 dilectio

133 4328 171 4390 et
186 4321 423 4410 electioneque
438 4339 479 4386 ao
492 4316 765 4408 praedestinatio
779 4339 882 4407 penes
895 4315 932 4385 S.
945 4317 1111 4385 Thomam
1127 4316 1233 4384 habet
1248 4337 1310 4406 pro

135 4428 268 4497 obiecto
292 4425 508 4496 collationem
533 4428 672 4515 gratiae
695 4440 727 4490 et
749 4425 910 4514 pieriam
932 4431 970 4492 et
994 4424 1024 4492 si
1049 4424 1166 4490 electio
1191 4429 1308 4514 quate·
