3292 5062
578 395 616 408 -
640 365 698 424 147
718 395 756 409 -

96 473 228 541 veritate
249 471 433 539 derivetur
455 470 549 538 etin
572 489 614 536 aa
637 467 902 536 fundamentum
925 467 1054 536 habeat
1076 489 1175 535 omne
1192 491 1250 536 ve·

94 605 172 664 rum,
196 579 283 672 quod
306 578 542 668 intelligimus
566 578 617 644 ita
628 601 703 646 esse
726 584 762 644 et
783 576 889 645 aliter
904 599 978 645 esee
995 599 1062 644 non
1075 599 1173 666 possa
1186 576 1248 664 (l),

94 695 124 755 et
138 691 177 755 ut
198 709 288 754 mens
313 684 465 753 humana
491 707 533 753 ex
559 684 648 753 ideis
671 683 860 751 abstractis
876 684 1054 766 veritatis,
1069 683 1250 768 bonitatis,

93 791 366 883 pulchritudiuis,
380 791 541 860 institiae
557 797 639 875 etc,
659 815 747 882 quas
763 813 804 859 ex
824 790 997 859 creaturis
1009 791 1253 879 praeconcepit

94 910 250 993 tamquam
279 900 510 990 perfectiones
540 901 578 968 in
610 923 674 967 sua
703 897 840 966 ratione
868 897 1002 965 nullam
1033 897 1253 966 involventes

96 1007 386 1104 imperfectionem,
406 1007 604 1075 immediate
625 1006 810 1073 ascendere
829 1004 940 1095 possit
951 1004 1201 1081 adabsolutam
1218 1009 1254 1072 et

94 1115 345 1183 substantialem
369 1115 568 1199 veritatem,
589 1115 778 1181 bonitatam
790 1119 857 1181 etc.
875 1111 1018 1204 eiusque
1033 1110 1252 1200 spiritualem

93 1232 239 1290 naturam
269 1222 523 1312 quadamtenus
557 1220 843 1310 intelligendam,
872 1220 910 1287 in
941 1241 1010 1312 qua
1038 1219 1111 1287 sola
1141 1219 1252 1308 perfe-

94 1329 211 1397 ctiones
233 1333 372 1396 creatae
396 1350 494 1396 suam
517 1327 647 1396 habent
669 1349 809 1396 causam
843 1333 879 1394 et
910 1325 1107 1394 absolutum
1143 1347 1253 1393 exem-

95 1437 169 1526 plar
185 1435 245 1524 (2).
275 1433 310 1502 3⁰
333 1435 454 1504 Potest
477 1435 625 1526 denique
649 1433 825 1522 intelligi,
850 1456 913 1501 nos
938 1432 1051 1500 omnia
1076 1431 1194 1499 videre
1217 1430 1255 1498 in

94 1545 191 1632 prima
214 1546 378 1628 veritate,
400 1543 491 1634 quod
514 1544 592 1633 ipsa
617 1543 673 1612 vis
694 1542 849 1627 videndi,
877 1564 965 1634 quae
989 1542 1026 1609 in
1051 1547 1164 1608 mente
1194 1560 1253 1606 no·

95 1659 158 1718 stra
178 1659 231 1720 est
246 1653 323 1742 ipsa
339 1649 594 1718 intellectualis
607 1649 772 1733 facultas,
790 1655 967 1740 tamquam
987 1647 1138 1715 imitatio
1152 1667 1254 1738 quae·

95 1755 160 1823 dam
182 1764 218 1826 et
240 1758 355 1846 imago
380 1755 542 1824 derivata
566 1757 615 1824 sit
637 1778 678 1823 ae
700 1755 850 1845 pendeat
873 1757 916 1822 ab
933 1755 997 1822 illa
1023 1753 1253 1822 substantiali

96 1864 232 1933 veritate
255 1871 298 1932 ut
313 1886 336 1930 a
347 1884 454 1932 causa
465 1863 669 1953 exemplari,
689 1863 868 1948 efficiente,
885 1867 1111 1930 conservante
1124 1868 1160 1929 et
1177 1883 1254 1928 oon-

96 1980 260 2058 ourrente,
287 1979 392 2063 atqua
419 1971 473 2039 ita
500 1993 595 2038 mens
628 1971 748 2039 videat
777 1993 899 2038 verum
931 1971 967 2038 in
995 1969 1073 2060 ipsa
1101 1969 1255 2039 veritate

96 2079 307 2149 substantiali
319 2103 387 2147 nou
411 2078 549 2170 quidem
575 2083 615 2146 ut
630 2076 668 2144 iu
683 2078 794 2147 medio
810 2079 1048 2168 praecognito,
1063 2077 1123 2146 sed
1136 2084 1178 2144 ut
1194 2099 1255 2166 per

97 2187 291 2278 principium
314 2195 351 2256 et
376 2209 514 2256 causam
538 2193 613 2254 tum
639 2185 954 2276 cognoscibilitatis
978 2209 1094 2255 rerum
1110 2192 1185 2252 tum
1201 2184 1255 2253 lu·

98 2295 185 2364 ninia
208 2297 245 2365 in
274 2301 512 2386 cognoscente.
531 2295 606 2365 Hoc
629 2296 778 2365 secundo
801 2301 838 2364 et
860 2296 967 2365 tertio
991 2318 1095 2364 sensu
1119 2296 1163 2362 ab
1182 2297 1255 2362 Au·

147 2583 185 2660 (1)
202 2587 261 2640 Hoc
280 2601 366 2639 sensu
385 2586 524 2654 principii
544 2589 573 2639 et
591 2587 764 2654 exemplaris
783 2584 856 2651 Aug.
874 2585 947 2640 dicit
965 2585 1060 2653 ipsum
1079 2587 1166 2639 Deum
1186 2589 1255 2640 Ver·

98 2674 150 2727 bun
168 2677 308 2730 elormam
329 2677 453 2728 omnium
472 2692 544 2743 qnae
564 2680 641 2742 sunt,
656 2696 668 2724 e
691 2676 725 2728 dc
738 2691 807 2728 vera
821 2675 906 2740 relig.
921 2691 950 2728 u.
963 2675 1007 2729 66.
1022 2675 1065 2729 Oi.
1078 2677 1208 2730 Loesium
1220 2676 1254 2729 de

98 2767 198 2830 perfect.
213 2765 275 2818 div.
289 2767 311 2820 l.
323 2767 374 2819 v1.
389 2783 412 2819 ι.
427 2767 454 2819 4.
470 2783 499 2818 u.
514 2767 558 2818 39.
574 2781 635 2833 seq.

146 2852 183 2924 (ι)
200 2857 356 2908 Beeolatur
374 2871 408 2908 ex
429 2855 635 2921 superioribus,
652 2871 736 2922 quam
755 2855 881 2909 sollicite
895 2855 1076 2920 Augustinus
1091 2856 1256 2923 distinguat

97 2943 248 2998 obieetivam
265 2931 418 2998 veritatem
437 2946 672 3012 metaphysioam‚
694 2947 870 3012 spectamina
889 2945 1119 3012 disciplinarum,
1136 2949 1172 3001 ab
1191 2949 1255 3015 ipso

98 3031 263 3088 uelamento
282 3035 444 3100 ontologico
462 3037 493 3087 in
513 3035 676 3089 rationibus
690 3037 827 3102 aeternis,
845 3036 876 3088 in
891 3035 1017 3090 essentia
1030 3053 1129 3102 nempe
1142 3037 1254 3090 divina.

98 3120 229 3176 diocliam
248 3125 330 3178 ltin.
343 3126 406 3178 XV.
420 3142 450 3177 n.
463 3125 507 3178 16.
521 3126 552 3178 in
573 3130 666 3178 mente
685 3127 810 3180 humana
829 3130 862 3178 ιι
880 3125 910 3178 in
925 3127 977 3178 Dei
991 3127 1126 3194 imagine,
1141 3131 1256 3194 praeter

100 3211 280 3275 phantasmate
298 3230 393 3267 rarum
412 3215 602 3281 corporalium
622 3213 781 3280 distinguit
794 3231 845 3282 per
859 3214 994 3281 quosdam
1008 3215 1113 3281 gradus
1127 3216 1255 3270 visiones

99 3299 310 3356 intellectuales:
334 3325 346 3348 a
366 3303 428 3354 sive
447 3317 481 3354 ea
500 3303 680 3369 cogitentur,
701 3303 819 3370 iuquit,
842 3318 914 3370 quae
933 3319 984 3356 nac
1003 3304 1163 3371 corporalia
1186 3308 1256 3357 aunt

100 3395 334 3460 incorporalium
354 3393 574 3458 similitudines,
588 3393 662 3445 sicut
683 3376 810 3446 virtutes
823 3397 853 3446 et
865 3393 949 3460 vitia,
966 3394 1041 3447 sicut
1054 3395 1118 3461 ipse
1131 3395 1255 3462 denique

100 3483 215 3545 agitatio
234 3485 392 3549 cogitatum
413 3484 476 3536 sive
494 3483 550 3536 illa
569 3499 641 3549 quae
654 3499 707 3548 per
721 3483 889 3549 disciplinae
902 3484 1057 3536 tradamur
1071 3485 1255 3551 liberalesque

101 3569 234 3636 eneam
253 3574 316 3626 siva
335 3573 454 3626 tutonem
474 3572 597 3624 omnium
614 3588 714 3624 eamne
732 3573 888 3638 superiores
910 3581 993 3640 oeque
1011 3575 1137 3626 rationes
1156 3575 1189 3626 ic
1203 3591 1255 3626 rec·

102 3665 154 3709 tare
170 3661 335 3713 inmeante·
354 3660 553 3726 capitaneae.»
581 3661 636 3714 Est
656 3666 751 3714 autem
768 3661 964 3716 indubitatum
984 3663 1015 3715 in
1035 3664 1183 3718 sententia
1200 3663 1254 3716 Au-

102 3749 202 3812 gustini,
222 3765 321 3804 causas
341 3749 503 3816 superiores
522 3751 554 3802 iu
572 3752 630 3816 neo
649 3768 666 3803 a
682 3751 765 3804 nobie
784 3751 913 3815 intelligi
927 3753 958 3804 iu
971 3753 1025 3804 heo
1039 3753 1102 3805 vita
1115 3769 1166 3819 per
1179 3768 1253 3806 orea-

102 3837 168 3888 turae
183 3841 323 3907 umquam
341 3855 392 3906 per
411 3842 556 3908 speculum
576 3845 605 3894 et
624 3843 655 3894 in
675 3843 846 3907 aenigmate.
870 3843 1104 3908 «Incorporalem
1124 3845 1255 3896 substan-

103 3923 158 3977 tiam
174 3928 227 3980 seio
245 3945 307 3982 esse
322 3930 507 3996 sapientiam,
529 3933 671 3984 etlumen
692 3947 764 3998 esse,
785 3932 815 3983 in
837 3947 891 3998 quo
911 3931 1058 3999 videntur,
1072 3948 1144 4000 quae
1163 3933 1254 3987 oeulis

102 4017 243 4071 emuniens
264 4035 321 4071 non
343 4019 495 4086 videntum
517 4023 546 4072 et
566 4023 659 4073 tamen
679 4021 727 4074 vir
737 4024 838 4074 tantus
853 4025 996 4088 umquam
1010 4022 1156 4089 spiritalis
1169 4021 1254 4094 (Apo-

104 4103 202 4176 stolus):
221 4109 349 4162 videmus
367 4123 451 4176 nnuc,
472 4111 579 4178 iuquit,
601 4127 651 4178 per
670 4113 814 4177 speculum
835 4113 866 4163 in
888 4113 1058 4179 aenigmate,
1079 4117 1146 4166 tuuc
1159 4119 1254 4165 autem

105 4189 162 4244 ieeie
178 4196 209 4248 ed
227 4197 336 4251 laniem.
357 4197 447 4262 Quale
467 4199 508 4252 sit
526 4203 556 4252 et
573 4199 646 4267 quod
667 4201 708 4252 ait
726 4201 778 4254 hoo
798 4203 944 4268 speculum
958 4203 983 4254 si
997 4217 1176 4270 quaeramus,
1191 4217 1253 4269 pro·

105 4278 164 4334 lecto
177 4285 245 4340 illud
263 4289 398 4354 occurrit,
411 4289 486 4356 quod
505 4291 536 4342 iu
556 4292 670 4358 speculo
689 4291 749 4344 nisi
769 4291 862 4356 imago
881 4307 937 4344 uon
957 4293 1095 4344 cernitur.
1115 4293 1173 4344 Hoc
1187 4307 1253 4356 ergo

107 4367 183 4426 iecere
197 4379 287 4430 eonati
306 4394 413 4444 sumus,
433 4383 466 4432 ιι
485 4395 536 4447 per
549 4381 701 4445 imaginem
715 4381 788 4434 hano
802 4382 877 4449 quod
896 4397 947 4434 nos
967 4397 1074 4448 sumus,
1092 4381 1253 4434 videremus

110 4460 243 4530 ibamque,
257 4480 274 4517 a
286 4480 342 4531 quo
361 4465 432 4518 lacti
452 4481 557 4532 sumus,
573 4470 717 4532 tamquam
731 4483 782 4533 per
800 4469 967 4534 speculum„
989 4468 1029 4519 ib.
1042 4485 1070 4519 u.
1084 4469 1127 4519 14.

1109 4572 1126 4606 s
