3394 5056
393 453 541 524 tentiem
557 473 663 522 esser
682 473 893 522 communem
909 451 1062 522 omnium
1083 449 1233 521 eliorum
1256 449 1445 520 Dootorum
1457 452 1582 541 (prse-

392 569 447 634 ter
468 561 725 653 Augustinum)
742 560 889 630 memore
906 582 1122 650 greonem,
1137 581 1241 652 quom
1254 557 1330 650 ipse
1341 559 1583 650 Augustinus

395 693 462 739 non
486 671 711 760 improbet.»

461 778 555 861 Quis
577 777 728 848 omnium
758 771 951 847 sententies
979 775 1175 846 exscribere
1203 775 1347 866 longum
1378 779 1492 859 esset,
1527 774 1583 843 oi·

395 887 477 956 tabo
507 886 585 956 loeo
615 906 703 978 quse
732 884 807 976 legi
837 890 1006 976 possunt,
1036 891 1073 954 et
1102 907 1145 952 ex
1175 883 1222 953 iis
1248 905 1361 975 penes
1394 881 1579 952 delibabo.

393 993 563 1084 Origenes
589 993 627 1062 in
656 993 755 1062 Rom.
781 992 808 1062 1.
827 992 876 1060 H.
896 1017 930 1062 n.
947 993 981 1062 7.
999 993 1032 1060 8.
1051 990 1092 1060 9:
1122 991 1314 1062 elireeous
1343 991 1380 1060 id
1410 997 1466 1060 eet
1489 1013 1582 1080 gen-

393 1101 490 1186 tilis,
517 1100 568 1184 si,
597 1123 675 1170 oum
698 1099 810 1190 legem
833 1122 902 1168 non
926 1099 1076 1185 hebeat,
1102 1099 1176 1190 ipse
1198 1099 1268 1168 sibi
1289 1097 1347 1168 lex
1374 1103 1430 1168 est
1455 1105 1580 1166 osten-

393 1209 478 1278 dens
501 1231 588 1298 opus
611 1205 702 1298 legis
726 1209 763 1276 in
787 1207 889 1276 eorde
908 1229 983 1291 suo,
1009 1213 1046 1276 et
1068 1207 1229 1274 naturali
1243 1209 1382 1274 ratione
1397 1207 1578 1286 immotus,

393 1317 487 1385 siout
511 1314 669 1384 videmus
692 1315 879 1384 nonnullos
902 1315 940 1384 in
963 1315 1148 1404 gentibue,
1167 1313 1225 1384 vel
1247 1313 1423 1384 iustitiam
1451 1319 1581 1383 tenent

393 1424 451 1496 vel
474 1424 672 1494 oestitetem
696 1429 871 1492 servet...
900 1423 969 1492 iste
992 1423 1079 1493 lieet
1101 1423 1238 1494 elienus
1261 1445 1283 1492 e
1304 1423 1384 1493 vite
1406 1421 1581 1492 videatur

394 1538 547 1616 aeterne,
567 1535 653 1622 quio
675 1555 743 1596 non
768 1529 876 1597 eredit
908 1527 1104 1598 chriseu...
1130 1529 1275 1600 videtur
1313 1537 1452 1615 temen,
1480 1527 1580 1622 quod

394 1640 559 1708 bonorum
590 1661 732 1730 operum
766 1637 916 1728 glorium
945 1643 982 1706 et
1007 1637 1171 1707 honorem
1205 1645 1242 1708 et
1275 1659 1393 1729 peoem
1427 1637 1578 1728 perdere
1677 1651 1678 1662 ¹

394 1747 534 1836 penitus
557 1768 627 1814 non
649 1744 816 1836 possit...
836 1743 886 1832 (1)
901 1743 1088 1816 Naturalis
1103 1745 1160 1814 lex
1177 1747 1396 1812 communiter
1418 1745 1580 1812 omnibus

395 1853 587 1920 hominibus
613 1855 713 1922 inest.
736 1879 753 1914 n
771 1853 871 1922 Hono
894 1851 1063 1944 Origenes
1086 1852 1179 1944 epod
1213 1851 1365 1922 Paulum
1398 1851 1580 1942 intelligit

393 1961 517 2051 legem,
538 1989 555 2024 a
573 1985 677 2052 quom
697 1975 815 2050 gentes
837 1961 964 2026 sentire
986 1959 1201 2028 naturaliter
1209 1973 1367 2052 possunt.
1387 1986 1405 2022 e
1422 1957 1578 2048 Chryso·

394 2077 527 2138 stomus
540 2069 630 2137 hom.
650 2068 736 2137 XII.
754 2092 791 2136 n.
805 2067 839 2136 3.
854 2067 899 2137 ed
911 2067 1078 2159 populum
1090 2067 1361 2138 Antiooheuum:
1379 2097 1395 2132 o
1410 2066 1507 2152 Quid
1519 2071 1581 2135 est

393 2175 450 2244 lex
473 2176 677 2246 naturalis?
692 2175 947 2246 Conscientiam
966 2173 1062 2245 Deus
1073 2175 1173 2244 nobis
1185 2175 1365 2262 lormevit,
1383 2183 1420 2246 et
1439 2175 1574 2258 effecit,

396 2291 437 2354 ut
451 2309 473 2352 o
488 2285 586 2352 nolis
604 2287 690 2374 ipsis
706 2299 825 2374 sponte
841 2285 997 2352 laureum
1014 2283 1207 2352 toleremus
1223 2288 1450 2376 cognitionem
1473 2283 1578 2349 bono·

394 2417 470 2458 rum
486 2407 519 2458 et
534 2395 785 2460 contrariorum
803 2385 1029 2482 (dorolitanae
1045 2389 1166 2462 ἑποιησε
1187 2415 1241 2460 την
1264 2415 1372 2484 yur-rore
1396 2385 1578 2456 vernalem

395 2527 426 2566 κ.
441 2494 503 2588 λ.).
529 2500 607 2570 Non
630 2499 721 2568 enim
745 2523 831 2590 opus
864 2500 1030 2571 hebemus
1061 2502 1218 2586 dieoere,
1245 2501 1336 2594 quod
1370 2497 1501 2568 melum
1525 2495 1579 2565 eit

395 2607 583 2676 fornicatio
605 2613 641 2676 et
663 2607 789 2676 bonum
813 2607 1040 2694 continentie,
1059 2609 1120 2678 sed
1136 2607 1360 2699 originaliter
1377 2603 1441 2694 (ἀπ’
1455 2599 1571 2699 ἀρχης)

395 2716 459 2784 hoo
481 2715 621 2786 seimus.
642 2715 906 2808 »Prosequitur
938 2715 976 2786 S.
993 2717 1143 2802 Dootor,
1173 2717 1250 2788 ideo
1272 2717 1408 2803 Deum,
1435 2715 1577 2809 quondo

394 2825 550 2914 positive
579 2823 795 2895 revelatione
825 2825 1008 2916 prohibuit
1038 2847 1127 2920 quse
1157 2825 1214 2896 lex
1244 2826 1420 2896 naturalis
1450 2831 1574 2910 vetet,

395 2932 603 3024 simpliciter
626 2931 777 3018 dixisse,
803 2957 870 3000 non
895 2933 1040 3017 occides,
1065 2957 1128 3005 neo
1162 2933 1363 3004 eddidissez
1389 2935 1473 3028 quie
1507 2934 1576 3004 hoo

394 3039 524 3108 melum
545 3047 623 3128 est,
652 3062 777 3124 anem,
803 3039 940 3132 inquit,
972 3047 1052 3110 ente
1079 3063 1336 3134 preeoeonpens
1360 3043 1577 3112 conscientie

393 3147 457 3216 hoe
480 3170 542 3215 nos
566 3147 697 3215 doouit.
719 3173 735 3208 n
754 3145 828 3215 Hoo
852 3147 975 3216 deinde
999 3147 1181 3218 confirmet
1211 3172 1253 3218 ex
1289 3149 1408 3220 verbie
1441 3147 1571 3218 Peuli:

393 3254 529 3346 quondo
552 3273 718 3322 exoueere
741 3275 777 3320 se
800 3251 921 3322 volent
943 3253 1106 3343 gentiles,
1127 3255 1217 3347 quod
1241 3255 1480 3344 legislatorem
1502 3277 1574 3324 non

394 3360 594 3444 habuerint,
613 3382 682 3428 nou
703 3358 861 3448 Moysen,
880 3382 947 3428 non
964 3359 1163 3452 prophetes,
1181 3383 1249 3430 non
1264 3361 1485 3452 Apostolum,
1504 3383 1575 3431 non

393 3467 682 3557 Evangelietem,
718 3497 735 3532 a
766 3467 899 3536 Paulus
938 3468 1179 3554 demonstret,
1218 3471 1382 3540 habuisse
1423 3493 1481 3540 eos
1522 3469 1575 3538 le-

394 3599 473 3666 gem
506 3597 609 3668 quam
644 3597 666 3642 e
693 3597 729 3644 se
761 3575 848 3665 ipsis
879 3575 1077 3646 didicerant
1106 3571 1334 3664 (ἀυτοδιδακτον
1354 3575 1468 3666 νομον);
1494 3601 1574 3647 eum

394 3681 485 3750 euim
508 3689 630 3772 gentes
652 3703 740 3774 quse
763 3681 875 3772 legem
898 3706 967 3752 non
993 3683 1143 3768 habent,
1168 3685 1381 3756 naturaliter
1411 3708 1453 3756 ee
1483 3709 1574 3779 quse

395 3789 485 3878 legis
508 3798 591 3858 sunt
614 3790 762 3875 feoiunt,
789 3790 858 3881 ipsi
882 3792 950 3860 sibi
975 3799 1059 3860 sunt
1081 3791 1150 3862 lex.
1171 3819 1188 3856 n
1207 3791 1291 3862 Peri
1308 3793 1406 3865 modo
1419 3795 1510 3864 hom.
1524 3791 1571 3864 V.

396 3897 433 3964 in
457 3898 554 3966 Rom.
572 3897 690 3966 eedem
707 3899 813 3968 verbe
828 3899 931 3968 Penli
944 3900 1213 3989 interpretetur:
1231 3930 1248 3965 u
1266 3901 1405 3972 Sufficit
1420 3901 1574 3993 prolege

396 4005 608 4074 conscientie
641 4012 678 4074 et
710 4007 898 4076 rationulis
930 4009 1100 4100 cogitatio
1127 4007 1312 4100 (loyrepoeij
1326 4009 1383 4081 his
1418 4009 1574 4080 ostendit

459 4181 501 4260 (1)
520 4187 564 4240 Ex
586 4187 651 4255 ipse
671 4187 758 4242 huius
779 4189 898 4242 honoris
911 4195 941 4244 et
961 4192 1040 4258 pacis
1059 4193 1241 4262 oppositione
1263 4193 1299 4248 ed
1319 4194 1408 4249 vitem
1428 4199 1574 4250 aeterum

397 4281 486 4346 petet,
507 4277 658 4344 origenem
676 4293 732 4330 non
753 4293 836 4345 posse
856 4295 917 4334 esee
938 4287 1099 4350 suspectum
1117 4285 1234 4351 erroris,
1255 4301 1287 4340 eo
1307 4287 1333 4340 ri
1355 4288 1489 4354 operibus
1506 4305 1574 4355 geu-

398 4368 495 4420 tilium
511 4369 666 4436 positivum
684 4368 837 4422 meroedenr
854 4375 999 4426 seternen
1019 4373 1220 4429 attribuisset.
1235 4375 1279 4430 01.
1293 4375 1453 4442 surgun.
1467 4379 1502 4433 de
1515 4386 1573 4450 spi·

397 4456 456 4508 ritu
477 4463 506 4509 et
525 4459 626 4512 littere
645 4457 732 4524 u.48;
753 4458 918 4526 Hieronyn.
934 4461 964 4515 in
985 4463 1085 4518 Eseoh.
1097 4466 1202 4520 XXIX.
1215 4465 1285 4534 opp.
1298 4467 1368 4522 Π
1382 4485 1410 4536 p.
1425 4469 1487 4523 358.
