3224 5068
547 368 585 382 -
606 337 661 397 341
689 368 726 381 -

70 447 167 511 rante
189 441 378 510 luciferum
394 468 410 503 n
436 446 504 509 ete.
530 440 647 533 Atque
663 439 745 509 iude
760 440 817 508 vel
833 440 988 510 infertur
1005 441 1062 509 vel
1077 440 1224 509 subiun-

65 549 148 638 gitur
171 549 374 634 existentia,
399 550 437 618 iu
460 570 530 641 qua
551 571 615 618 neo
637 556 776 640 tempus
800 555 939 618 estnec
963 549 1038 616 ulla
1061 547 1222 617 mutatio.

67 657 189 726 «Initio
212 664 254 726 tn
277 657 422 726 Domine
445 661 576 726 terram
599 657 770 741 fundasti,
790 662 825 726 et
839 678 943 747 opera
967 679 1131 724 mannum
1148 661 1225 724 tua·

65 787 128 832 rum
149 769 235 832 sunt
258 763 365 850 coeli;
390 763 461 854 ipsi
485 763 661 854 peribunt,
687 773 729 832 tu
751 769 869 830 autem
881 786 1100 851 permanes...
1114 768 1225 830 muta·

64 872 192 956 buntur,
219 877 261 940 tu
283 878 401 939 autem
426 869 514 938 idem
537 874 610 960 ipse
633 895 677 952 es,
702 877 737 938 et
760 869 844 938 anui
867 869 922 938 tui
946 895 1013 936 non
1037 869 1223 959 deficient»

65 979 111 1046 Ps.
122 978 177 1048 CI.
190 979 428 1068 (102.)25·28;
448 979 648 1048 LXXXIX.
665 978 794 1066 (90.)2;
812 979 962 1048 Eoelesi.
974 977 1089 1046 XLII.
1100 975 1223 1044 2122.

65 1086 235 1156 Successio
257 1094 364 1179 atque
386 1087 463 1156 ideo
486 1086 686 1156 deficientia
708 1093 764 1155 est
782 1086 884 1154 annis
900 1091 936 1154 et
950 1085 1098 1174 tempori
1114 1105 1226 1152 essen·

63 1193 171 1279 tialis,
199 1217 240 1263 eo
263 1216 347 1284 ergo
374 1196 450 1285 ipso
474 1194 565 1285 quod
588 1193 672 1264 anni
697 1193 765 1262 Dei
796 1194 964 1262 dicuutur
994 1189 1227 1260 immutabilia

65 1302 294 1390 permanentia
315 1301 353 1369 in
377 1302 590 1393 oppositione
605 1301 650 1370 ad
666 1303 894 1371 mutationem
911 1307 946 1370 et
963 1300 1225 1382 successionem,

64 1411 136 1477 anui
159 1410 222 1502 qui
249 1432 332 1500 pars
359 1415 443 1480 suut
472 1409 657 1500 temporis,
683 1417 872 1500 negantur.
902 1439 919 1473 c
945 1409 1016 1491 Qui
1039 1412 1122 1475 sunt
1144 1404 1228 1473 anui

64 1517 115 1607 qui
139 1540 210 1586 nou
234 1518 413 1604 deliciunt,
439 1517 510 1586 nisi
538 1519 600 1610 qui
623 1519 743 1586 stant?
767 1517 807 1586 si
831 1540 913 1608 ergo
936 1517 987 1585 ibi
1009 1515 1092 1584 anni
1116 1519 1226 1596 stunt,

64 1625 179 1717 stipsi
201 1626 286 1695 anni
309 1626 369 1717 qui
393 1631 503 1712 stant,
529 1649 622 1695 unus
645 1649 758 1694 annus
780 1634 845 1713 est;
864 1632 900 1695 et
915 1627 987 1717 ipse
1005 1647 1097 1692 uuus
1116 1643 1229 1688 annus

65 1733 116 1825 qui
139 1741 224 1820 stat,
243 1757 336 1803 unus
351 1734 425 1804 dies
444 1740 545 1804 est...
559 1736 619 1804 sed
636 1741 710 1804 stat
733 1757 866 1826 semper
889 1734 951 1803 ille
975 1733 1061 1817 dies,
1080 1737 1116 1800 et
1138 1727 1229 1822 quod

65 1841 123 1926 ris,
138 1865 243 1911 vocas
256 1843 357 1910 illum
370 1842 474 1911 diem:
490 1843 521 1911 si
533 1842 602 1928 vis,
618 1843 701 1911 anui
717 1849 812 1931 suut;
828 1842 858 1911 si
872 1843 939 1928 vis,
951 1841 1025 1910 dies
1037 1845 1102 1908 est.
1114 1835 1229 1919 Quod·

65 1971 200 2042 cumque
216 1949 443 2039 cogitaveris,
462 1955 536 2018 stat
550 1955 698 2019 tamenn
724 1949 819 2040 Aug.
838 1949 876 2017 in
892 1952 949 2018 Pe.
963 1948 1089 2016 CXXI.
1109 1972 1144 2018 n.
1163 1949 1196 2016 6.

120 2057 172 2126 3⁸⁰.
185 2057 277 2126 Hinc
299 2058 364 2126 Dei
387 2058 623 2148 permanentia
645 2063 683 2126 et
698 2057 839 2128 duratio
855 2057 1055 2126 successiva
1070 2057 1230 2126 diversae

65 2161 157 2250 plane
178 2161 329 2230 rationis
352 2183 427 2230 esse
449 2155 678 2246 monstratur,
704 2161 758 2230 ita
781 2168 822 2231 ut
845 2161 882 2229 in
906 2184 947 2230 ea
967 2162 1060 2230 nihil
1076 2168 1230 2252 praeter-

65 2271 125 2350 eat,
150 2265 243 2334 nihil
266 2266 445 2353 adveniat;
464 2267 524 2334 sed
540 2265 693 2335 sitacus
715 2273 932 2357 perpetuum.
957 2267 1032 2335 Hoc
1060 2266 1231 2358 imprimis

66 2371 256 2442 declaratur
277 2374 315 2441 iu
336 2373 592 2464 comparatione
615 2374 783 2465 temporis
806 2399 883 2443 cum
907 2375 1146 2465 permanentia
1164 2374 1230 2443 Dei

65 2481 334 2571 expressionibus
356 2481 442 2551 lioet
464 2505 532 2550 non
554 2481 807 2572 metaphysicis
831 2482 919 2551 satis
942 2488 1058 2552 tamen
1074 2482 1231 2551 luculen-

65 2587 119 2672 tis,
144 2588 359 2658 ubidicitur
383 2611 498 2658 coram
516 2590 588 2658 Deo
611 2612 686 2659 esse
709 2596 846 2680 tempus
870 2589 1112 2658 brevissimum
1137 2588 1231 2658 sicut

66 2693 318 2786 longissimum,
344 2703 381 2767 et
403 2697 559 2766 vicissim
586 2697 830 2788 longissimum
861 2703 1037 2790 tamquam
1064 2696 1229 2766 brevissi-

66 2829 160 2892 mum,
185 2813 227 2875 ut
247 2805 322 2874 dies
345 2828 448 2892 uuus,
467 2806 524 2875 vel
547 2829 614 2898 quo
637 2806 675 2874 iu
696 2806 874 2875 homiuum
897 2805 1139 2875 aestimatione
1155 2806 1229 2874 bra·

66 2913 139 2982 rius
159 2913 250 2982 nihil
275 2919 340 2998 est,
359 2919 402 2982 ut
420 2943 436 2978 a
454 2913 528 2982 dies
551 2913 728 2999 hesterna,
755 2937 842 3006 quae
867 2913 1083 3004 praeteriitn
1101 2914 1134 2981 2.
1151 2915 1226 2983 Pet.

66 3018 126 3090 ΠΙ.
140 3021 171 3108 8;
191 3023 249 3090 Pe.
268 3021 469 3089 LXXXIX.
488 3020 991 3107 (90.)4;Eoclesi.XV111.8.
1018 3019 1231 3088 Declaratur

66 3122 177 3195 deinde
199 3125 394 3194 aeternitas
417 3125 463 3194 iis
486 3123 585 3210 locis,
612 3126 739 3217 quibus
764 3140 824 3208 est,
850 3141 925 3193 erar
947 3130 983 3194 et
1007 3127 1074 3191 erit
1097 3125 1133 3193 in
1157 3124 1229 3192 Deo

66 3229 234 3302 indicatur
256 3239 435 3324 tamquam
458 3257 566 3301 uuum
590 3233 806 3302 immutabile
823 3235 922 3316 Esse,
942 3240 1047 3326 atque
1071 3233 1124 3301 ita
1146 3240 1229 3301 tem·

68 3359 177 3426 porum
203 3339 425 3409 differentiae
447 3347 624 3430 negantur
640 3341 703 3428 (1).
722 3342 779 3411 cf.
802 3363 910 3432 supra
932 3341 985 3410 th.
1006 3341 1125 3410 XXII.
1143 3365 1178 3408 u.
1196 3337 1226 3408 I.

126 3447 168 3514 4⁰.
186 3445 426 3516 Disertissime
449 3447 640 3516 aeternitas
652 3445 719 3516 Dei
742 3447 1001 3517 demonstratur
1016 3447 1053 3516 in
1071 3448 1229 3538 Scriptu-

69 3551 123 3637 ris,
146 3555 205 3623 ubi
232 3553 426 3622 intrinseca
448 3553 525 3623 eius
547 3553 640 3623 ratio
663 3553 865 3624 declaratur
887 3554 925 3622 in
942 3555 1018 3645 ipso
1034 3555 1229 3624 necessario

69 3665 102 3726 et
119 3661 329 3732 immutabili
351 3662 440 3730 Esse
460 3661 633 3730 absoluto.
662 3690 679 3725 c
695 3661 772 3751 Ego
796 3684 906 3730 sumn
931 3661 1043 3730 Exod.
1069 3663 1137 3731 111.
1159 3667 1226 3732 eto.

73 3768 285 3864 «Antequam
306 3769 486 3838 Abraham
508 3769 621 3853 fieret,
648 3792 707 3858 epo
730 3793 836 3836 somn
863 3769 1020 3839 Io.VIII.
1038 3771 1094 3837 58.
1123 3769 1229 3859 «Ego

128 4093 166 4168 (1)
183 4099 217 4151 In
236 4099 312 4151 huno
336 4113 449 4150 sensum
470 4099 526 4152 PP.
541 4101 709 4152 constanter
731 4098 879 4165 explicant
899 4095 974 4150 illud
993 4097 1228 4176 Ps.11.7.gego

74 4183 145 4236 hotta
164 4188 248 4253 gaunt
263 4190 302 4242 te.
317 4207 329 4236 s
344 4187 415 4240 Nam
431 4187 518 4240 adles
536 4187 584 4240 illi
605 4188 668 4240 sine
688 4187 743 4240 flue
763 4185 835 4240 dicti
855 4188 924 4239 sunt
940 4183 1011 4252 dies,
1030 4185 1163 4240 etdIetus
1184 4187 1231 4238 est

76 4269 156 4328 dies...
170 4277 227 4342 Ego
240 4275 325 4330 hodls
343 4276 430 4342 genui
444 4279 485 4331 te.
497 4277 537 4330 Et
554 4275 603 4329 illi
616 4275 679 4330 dies
697 4291 770 4329 unus
789 4275 860 4342 dies,
880 4274 948 4342 quta
964 4274 1021 4327 iam
1039 4291 1090 4329 neo
1106 4279 1227 4344 tempium

77 4357 127 4416 dier
136 4365 184 4420 ills
195 4382 247 4421 uec
259 4367 295 4420 ab
315 4365 449 4419 hesterno
468 4365 659 4434 praeceditur,
678 4381 730 4420 uec
746 4365 901 4420 corastiuo
918 4365 1083 4420 excluditur
1095 4387 1108 4415 n
1120 4363 1228 4429 Mus.

77 4465 145 4508 tarn.
154 4455 197 4510 88.
215 4457 249 4512 ds
264 4457 345 4511 verb.
359 4456 412 4512 Er.
424 4457 530 4512 llatth.
541 4472 570 4510 n.
582 4457 625 4510 10.
639 4459 670 4511 et
682 4457 754 4511 alibi
766 4471 861 4525 saepe.
