3360 5060
615 385 652 398 ..
674 353 735 414 669
757 384 794 398 ..

112 482 147 527 a.
166 457 200 528 2.
219 459 379 528 Profecto
395 457 426 526 ei
450 457 573 526 electio
597 457 635 524 iu
657 457 806 546 gloriam
823 457 1021 526 formaliter
1036 461 1192 547 spectata
1207 479 1286 545 sup·

102 567 214 657 ponit
236 566 421 635 discrimen
444 565 540 634 inter
564 567 667 634 bonos
699 571 736 634 et
766 565 895 649 malos,
921 587 962 634 ea
985 565 1138 655 pertinet
1161 564 1205 632 ad
1230 586 1286 632 vo·

111 673 287 741 imitatem
311 676 573 763 consequentem
596 672 658 757 (cf.
676 671 869 760 Augustis.
889 694 996 762 supra
1011 697 1045 762 p.
1059 671 1155 758 579.)
1171 672 1234 760 (1).

181 779 278 863 Quae
302 780 333 848 si
357 780 408 848 ite
430 785 525 862 sunt,
551 779 635 848 haec
659 777 913 862 tricenteno,
939 779 1076 861 electio,
1098 778 1288 868 praedesti·

111 891 212 952 notio
235 886 329 975 apud
352 884 388 954 S.
410 885 476 954 rh.
495 909 563 954 non
586 886 856 974 distinguuntur
879 886 972 955 inter
992 907 1028 954 se
1042 909 1093 972 eo,
1112 887 1202 978 quod
1219 907 1289 952 una

110 997 162 1065 sit
186 995 380 1065 voluntatis
402 995 640 1064 antecedentis
674 994 787 1064 altera
821 995 1088 1088 consequentis,
1114 995 1174 1064 sed
1205 1001 1289 1064 sunt

110 1125 222 1195 aeque
245 1127 354 1170 omnes
377 1105 566 1170 voluntatis
591 1107 834 1194 consequentis,
861 1127 922 1172 neo
941 1104 1213 1193 distinguuntur
1232 1127 1287 1168 ro-

112 1213 208 1278 tions
231 1213 461 1292 terminos-cm,
479 1211 524 1280 ed
541 1233 627 1302 quos
652 1212 856 1280 referuntur
880 1211 941 1298 (oi.
954 1211 1084 1280 Suarez
1101 1210 1142 1279 de
1161 1208 1284 1278 Praed.

108 1318 188 1387 1.1.
215 1341 245 1388 o.
264 1318 335 1404 11).
370 1319 544 1386 Teo-minos
573 1318 664 1386 enim
696 1318 876 1406 completos
906 1318 1054 1386 omnium
1091 1319 1199 1385 trium
1234 1323 1289 1384 est

109 1432 190 1494 tota
213 1426 322 1494 series
347 1425 588 1496 beneficiorum
619 1425 684 1494 Dei
707 1449 728 1492 a
753 1427 864 1517 prima
898 1427 1019 1516 gratia
1052 1449 1129 1494 oum
1160 1425 1288 1492 effectu

111 1532 302 1602 coniuncta
327 1555 434 1624 usque
457 1533 502 1600 ed
526 1531 676 1602 salutem
701 1532 916 1622 completam,
935 1543 971 1602 et
988 1535 1151 1599 terminus
1167 1535 1289 1597 incom-

103 1640 204 1730 plets
237 1655 405 1728 spectatos
429 1651 482 1708 est
507 1639 562 1708 vel
585 1641 705 1730 gratia
727 1640 784 1709 vel
807 1641 934 1730 gloria.
963 1639 1152 1708 Distinctio
1176 1639 1287 1706 solum

109 1753 168 1814 est
190 1745 226 1814 in
250 1745 389 1814 formali
407 1753 585 1836 conceptu:
605 1744 744 1812 dilectio
769 1746 859 1814 enim
876 1745 1072 1814 formaliter
1095 1752 1150 1814 est
1165 1744 1286 1812 volun·

109 1857 170 1920 tae
193 1851 468 1921 communicandi
491 1851 556 1920 illa
580 1852 745 1921 beneficia
769 1852 1066 1941 supernaturalia,
1092 1851 1210 1918 electio
1234 1856 1288 1920 eet

109 1957 230 2026 eadem
254 1959 419 2027 voluntas
442 1981 520 2027 cnm
543 1958 770 2048 superaddita
793 1959 945 2044 notione,
972 1959 1060 2050 qnod
1085 1958 1170 2028 haee
1200 1980 1286 2027 com·

110 2065 304 2134 municutio
327 2067 481 2134 refertur
504 2065 548 2134 ad
572 2091 675 2131 cotom
694 2090 782 2156 prae
797 2066 921 2148 oltero;
939 2065 1215 2156 praedestinatio
1233 2071 1288 2136 est

109 2173 262 2262 ipsamet
285 2172 428 2242 dilectio
451 2179 487 2242 et
508 2173 633 2242 electio
656 2173 778 2242 addita
809 2173 949 2242 formali
984 2173 1123 2242 notione
1148 2173 1286 2240 ordino·

111 2281 219 2345 tionis
243 2277 290 2346 od
306 2281 409 2368 finem
441 2303 517 2350 cum
549 2279 733 2349 infallibili
764 2279 976 2349 certitudine
1009 2281 1122 2371 ipsius
1156 2281 1284 2352 exitus.

109 2386 212 2456 Unde
242 2393 360 2476 patet,
396 2388 563 2480 quomodo
593 2388 695 2456 iuxta
725 2387 918 2458 doctrinam
943 2387 980 2458 S.
1001 2389 1152 2458 Thomas
1175 2389 1215 2457 ll.
1234 2413 1286 2460 cc.

110 2497 252 2564 dilectio
276 2499 312 2566 in
336 2521 399 2566 suo
423 2498 562 2567 formali
579 2505 746 2588 conceptu
770 2499 818 2568 sit
842 2498 977 2566 ratione
994 2499 1090 2589 prior
1105 2498 1284 2586 electione,

108 2611 148 2674 et
172 2606 287 2673 electio
311 2606 445 2675 ratione
469 2605 566 2697 prior
589 2605 918 2695 praedestinatione.
940 2606 1134 2696 Conceptus
1150 2606 1287 2676 seilicet

110 2715 443 2806 praedestinationis
467 2715 619 2783 includit
643 2714 844 2784 electionem
859 2719 894 2783 et
910 2713 1144 2799 dilectionem,
1162 2713 1287 2806 hisque

109 2823 265 2914 aliquem
290 2830 406 2890 notam
432 2822 659 2912 superaddit;
687 2823 780 2891 siout
802 2829 838 2890 et
860 2821 984 2890 electio
1015 2821 1168 2891 includit
1202 2822 1285 2892 dile·

110 2929 259 3000 ctionem
282 2929 402 3020 aliqua
423 2936 507 2998 nota
531 2929 769 3020 superaddita.
797 2929 865 2998 Sed
888 2953 930 2998 ne
954 2928 1019 2997 hac
1043 2929 1182 2999 notione
1199 2931 1286 3020 prio·

109 3037 163 3106 ris
184 3043 222 3106 et
245 3036 449 3128 posterioris
473 3037 652 3121 fallamur,
678 3037 896 3106 retinendum
913 3042 978 3120 est,
997 3035 1062 3106 hoc
1078 3037 1199 3106 ordine
1215 3037 1287 3106 tria

106 3142 175 3214 illa
198 3165 270 3212 sese
285 3143 455 3234 excipere,
475 3143 610 3235 qnando
634 3143 677 3211 ad
701 3144 846 3212 eundem
863 3144 1049 3214 terminum
1064 3145 1282 3228 referuntur,

109 3252 147 3320 h.
167 3271 196 3318 e.
217 3250 354 3342 quando
370 3249 484 3317 omnia
500 3251 573 3318 tria
590 3255 792 3339 spectentur
813 3249 868 3319 vel
885 3272 968 3340 prae
984 3258 1059 3320 tota
1082 3252 1171 3321 serie
1188 3252 1284 3320 bene·

108 3357 268 3428 liciorum
292 3357 329 3425 in
353 3355 546 3447 complexu,
575 3357 630 3425 vel
654 3377 737 3446 prae
760 3357 893 3447 gratie,
919 3357 976 3427 vel
992 3381 1075 3448 prae
1099 3358 1225 3450 glorie.
1247 3359 1286 3430 Si

108 3465 204 3535 enim
221 3465 345 3536 electio
357 3489 387 3535 e.
402 3489 438 3556 g.
454 3471 670 3556 spectaretur
685 3487 767 3555 prae
780 3464 894 3555 gloria
911 3465 1034 3550 solum,
1049 3473 1085 3535 et
1096 3466 1284 3556 praedesti·

109 3572 210 3641 natio
225 3594 309 3664 pree
327 3573 458 3662 gratia,
476 3580 550 3640 tum
577 3593 659 3641 sene
676 3571 951 3662 praedestinatio
978 3573 1199 3664 praecederet
1219 3573 1285 3644 ele·

110 3680 272 3750 ctionem.

178 3785 337 3858 Conterri
357 3793 473 3878 potest
487 3786 529 3855 de
544 3792 710 3877 conceptu
726 3792 762 3854 et
776 3792 900 3856 mutue
917 3786 1087 3858 relatione
1097 3789 1283 3876 propositi,

109 3893 286 3962 electionis
315 3897 351 3962 et
377 3891 709 3982 praedestinationis
739 3893 931 3962 declaratio
955 3893 991 3963 S.
1018 3893 1285 3962 Bonaventurne

108 4003 148 4070 iu
172 4000 204 4068 1.
223 3999 381 4068 distet
402 4002 484 4069 ae.
505 4025 537 4090 q.
556 4000 589 4068 2.
608 4000 652 4069 ad
674 3999 708 4068 2.
745 3999 997 4085 «Notandum,
1024 4000 1114 4093 quod
1145 4000 1182 4069 in
1213 4001 1285 4070 Deo

109 4108 200 4177 idem
225 4115 309 4176 sunt
326 4111 563 4198 propositum,
594 4106 867 4197 praedestinatio
893 4123 924 4174 et
948 4108 1064 4176 electio
1097 4109 1284 4178 secundnm

175 4270 219 4348 (1)
237 4276 291 4328 Hic
311 4278 407 4343 magni
426 4277 517 4330 refert
534 4278 688 4331 recoluisse
710 4291 824 4330 sensnm
846 4277 1011 4344 genuinum,
1030 4291 1085 4344 quo
1106 4276 1284 4331 aS.'lhome

110 4365 164 4420 Dei
184 4367 362 4419 voluntatem
383 4365 595 4420 antecedentem
612 4371 643 4420 et
664 4371 882 4433 consequentem
903 4366 1009 4420 salutis
1033 4366 1173 4420 homenes
1193 4365 1285 4432 expli·

109 4455 171 4509 ceri
190 4453 450 4510 demonstravimus
470 4471 559 4524 snpra
578 4473 606 4524 p.
622 4455 684 4508 tta.
697 4455 762 4508 tto.
