3444 5054
915 357 954 374 —
974 319 1035 388 ale
1055 357 1093 371 -

411 457 441 504 o.
461 435 516 522 243
531 434 639 504 Civit.
650 433 715 502 Dei
726 432 751 500 l.
763 431 828 500 XI.
841 433 908 502 cl.
920 431 975 499 29.
986 430 1076 499 Vide
1089 429 1220 498 Suarez
1233 429 1274 498 de
1289 428 1360 496 Deo
1375 427 1461 494 1.11.
1477 449 1508 495 c.
1521 427 1576 514 283

410 543 570 612 Lessium
593 543 633 610 de
658 540 796 610 Summo
819 541 906 607 bono
928 537 1125 607 1.11.e.9.
1146 536 1200 606 10.

472 652 519 721 4⁰.
537 651 640 719 Beati
656 648 955 738 comprehensores
971 669 1086 715 omnes
1101 653 1178 714 tum
1193 644 1312 735 angeli
1325 650 1400 712 tum
1417 641 1574 710 homines

408 763 485 844 (seu
507 758 642 825 animae
665 756 799 840 beatae)
816 755 994 844 pertinent
1016 753 1060 821 ad
1078 752 1259 820 coelestem
1274 749 1510 818 hierarchiam
1526 747 1577 815 di·

407 865 520 934 versis
542 863 711 952 gradibus
746 861 974 951 dispositam:
993 865 1076 928 sunt
1110 882 1226 927 omnes
1256 857 1352 928 cives
1386 855 1578 924 Ierusalem

407 971 577 1056 coelestis,
599 992 686 1062 quae
708 976 763 1038 est
778 974 889 1036 mater
904 974 1044 1054 nostra;
1064 972 1170 1058 atque
1185 966 1270 1034 adeo
1284 970 1369 1033 sunt
1384 963 1579 1053 multiplici

406 1080 577 1149 varietate
589 1079 740 1145 membra
750 1075 939 1161 Ecclesiae,
955 1076 991 1143 in
1004 1096 1073 1167 qua
1087 1074 1275 1143 secundum
1287 1071 1463 1162 triplicem
1479 1095 1577 1140 suam

405 1185 612 1256 divisionem
634 1183 812 1253 Ecclesiae
835 1181 1102 1272 triumphantis,
1116 1179 1306 1271 purgantis
1328 1185 1365 1247 et
1387 1177 1578 1246 militantis

405 1299 459 1364 eet
481 1297 665 1360 commuuio
689 1295 888 1362 Sanctorum
895 1341 905 1373 ‚
919 1313 1020 1382 quam
1032 1289 1156 1380 inipso
1170 1288 1326 1378 symbolo
1338 1287 1420 1356 fidei
1435 1286 1577 1376 profite-

404 1425 493 1470 mur.
510 1400 688 1470 Ecclesiae
711 1400 825 1468 adhuc
848 1398 1015 1468 interris
1038 1396 1210 1465 militanti
1239 1395 1372 1464 dictum
1395 1400 1462 1463 est:
1484 1423 1502 1458 e
1519 1415 1575 1462 ac·

403 1508 559 1577 cessistis
581 1509 625 1576 ad
651 1508 734 1576 Sicu
758 1514 919 1591 montem,
945 1513 981 1574 et
1004 1505 1186 1574 civitatem
1200 1503 1266 1572 Dei
1290 1503 1458 1587 viventis,
1477 1502 1576 1570 Ieru-

404 1615 510 1684 salem
533 1614 725 1700 coelestem,
745 1620 781 1682 et
801 1615 990 1681 multorum
1014 1611 1165 1680 millium
1188 1611 1392 1700 angelorum
1415 1614 1577 1702 frequen-

401 1723 488 1792 tiam
508 1716 711 1813 (πανηγυρει),
732 1729 768 1790 et
779 1721 971 1791 Ecclesiam
985 1721 1246 1811 primitivorum
1262 1715 1498 1810 (πρωτοτοκων),
1513 1717 1575 1810 qui

403 1831 592 1920 conscripti
616 1836 700 1898 sunt
723 1830 894 1916 incaelis,
914 1835 950 1898 et
964 1829 1114 1898 iudicem
1130 1830 1283 1898 omnium
1303 1830 1426 1914 Deum,
1445 1834 1483 1896 et
1500 1826 1575 1917 (ad)

403 1938 553 2028 spiritus
569 1939 740 2006 iustorum
758 1938 991 2028 perfectorum
1009 1965 1025 1999 o
1049 1936 1111 2024 (και
1126 1959 1273 2024 πνευμασι
1290 1930 1411 2000 deaurant
1424 1932 1574 1999 τετελειω-

400 2039 505 2130 μενων)
524 2045 611 2114 Heb.
629 2045 732 2112 XIII.
749 2045 805 2113 22.
823 2045 879 2114 23.
890 2043 1105 2134 campan.
1122 2044 1177 2112 19.
1198 2045 1314 2127 Quare
1330 2042 1466 2133 singuli
1478 2043 1574 2110 beati

401 2175 462 2242 pro
486 2151 625 2221 diverso
649 2175 711 2220 suo
735 2158 890 2221 statuet
912 2153 1038 2241 gradu,
1060 2153 1098 2220 in
1122 2175 1190 2244 quo
1214 2152 1401 2222 constituti
1425 2155 1510 2220 suut
1534 2150 1573 2218 in

401 2281 508 2348 regno
532 2259 715 2344 coelorum,
734 2260 911 2328 diversum
935 2261 1064 2329 habent
1087 2261 1242 2330 ordinem
1266 2262 1303 2328 in
1335 2259 1572 2330 communione

401 2365 617 2452 Sanctorum,
643 2375 679 2436 et
701 2367 860 2438 diversas
875 2368 1061 2438 relationes
1078 2369 1122 2437 ad
1138 2375 1247 2437 totam
1262 2369 1467 2439 Ecclesiam.
1485 2369 1570 2436 Exi-

399 2475 455 2562 git
470 2479 584 2543 autem
608 2475 685 2564 ipsa
708 2476 877 2564 perfectio
893 2476 1080 2565 spirituum
1097 2483 1423 2562 consummatorum,
1443 2482 1484 2544 ut
1499 2477 1570 2544 sin·

399 2581 477 2670 guli
501 2583 615 2649 omnia
639 2604 726 2673 quae
751 2581 797 2649 od
822 2597 949 2650 statum
972 2607 1068 2649 suam
1093 2585 1290 2674 pertinent,
1316 2583 1415 2654 modo
1443 2584 1571 2652 lumini

398 2688 532 2782 gloriae
548 2698 760 2779 congruente
772 2691 1064 2762 intellectualiter
1080 2693 1235 2763 videant.
1256 2692 1399 2782 Singuli
1416 2716 1500 2784 ergo
1517 2694 1570 2764 vi-

397 2795 482 2864 dent
504 2796 675 2887 imprimis
696 2804 806 2867 totam
829 2799 1021 2868 Ierusalem
1045 2800 1238 2870 coelestem:
1263 2830 1280 2866 u
1305 2801 1429 2871 vident
1453 2825 1569 2872 omnes

399 2902 575 2973 beatorum
598 2905 801 2995 angelorum
825 2911 862 2975 et
884 2907 1061 2976 hominum
1085 2909 1246 2995 ordines,
1272 2933 1474 2998 numerum,
1500 2935 1568 2982 me·

396 3010 490 3095 rita,
516 3012 748 3101 dignitatem,
778 3015 950 3104 gloriam;
981 3037 1047 3105 par
1080 3017 1172 3086 euim
1207 3024 1284 3104 est,
1314 3025 1356 3088 ut
1386 3021 1568 3093 civitatem

397 3137 494 3183 suam
528 3124 564 3186 at
596 3118 734 3188 domum
775 3121 887 3212 patris
922 3123 1004 3208 sui,
1043 3129 1079 3192 et
1113 3125 1243 3194 fratres
1284 3149 1365 3195 suos
1399 3134 1436 3196 et
1470 3129 1569 3200 cives

396 3223 523 3312 optime
546 3226 678 3312 norint,
697 3233 733 3295 et
756 3229 946 3298 bonitatem
969 3231 1035 3299 Dei
1059 3255 1099 3300 ac
1125 3234 1398 3303 misericordiam
1426 3235 1465 3304 in
1496 3238 1566 3306 sin-

396 3331 492 3418 gulis
508 3332 727 3404 admirentur
743 3343 777 3405 et
792 3337 938 3408 laudent
953 3367 972 3414 a
990 3339 1134 3408 Lessins
1150 3341 1192 3410 de
1209 3342 1348 3412 Summo
1366 3345 1453 3412 bono
1468 3345 1495 3413 l.
1514 3346 1563 3414 H.

395 3459 425 3504 o.
444 3438 477 3507 9.
496 3464 530 3507 n.
548 3440 603 3508 61.
619 3443 712 3511 Haec
737 3445 863 3536 quippe
887 3447 1000 3514 omnia
1016 3449 1235 3536 potissimum
1251 3451 1297 3518 ad
1313 3457 1446 3520 statum
1462 3452 1565 3522 illum

393 3547 588 3634 perfectum
611 3549 831 3639 singulorum
855 3555 1046 3643 pertinent.
1065 3556 1119 3622 Ex
1144 3557 1190 3624 iis
1214 3581 1296 3627 vero
1320 3581 1406 3651 quae
1438 3560 1476 3629 iu
1498 3561 1564 3631 Ec·

393 3653 500 3760 clesia
523 3655 597 3724 sive
621 3666 795 3748 purgante
819 3662 896 3735 sive
930 3663 1108 3734 militante
1132 3673 1167 3735 ct
1191 3665 1228 3734 iu
1252 3674 1399 3756 generes
1413 3671 1564 3738 humano

392 3765 560 3848 aguntur,
586 3764 733 3832 maxime
757 3787 844 3857 quae
868 3770 1045 3858 pertinent
1068 3771 1112 3839 ad
1136 3772 1290 3841 ordinem
1314 3783 1564 3864 supernatura·

392 3865 459 3934 lem
483 3869 620 3956 gratiae
644 3873 705 3960 (cf.
723 3873 810 3943 Luc.
830 3875 909 3945 XV.
927 3878 960 3944 7.
981 3877 1065 3963 10.),
1088 3878 1224 3969 singuli
1256 3889 1469 3970 cognoscunt
1499 3907 1560 3970 ea,

395 3997 482 4065 quae
494 3977 672 4064 pertinent
682 3981 727 4050 ad
739 3982 894 4072 ipsorum
906 3983 1102 4054 ministeria
1117 3989 1304 4058 secuudum
1317 3996 1448 4060 statum
1457 4013 1499 4062 ac
1511 4017 1562 4062 or·

394 4136 489 4210 ᾰστρρι,
503 4136 599 4211 ᾔνεσαν
612 4165 645 4210 με
659 4159 727 4218 perp
746 4154 855 4220 μεγαλῃ
875 4171 971 4212 παντες
990 4149 1104 4223 ἆγγιλοι
1123 4149 1199 4228 μου).
1219 4157 1384 4212 Univaralm
1403 4175 1438 4211 ex
1457 4160 1561 4214 hucco-

394 4228 523 4292 gniticue
542 4234 706 4296 angelorum
725 4241 754 4288 et
773 4239 920 4292 beatorum
946 4245 1028 4308 petet
1052 4245 1201 4312 responsio
1220 4247 1256 4300 ad
1276 4250 1474 4316 quaestiones,
1496 4266 1559 4318 quo·

383 4317 472 4370 modo
491 4321 583 4384 gloria
602 4323 654 4375 Dei
672 4327 873 4382 manifestetur
890 4346 942 4397 per
959 4331 1029 4384 illus
1051 4339 1207 4404 creaturas,
1230 4353 1301 4404 quaa
1323 4355 1358 4392 ue
1377 4339 1409 4392 iu
1428 4341 1559 4396 notium

393 4407 506 4472 quidem
525 4412 688 4468 mortalium
706 4431 836 4484 umquam
855 4421 1039 4486 perveniunt.
