3424 5076
898 371 935 384 -
958 341 1016 400 444
1039 371 1077 384 -

405 453 502 517 est...
518 469 587 514 non
610 450 726 513 minen
750 443 921 535 seqnitur,
939 443 1031 535 qnod
1047 441 1253 532 simpliciter
1268 441 1408 510 dicatur
1424 459 1572 508 necessa·

405 557 509 639 rium,
528 577 591 623 nec
614 553 704 645 quod
728 551 875 620 scientia
897 552 962 619 Dei
987 550 1156 634 fallatur,
1179 549 1271 618 aient
1298 557 1335 618 et
1364 549 1464 616 visus
1482 568 1573 614 meos

405 687 474 732 non
490 662 641 746 fallitur,
661 661 743 730 dnm
759 660 860 730 video
875 659 1019 729 Petrum
1035 657 1164 743 sedere,
1179 658 1338 751 quamvis
1353 655 1418 726 hoc
1437 657 1485 724 sit
1500 677 1573 724 con-

405 771 559 860 tingens.
579 796 596 832 n

474 877 716 947 corollarium.
742 873 797 942 Ex
819 873 926 943 dictis
949 872 1143 963 colligitur,
1165 893 1254 965 qnae
1276 873 1325 940 sit
1347 871 1384 940 in
1408 870 1507 938 modo
1528 868 1573 937 lo
1707 909 1708 954 ᾗ

406 985 534 1079 quendi
557 983 674 1052 cantio
696 980 904 1052 adhibenda.
921 977 1143 1066 c)Vitandae
1166 987 1249 1048 snnt
1271 977 1474 1061 locutiones,
1491 997 1574 1067 quae

406 1091 590 1161 enuntiare
618 1089 784 1159 videntur
815 1087 1080 1179 praescientiam
1103 1086 1169 1156 Dei
1191 1086 1291 1156 velut
1321 1105 1461 1156 oausam
1483 1089 1573 1152 aab·

406 1201 581 1269 cedentem
603 1197 734 1266 liberae
756 1195 1069 1279 determinationis,
1084 1217 1160 1264 cum
1184 1194 1304 1284 potins
1333 1193 1444 1262 libera
1466 1193 1573 1261 deter-

406 1309 551 1377 minatio
575 1307 623 1376 sit
646 1306 816 1376 terminus
845 1309 882 1400 et
910 1304 1063 1374 conditio
1092 1303 1179 1372 talis
1206 1303 1468 1395 praescientiae.
1501 1302 1574 1371 Non

405 1416 520 1505 igitur
544 1415 619 1482 sine
642 1412 877 1482 declaratione
907 1411 1089 1480 dicendum
1114 1417 1186 1480 est:
1210 1414 1295 1502 quic
1319 1412 1408 1478 Deus
1425 1411 1576 1499 praescit

406 1523 541 1591 'litium
563 1519 925 1612 peccaturum,'l¹itins
948 1519 1117 1610 peccabit;
1136 1519 1196 1588 sed
1219 1519 1348 1609 potius:
1365 1518 1449 1609 qnia
1461 1517 1576 1585 Titius

403 1631 571 1721 peccabit,
585 1613 763 1719 peccatum
775 1627 851 1697 eins
863 1634 917 1696 est
927 1628 1098 1696 terminus
1112 1625 1364 1718 praescientiae
1378 1625 1456 1694 Dei.
1470 1625 1503 1711 b)
1516 1623 1575 1692 Vi-

404 1738 532 1807 tandae
555 1743 641 1806 sunt
662 1736 869 1821 locutiones,
892 1736 1019 1828 quibus
1041 1734 1220 1804 enuntiari
1251 1734 1393 1804 videtur
1423 1738 1576 1824 potestas

404 1869 482 1914 cum
505 1843 694 1935 hypothesi
710 1843 961 1932 praescientiae
984 1849 1085 1912 aetus
1108 1843 1343 1933 coniungendi
1358 1842 1576 1933 negationem

404 1952 558 2022 eiusdem
581 1957 693 2036 actus;
707 1971 785 2018 cum
808 1949 926 2039 potius
949 1949 999 2018 sit
1020 1948 1132 2018 libera
1162 1955 1317 2040 potestas
1339 1971 1406 2018 non
1429 1947 1576 2040 ponendi

404 2063 613 2150 actumque
635 2056 825 2147 hypothesi
846 2057 1029 2127 verificata
1051 2058 1204 2127 eiusdem
1227 2057 1458 2150 praescientia
1480 2079 1575 2124 nnm-

406 2188 509 2257 qnam
533 2165 672 2234 fuisset.
692 2163 770 2234 Non
793 2165 909 2254 igitur
931 2166 1007 2234 sine
1029 2166 1262 2235 declaratione
1292 2165 1475 2235 dicendum
1498 2169 1574 2234 est:

405 2272 494 2339 Dum
524 2271 614 2338 Deua
642 2273 792 2359 praescit
823 2271 957 2340 Titium
988 2279 1233 2363 peccaturum,
1259 2279 1439 2364 peccatum
1465 2287 1576 2362 potest
1710 2279 1711 2290 ³

406 2403 474 2446 esse
496 2403 564 2445 non
581 2379 832 2466 futurarm-sed
856 2379 984 2469 potius:
1003 2379 1034 2448 si
1058 2379 1189 2466 Titius,
1205 2385 1247 2447 ut
1269 2387 1395 2470 potest,
1409 2403 1479 2448 non
1501 2401 1575 2469 pec·

406 2485 511 2571 cubit,
530 2493 709 2576 peccatum
731 2509 800 2556 non
823 2495 878 2557 est
901 2487 1080 2574 futurum3
1101 2492 1139 2556 et
1159 2493 1235 2556 tum
1264 2487 1358 2555 Dens
1389 2507 1576 2578 numquam

404 2595 597 2686 praescivit
618 2601 811 2685 peccatum,
825 2595 885 2664 sed
907 2617 1039 2685 semper
1062 2595 1253 2685 praescivit
1266 2595 1487 2686 negationem
1502 2618 1575 2685 peo-

403 2702 486 2771 cati.
512 2706 542 2788 c)
565 2701 647 2771 Ideo
670 2701 835 2771 vitandae
851 2710 935 2772 sunt
948 2702 1152 2788 locutiones,
1170 2703 1297 2796 quibus
1312 2703 1455 2774 videtur
1471 2727 1575 2773 enun-

403 2809 489 2878 tiari
513 2816 666 2900 potestas
688 2808 848 2876 mutandi
875 2811 1140 2900 praescientiam
1169 2811 1258 2899 Dei;
1288 2833 1366 2880 cum
1389 2811 1505 2902 potius
1527 2811 1575 2880 eit

402 2920 558 3006 potestas
574 2915 723 3006 ponendi
736 2915 829 2984 hunc
845 2916 901 2985 vel
917 2917 1026 2986 elium
1042 2917 1240 3003 terminum,
1256 2918 1328 3010 qui,
1343 2919 1504 3010 quisquis
1514 2917 1572 3004 sit,

402 3025 523 3092 subest
545 3032 707 3092 aeternae
731 3025 897 3094 scientiae
912 3025 1155 3114 complectenti
1175 3048 1273 3095 omne
1289 3049 1422 3111 verum,
1438 3033 1480 3095 nt
1495 3047 1573 3118 qno·

404 3130 460 3200 vis
481 3138 635 3220 tempore
657 3131 827 3201 obieetive
850 3132 1026 3201 sehabet.
1056 3132 1154 3202 «Sed
1178 3133 1208 3201 si
1231 3134 1269 3201 in
1292 3155 1387 3217 mea,
1412 3133 1571 3226 inquies,

402 3244 575 3328 potestate
597 3239 706 3307 situm
729 3245 784 3309 est
807 3245 941 3308 mutare
957 3241 1183 3330 propositum,
1201 3242 1377 3310 evacuabo
1392 3241 1573 3332 providen-

402 3345 502 3428 tiam,
513 3366 603 3429 cum,
614 3367 703 3436 quae
718 3345 782 3413 illa
794 3347 1002 3436 praenoscit,
1018 3348 1109 3416 forte
1125 3353 1317 3416 mutavero.
1336 3347 1571 3438 Respondebo,

403 3451 618 3540 propositum
641 3461 676 3521 te
699 3454 837 3545 quidem
862 3461 961 3523 tuum
985 3477 1084 3544 posse
1107 3453 1288 3524 deflectere
1303 3479 1311 3542 ;
1329 3455 1389 3523 aad
1412 3455 1573 3546 quoniam

400 3565 438 3627 et
461 3565 495 3625 te
517 3557 554 3626 id
579 3581 689 3648 posse,
703 3567 739 3628 et
761 3583 805 3628 an
830 3562 941 3630 facias
964 3583 1076 3654 quove
1099 3569 1297 3647 convertas,
1311 3585 1476 3653 praesens
1500 3585 1573 3654 pro·

402 3663 578 3733 videntiae
603 3667 736 3735 veritas
759 3667 937 3753 intuetur,
964 3668 1120 3738 divinem
1145 3675 1181 3738 te
1210 3669 1477 3758 praescientiam
1507 3693 1575 3738 non

401 3793 502 3860 posse
527 3771 661 3858 vitare,
682 3774 775 3844 sicut
798 3775 950 3866 potentis
973 3776 1189 3865 (patentisl)
1212 3776 1304 3845 oculi
1327 3778 1486 3867 effugere
1508 3801 1575 3847 non

400 3879 512 3968 possis
535 3879 730 3966 intuitum,
756 3883 917 3973 quamvis
940 3887 976 3952 te
998 3883 1036 3950 in
1060 3883 1179 3952 varias
1206 3884 1360 3952 actiones
1381 3884 1496 3954 libera
1517 3907 1574 3954 vo

399 3983 536 4054 lentate
559 3993 784 4058 convertas...
810 3989 940 4080 Magna
969 3992 1068 4060 vobis
1098 3999 1174 4076 est,
1199 3991 1230 4059 si
1260 3991 1485 4062 dissimulare
1507 4015 1573 4062 non

400 4091 526 4174 vultis,
540 4095 730 4164 necessitas
753 4096 886 4166 indicta
910 4097 1108 4186 probitatis,
1127 4121 1203 4166 cum
1227 4103 1309 4166 ante
1324 4098 1443 4167 oculos
1464 4099 1572 4188 agitis

403 4193 543 4368 indlipps6
566 4204 693 4370 epacta
727 4200 902 4269 cernentis
927 4227 943 4264 o
973 4199 1098 4269 Botth.
1128 4200 1265 4270 Consol.
1291 4202 1317 4270 l.
1343 4201 1386 4272 V.
1418 4225 1511 4293 pros.
1535 4201 1568 4269 6.

399 4323 434 4391 1>-
547 4307 638 4390 ·()·

463 4442 506 4518 (1)
523 4446 683 4502 absordum
709 4449 844 4503 habuerit
867 4451 1013 4505 nouorum
1037 4453 1244 4521 praescientiae
1269 4455 1321 4508 Dei
1348 4455 1471 4509 Iocum
1498 4453 1565 4508 lehn
