3262 5076
539 403 578 416 -
600 372 660 432 483
681 405 718 418 -

49 472 133 539 enim
156 473 293 561 aipnnm
317 474 511 543 voluntatis
532 477 750 561 salutiferae,
770 479 925 568 operatio
941 479 1081 569 inquam
1097 477 1221 545 divina

50 579 89 646 ad
110 587 266 647 nostram
298 581 446 649 salutem
470 587 507 650 et
529 593 770 671 praeceptum,
798 593 838 652 ut
861 607 1039 674 operemur
1070 584 1219 652 salutem

49 693 211 772 nostram,
237 692 354 776 potest
375 689 472 757 aliud
498 689 700 777 significare
722 691 794 758 uisi
818 692 1034 760 verissimam
1059 691 1218 760 volunta·

50 794 176 862 tamin
198 796 290 880 Deo,
316 803 357 864 ut
380 796 582 864 salvemur?
615 797 706 865 Num
737 799 828 866 forte
859 799 1115 888 suspicabimur
1143 820 1219 865 cum

50 901 213 987 Calvino,
242 904 353 971 Deum
384 905 523 974 infinita
555 907 678 973 bonum
707 913 744 974 et
771 929 927 975 veracem
957 906 1048 976 velle
1078 905 1220 974 interim

50 1012 158 1099 aipein
183 1010 371 1079 fallacibus
395 1013 495 1080 nobis
522 1013 749 1102 persuadere,
775 1037 873 1080 suam
900 1037 973 1082 esse
1003 1014 1221 1084 voluntatem

51 1127 87 1186 ut
113 1118 313 1204 salvemur,
344 1143 422 1188 aum
448 1119 533 1188 haec
559 1120 659 1188 nulla
681 1143 720 1190 re
743 1143 828 1190 vera
851 1121 919 1205 sit,
945 1121 1004 1190 sed
1029 1122 1077 1190 sit
1103 1121 1222 1209 potius

52 1227 213 1295 voluntas
237 1252 366 1294 arcana
389 1228 586 1296 contraria?

111 1337 293 1404 Postremo
316 1335 620 1404 animadvertatur
636 1337 680 1404 ad
696 1337 913 1430 quaestionis
929 1341 1060 1404 statum
1077 1335 1222 1403 circum·

53 1442 282 1528 scribendum,
301 1465 488 1511 sermonem
504 1443 562 1510 hie
578 1466 652 1512 esse
668 1467 736 1512 non
760 1444 870 1512 solam
894 1445 935 1512 de
959 1444 1142 1512 voluntate
1164 1443 1222 1510 ab·

53 1551 159 1619 solute
191 1551 417 1620 antecedente
450 1551 703 1639 praevisionem
732 1552 837 1620 etiam
860 1553 994 1641 peccati
1024 1549 1221 1640 originalia,

53 1659 171 1728 sedda
195 1658 392 1742 voluntate,
412 1681 499 1750 quae
514 1659 690 1728 referatur
713 1660 757 1727 ed
781 1659 936 1727 homines
959 1661 996 1727 in
1019 1659 1084 1727 hoc
1105 1658 1225 1725 ordine

53 1767 143 1856 lapso
167 1773 205 1836 et
228 1772 391 1857 reparato
414 1789 475 1856 per
498 1766 688 1834 Christum.
715 1767 849 1856 Agitur
872 1791 956 1857 ergo
979 1767 1021 1836 de
1044 1765 1226 1835 voluntate

53 1875 209 1944 salvifica
233 1888 451 1964 consequente
474 1872 610 1964 quidem
624 1877 877 1962 praecisionem
893 1888 1040 1940 naturae
1056 1874 1174 1962 lapsae
1189 1872 1225 1939 in

54 1984 194 2066 Adamo,
223 1982 282 2050 sed
306 1981 523 2049 antecedente
540 1985 792 2071 praecisionem
808 1971 878 2049 aiae
894 1997 1028 2048 aetnam
1043 1985 1113 2048 eice
1129 1984 1225 2048 omia·

55 2095 205 2172 sianum,
239 2091 364 2181 quidne
395 2089 532 2179 sinpnle'
561 2089 677 2156 adulti
708 2088 942 2156 damnationis
969 2089 1137 2156 indiciam
1159 2090 1228 2156 etti

56 2212 237 2268 arcessunt.

111 2311 211 2376 Duas
235 2309 355 2395 partes
376 2303 488 2372 thesis
507 2303 760 2392 complectitur,
787 2325 874 2396 quae
897 2303 982 2371 licet
1004 2304 1125 2372 iisdem
1152 2304 1226 2372 fere

56 2414 266 2484 documentis
289 2411 517 2480 revelationis
532 2435 574 2479 ex
592 2411 777 2500 Scriptura
794 2419 830 2481 et
845 2413 1010 2480 Patribus
1033 2411 1229 2500 theologice

57 2523 265 2612 probent'ar,
298 2525 454 2610 spectata
485 2525 601 2587 tamen
631 2519 775 2587 solemni
799 2525 835 2588 et
858 2519 1025 2608 explicita
1050 2518 1229 2587 Ecclesiae

59 2629 255 2698 delinitione
286 2649 355 2693 nan
385 2626 501 2694 eodem
532 2626 646 2715 gradu
671 2632 706 2694 et
728 2628 793 2693 sub
822 2625 939 2694 eadem
971 2647 1117 2693 censure
1148 2645 1230 2713 pars

59 2743 200 2828 atraque
225 2735 403 2826 proposita
426 2741 491 2819 est3
510 2733 607 2821 prior
629 2735 720 2801 enim
743 2755 825 2822 pars
850 2732 995 2800 definita
1016 2737 1071 2799 est
1093 2753 1167 2799 esse
1191 2731 1232 2798 de

54 2842 126 2931 fide,
143 2867 229 2934 pars
246 2841 360 2909 altera
382 2840 552 2908 hactenus
575 2864 643 2908 non
666 2847 721 2908 est
743 2839 888 2908 definita
904 2841 968 2906 sub
985 2839 1051 2907 hac
1069 2859 1227 2923 censura,

60 2957 95 3018 ut
115 2955 214 3040 patet
236 2971 279 3016 ex
303 2947 525 3015 damnatione
550 2947 803 3037 Propositionis
826 2949 871 3015 5¹²
893 2947 1059 3015 Iansenii:
1089 2945 1230 3014 nSami·

62 3058 276 3147 pelagianum
301 3059 355 3122 est
378 3053 510 3137 dicere,
536 3053 719 3122 Christum
743 3078 804 3144 pro
829 3055 987 3122 omnibus
1014 3053 1150 3121 omniuo
1173 3053 1232 3120 ho·

62 3164 206 3231 minibus
223 3169 398 3230 mortuum
415 3183 535 3228 essen
561 3161 735 3229 Damnata
758 3169 811 3228 est
834 3183 855 3228 a
879 3161 1029 3228 Summis
1053 3159 1230 3228 Pontifici-

64 3271 119 3338 bus
141 3278 183 3338 ut
210 3299 227 3333 u
236 3269 353 3358 falsa,
373 3270 566 3350 temeraria,
582 3267 797 3360 scandulaca·
812 3275 848 3336 et
864 3267 1043 3336 intellecta
1059 3291 1098 3335 eo
1113 3291 1229 3351 sensu,

64 3385 98 3445 ut
118 3377 282 3446 Christus
297 3398 359 3465 pro
377 3375 492 3443 salute
508 3375 693 3443 dumtaxat
716 3375 1051 3464 praedestinatorum
1075 3381 1233 3443 mortuus

66 3485 117 3568 ait,
141 3488 265 3574 impia,
298 3483 507 3572 blasphema,
533 3482 787 3564 contumeliosa,
813 3481 953 3548 divinae
977 3484 1108 3570 pietati
1140 3481 1232 3550 dero-

65 3617 153 3679 pane,
181 3593 365 3659 aceretae.
390 3617 406 3652 n
432 3589 486 3658 Ex
511 3589 577 3658 hac
600 3612 683 3657 vero
706 3590 928 3657 damnatione
951 3591 1028 3678 ipsa
1051 3597 1149 3658 etex
1174 3612 1232 3679 pa·

66 3699 159 3769 ritate
191 3698 520 3781 fundamentorum,
554 3719 642 3787 quae
673 3697 893 3778 videbimus,
927 3701 1066 3764 constat
1097 3702 1233 3784 partem

66 3807 156 3874 etiam
174 3805 360 3876 secundam
379 3812 508 3874 certam
526 3827 600 3874 esse
617 3804 681 3888 ita,
712 3812 753 3871 ut
781 3803 856 3871 sine
883 3804 1081 3870 temeritate
1110 3793 1233 3891 negari

67 3936 123 3981 non
145 3914 270 4006 possit.
288 3913 355 3981 His
370 3913 598 4003 praemonitis
616 3911 777 4002 sequitur
794 3909 1057 3978 demonstratio.

121 4021 149 4091 1.
176 4020 405 4090 Voluntatem
429 4020 623 4088 salvificam
647 4019 690 4086 ad
715 4017 804 4084 alios
832 4039 967 4108 quoque
995 4021 1134 4106 praeter
1161 4039 1233 4116 eas,

70 4131 118 4220 qui
138 4129 252 4219 reipsa
275 4128 473 4211 salvantur,
493 4127 668 4216 pertinere
691 4125 727 4191 in
751 4123 815 4190 hac
839 4122 1015 4212 praesenti
1039 4123 1159 4192 ordine
1184 4124 1233 4192 la·

70 4258 137 4322 psae
147 4244 182 4306 et
192 4241 375 4326 reparatae
393 4242 552 4316 naturae,
568 4232 722 4302 clamant
746 4253 792 4296 ss.
810 4227 1015 4318 Scripturas
1033 4230 1229 4299 universae.

73 4335 186 4412 Doceat
207 4341 313 4426 enim,
338 4346 375 4428 a)
398 4363 455 4408 eos
479 4361 595 4406 omnes
619 4337 679 4429 qui
705 4336 866 4419 credunt,
884 4358 945 4424 per
968 4337 1081 4428 ipsum
1106 4337 1232 4406 danum

74 4445 140 4516 fidei
162 4473 182 4516 a
202 4451 310 4517 Patre
332 4449 408 4516 dari
432 4447 538 4534 Filio,
558 4447 652 4514 Filio
675 4449 790 4511 autem
814 4442 903 4528 dari,
923 4445 1110 4535 quiavult
1127 4447 1232 4514 Pater

1053 4571 1070 4604 ι
