3262 5076
555 406 592 420 ..
614 374 675 436 523
695 407 733 420 ..

62 477 128 546 tiae
151 499 195 545 ex
218 477 351 546 divinis
373 479 601 566 proferuntur
624 477 792 571 eloquiis,
818 477 918 546 nulla
948 486 1094 568 possunt
1124 478 1233 548 diasa-

60 584 157 653 rcndi
181 591 258 655 arta
281 585 409 655 violari
413 637 483 655 .....
502 589 556 653 ito
573 590 677 654 ctiam
700 586 792 678 qaod
810 584 851 654 dc
870 585 1064 654 salvatione
1086 589 1234 653 omnium

61 695 230 760 lominum
241 697 280 760 io
292 691 403 762 eodem
416 696 676 784 Scriptus-arum
692 719 830 784 corpore
843 697 1031 784 reperitur,
1044 695 1147 762 oolla
1159 719 1233 760 con-

60 803 172 866 traria
195 804 493 891 crpomentatione
517 801 745 868 temerandam
761 815 822 882 cot,
847 816 887 868 at
900 816 1032 894 quanto
1050 803 1109 870 boc
1125 805 1236 891 ipsam

61 905 265 998 difficiliore
287 909 465 976 intellecta
489 912 640 998 capitur,
660 924 756 976 tanto
776 909 846 1001 fida
862 907 1098 976 laudabiliore
1120 907 1236 976 medu-

61 1030 143 1078 τιν»
158 1015 186 1084 l.
200 1016 250 1084 H.
268 1040 318 1087 co.
334 1016 366 1085 1.
380 1017 415 1086 2.
430 1017 487 1086 30.

120 1123 169 1192 2⁹.
196 1123 303 1194 Hisce
326 1123 555 1194 tribueretis
578 1147 619 1194 ac
642 1126 724 1194 fixis
739 1125 771 1194 si
788 1146 891 1216 porro
914 1125 1098 1217 quaeritur
1123 1125 1235 1194 nomi-

58 1233 164 1301 natim
188 1231 296 1301 etiam
320 1233 433 1324 quoad
452 1233 619 1318 infantes,
638 1233 807 1325 quomodo
834 1233 870 1301 in
894 1233 1071 1323 praesenti
1094 1255 1233 1303 oecono-

59 1341 124 1408 mia
147 1339 241 1408 velit
262 1341 357 1409 Deus
380 1363 496 1410 omnes
527 1341 645 1410 aalma
675 1341 776 1426 fieri,
809 1347 845 1410 at
871 1347 986 1410 tamen
1016 1364 1085 1408 non
1116 1361 1233 1410 omnes

59 1446 265 1516 salventur?
298 1477 315 1512 a
335 1471 404 1516 non
427 1448 481 1517 ita
502 1447 789 1538 incognoscibilis
811 1448 883 1517 ista
905 1454 959 1516 est
989 1447 1166 1538 quaestio,
1191 1454 1233 1515 ut

58 1553 144 1622 nihil
161 1555 246 1624 inde
261 1555 472 1624 eruditionis
487 1557 661 1646 possimus
677 1555 872 1646 acquirere,
892 1555 923 1623 si
939 1555 984 1623 nd
1000 1553 1231 1646 contemplan-

59 1661 134 1730 dum
158 1663 209 1750 id,
236 1662 328 1755 quod
352 1661 466 1733 videri
489 1670 614 1756 potest,
632 1663 849 1755 tranquillus
873 1663 981 1732 sobrii
1004 1662 1120 1731 cordia
1133 1661 1232 1730 adhi-

59 1769 178 1840 beatur
201 1770 394 1840 intuitus»
421 1771 507 1840 ibid.
522 1795 552 1840 c.
567 1771 624 1840 21.
651 1772 775 1864 Itaque
805 1772 965 1864 quamvis
997 1771 1103 1839 verba
1129 1767 1232 1838 Pauli

59 1876 86 1943 l.
99 1875 249 1946 aian.
260 1879 295 1946 4.
313 1907 329 1942 a
343 1878 481 1968 integre
494 1879 665 1972 planaque
678 1879 900 1970 suscipienda
910 1881 1010 1947 sintn
1025 1875 1230 1966 (1.1.0.1a);

59 1985 221 2056 voluntas
235 1994 365 2072 minen,
383 1995 426 2054 ut
442 1987 534 2056 salvi
551 1988 640 2056 fiant
656 2011 773 2056 omncs
795 1988 963 2071 infantes,
988 2008 1057 2053 non
1080 1983 1233 2054 includit

57 2092 157 2161 etiam
181 2093 401 2163 voluntatem
425 2095 585 2163 mutandi
616 2101 831 2185 praesentem
863 2093 1017 2162 ordinem
1045 2091 1231 2183 physicum

59 2202 288 2271 mortalitatis
310 2209 453 2293 peccato
475 2203 575 2272 Adae
598 2203 789 2272 invectum:
818 2232 835 2267 a
848 2224 911 2271 nec
933 2207 988 2270 eat
1010 2201 1052 2269 de
1074 2201 1232 2269 immatu-

59 2309 160 2378 ritate
175 2311 248 2378 iam
265 2311 388 2379 mortis
412 2311 503 2380 ratio
527 2311 769 2403 conquerendi,
786 2334 863 2380 cum
880 2309 984 2379 semel
1007 2309 1045 2376 in
1068 2314 1230 2380 naturam

59 2424 208 2486 nostram
234 2439 297 2507 per
319 2423 499 2508 peccatum
531 2418 693 2508 ingressa
724 2417 924 2488 mortalitas
954 2415 1139 2486 obnoxium
1163 2417 1231 2485 sibi

59 2545 185 2594 omnem
211 2525 308 2594 vitae
329 2532 470 2617 nostrae
494 2526 621 2594 feccrit
643 2526 767 2594 diemn
792 2525 818 2593 l.
834 2525 883 2594 H.
899 2547 929 2593 c.
945 2524 1000 2592 21.
1016 2523 1116 2606 Quod
1139 2525 1229 2592 idam

58 2638 106 2698 est
127 2653 168 2702 ac
192 2631 328 2717 dicere,
360 2631 577 2700 voluntatem
607 2633 864 2702 antecedentem
888 2631 1016 2699 salutis
1038 2631 1230 2699 infantium

59 2755 118 2802 non
141 2759 220 2806 esse
243 2733 357 2828 quoad
381 2759 518 2820 omnes,
543 2744 581 2805 et
604 2743 779 2828 qnatenus
800 2735 1014 2805 universalis
1036 2741 1109 2818 est,
1136 2735 1230 2800 abeo·

60 2841 160 2908 lotum
184 2843 246 2912 sed
270 2841 556 2923 conditionaeam5
579 2849 750 2935 quantum
773 2842 909 2912 scilicet
931 2841 1026 2931 leges
1050 2839 1231 2930 generales

60 2950 188 3020 ordinis
214 2951 423 3040 praesentis,
450 2951 488 3018 in
511 2973 578 3042 quo
601 2956 731 3020 natura
753 2949 854 3040 lapsa
877 2956 1020 3039 propter
1039 2971 1139 3016 snum
1156 2969 1231 3037 pec·

60 3063 167 3127 catum
193 3058 479 3144 constitutafeet
498 3079 566 3126 non
583 3057 779 3148 impediunt
801 3055 1067 3147 applicationem
1093 3055 1230 3124 merito-

60 3185 128 3232 rum
144 3165 283 3234 Christi
298 3187 360 3256 per
375 3165 518 3234 visibile
534 3171 803 3234 sacramentum.

119 3273 170 3342 3¹⁰.
199 3273 367 3342 Attamen
383 3271 448 3341 hae
464 3272 560 3363 ipsae
578 3271 674 3362 leges
690 3277 775 3340 sunt
789 3293 832 3339 ex
848 3269 1070 3360 providentia
1093 3268 1227 3355 diviua,

64 3401 177 3472 «qnae
202 3381 436 3449 defectionum
460 3379 599 3469 legibus
627 3380 680 3447 ita
707 3379 889 3448 defectura
916 3377 1089 3462 subiecit,
1118 3383 1161 3446 nt
1186 3377 1230 3444 ab

62 3487 106 3556 eis
127 3489 402 3558 moderationum
419 3509 561 3557 suarum
578 3511 647 3556 non
663 3492 841 3557 averterat
859 3493 1078 3577 potestatam.
1096 3511 1112 3548 n
1130 3485 1229 3554 Unde

63 3597 166 3665 oritur
178 3617 272 3666 nova
286 3595 489 3679 difficultas,
504 3597 607 3666 onius
623 3595 836 3686 gravitatem
854 3601 979 3664 unctor
993 3601 1113 3664 noster
1128 3593 1230 3684 plane

63 3705 268 3774 sessiacus
284 3705 329 3773 ad
346 3705 460 3788 finem,
480 3727 510 3772 o.
526 3703 703 3772 attritio.
730 3702 788 3770 Ad
811 3723 886 3772 eam
910 3702 1109 3773 solvendam
1128 3723 1230 3791 porro

63 3810 206 3900 explicat
229 3810 368 3902 plenius
390 3810 590 3879 voluntatis
618 3809 797 3879 salvificae
829 3810 1013 3880 rationem.
1038 3810 1126 3878 Nam
1152 3829 1228 3876 oum

63 3921 181 3985 natura
204 3915 356 3984 humana
371 3920 512 4004 peccato
529 3915 662 3984 infecta
678 3920 744 3998 est,
763 3914 883 4004 gratia
896 3913 1111 3982 remissionis
1135 3911 1230 3980 sicut

65 4017 95 4085 iu
110 4021 242 4091 adultis
257 4023 309 4091 itu
323 4021 361 4090 in
377 4021 539 4112 parvulis
554 4029 608 4090 est
624 4043 767 4112 prorsus
781 4019 953 4110 gratuita3
967 4041 1030 4088 neo
1045 4019 1140 4087 Deus
1155 4039 1229 4086 eam

65 4123 249 4199 infantibus
278 4129 391 4198 debet.
418 4127 509 4197 Vult
540 4128 678 4220 quidem
711 4125 926 4194 antecedente
955 4126 1132 4193 voluntate
1154 4145 1228 4192 eam

65 4236 203 4318 gratiam
226 4235 398 4322 omnibus;
418 4257 487 4304 non
510 4241 627 4303 tamen
652 4234 812 4302 omnibus
835 4232 974 4324 aequali
990 4231 1225 4322 providentia.

67 4337 152 4410 Alios
173 4343 303 4413 effectu
331 4343 408 4433 ipsc
438 4343 602 4433 perducit
623 4341 668 4410 ad
692 4341 865 4431 baptisma
894 4338 993 4408 modo
1024 4337 1228 4430 quandoque

67 4445 156 4516 etism
172 4449 275 4540 plane
288 4447 456 4532 mirabili,
474 4454 580 4516 otest
597 4446 755 4515 indebita
770 4445 858 4536 ipsis
874 4443 1125 4530 misericordia;
1139 4441 1229 4510 alios
