3230 5072
31 433 103 503 dnm
124 460 215 530 qnos
237 439 332 508 Deus
354 440 468 508 omniu
489 338 638 510 novidwc
651 441 694 510 ld
718 441 808 532 qnod
831 461 892 530 per
915 441 1028 530 ipsum
1051 441 1184 509 fuctum

30 549 90 626 set,
115 544 194 611 vits
215 567 290 612 esse
312 543 350 611 in
372 543 435 612 illo
457 543 695 634 intelligatur,
713 545 751 612 in
774 566 843 636 que
857 545 935 613 vite
951 544 1042 614 vidit
1058 543 1182 628 omniu,

28 651 157 741 quondo
191 651 300 738 fecit,
331 657 368 720 et
397 652 492 720 sicut
519 651 634 736 vidit,
663 653 715 720 its
746 653 854 722 iecit:
882 675 951 720 non
981 659 1119 743 prester
1150 671 1186 718 se

27 757 134 846 ipsum
157 757 283 827 videns
305 758 365 826 sed
388 757 425 826 in
448 759 601 849 seipso,
627 759 679 827 its
701 760 918 828 enumeravit
941 759 1073 845 omnis,
1100 780 1186 850 quse

28 865 146 934 iecit...
163 865 260 935 Noto
281 888 364 956 ergo
386 867 483 951 iecit,
507 889 575 935 non
599 868 694 936 faeta
717 867 890 957 cognovit.
920 866 1070 936 Proinde
1091 872 1187 935 ente·

27 993 121 1062 quam
144 973 282 1058 fierent,
299 981 335 1042 et
357 980 458 1042 erant
471 981 507 1044 et
529 997 597 1043 non
619 981 731 1044 erent:
755 984 856 1045 erent
878 976 915 1044 in
937 975 1004 1044 Dei
1027 974 1185 1059 scientis,

28 1103 88 1148 non
110 1087 216 1150 erent
237 1081 275 1148 in
298 1102 363 1150 sue
384 1087 514 1149 nature
518 1133 585 1151 .....
611 1083 689 1153 Non
712 1083 781 1150 iem
812 1090 954 1174 propter
983 1083 1188 1152 inferiorum

28 1187 202 1256 seientiam
224 1187 360 1256 nuntiis
383 1187 530 1276 indiget,
555 1190 655 1278 qussi
678 1212 739 1279 per
761 1212 818 1258 eoe
840 1188 904 1258 fiet
927 1189 1103 1276 scientior3
1130 1188 1189 1256 sed

29 1293 84 1361 illo
98 1293 252 1384 simplici
264 1299 300 1363 et
310 1293 465 1362 mirabili
478 1294 574 1362 modo
586 1295 686 1379 novit
697 1297 811 1364 omnia
827 1295 1005 1364 stabiliter
1016 1299 1053 1364 et
1064 1295 1189 1364 incom-

30 1401 275 1470 mutabilitern
299 1400 395 1490 Aug.
422 1401 546 1470 Genes.
564 1402 609 1470 ad
623 1401 697 1470 litt.
721 1401 748 1470 l.
763 1401 807 1471 V.
830 1425 879 1470 cc.
903 1400 1102 1471 15.1e.19.
1125 1401 1188 1490 (1).

34 1507 161 1599 «Apud
184 1531 285 1600 quem
309 1529 440 1576 summe
462 1515 616 1598 potestas
631 1515 695 1592 est,
714 1531 847 1578 summe
863 1515 900 1578 et
920 1515 1052 1578 secrete
1075 1508 1192 1598 cogni·

32 1616 75 1682 tio
89 1622 184 1684 est...
203 1614 290 1683 Cum
305 1614 368 1683 illo
385 1621 470 1684 sunt
484 1616 599 1684 omnis
616 1615 814 1705 cognitione
839 1616 986 1708 quedam
1002 1615 1193 1686 ineffabilis

34 1717 216 1807 sapientise
231 1718 296 1786 Dei
311 1717 349 1786 in
366 1718 480 1786 Verbo
502 1719 705 1803 constitute,
724 1723 760 1787 et
774 1719 889 1808 ipsum
903 1718 1057 1787 Verbum
1080 1717 1194 1796 omnis

34 1821 343 1912 (exemplariter)...
361 1821 409 1891 Et
432 1843 538 1914 quere
561 1823 654 1912 apud
676 1823 789 1912 ipsum
813 1823 952 1891 omnic?
976 1823 1069 1905 Quis
1083 1827 1120 1892 et
1134 1844 1194 1890 sn-

35 1929 163 2016 tequsm
186 1932 305 1995 essent
327 1925 441 1993 omnio
463 1932 527 1994 eut
549 1933 764 2009 crearentur,
782 1926 814 1994 ei
829 1932 913 1994 note
928 1934 1030 1995 erent
1045 1925 1192 1994 omniun

37 2031 81 2102 ld.
98 2035 136 2102 in
152 2033 210 2102 Pe.
223 2033 281 2104 49.
299 2057 334 2101 n.
355 2033 410 2100 18.
425 2033 599 2122 Vestigiis
613 2032 809 2122 Augustini
832 2032 999 2102 insistent
1024 2031 1196 2102 S.Ansel·

37 2163 102 2210 nus
116 2141 244 2210 lionol.
262 2164 292 2210 c.
312 2141 367 2208 10.
386 2147 568 2231 postquem
591 2139 684 2208 dixit
706 2139 798 2207 nihil
815 2140 975 2229 cognosci
998 2162 1108 2231 posse,
1127 2137 1197 2207 nisi

38 2247 104 2316 eius
125 2250 176 2318 sit
188 2248 226 2316 in
250 2253 363 2316 mente
378 2246 500 2338 ulique
521 2245 698 2336 expressio
709 2259 746 2314 et
760 2246 901 2338 aliquod
919 2247 1074 2331 verbum,
1093 2245 1197 2314 henc-

39 2377 95 2444 que
115 2378 190 2425 esse
216 2354 468 2424 nobilissimam
498 2353 593 2422 inter
623 2376 738 2422 omnes
768 2353 979 2438 locutiones,
1005 2353 1195 2422 concludit:

43 2484 129 2532 «non
158 2463 330 2530 immerito
360 2462 474 2532 videri
504 2467 619 2551 potest
647 2461 741 2551 opud
772 2483 938 2530 summum
968 2459 1198 2530 substantium

40 2567 134 2638 telem
156 2593 273 2640 rernm
296 2570 503 2640 locutionem
526 2576 563 2638 et
585 2571 695 2638 fuisse
718 2575 903 2661 antequem
926 2575 1052 2651 essent,
1073 2575 1116 2636 ut
1139 2589 1201 2657 per

42 2696 104 2743 een
126 2677 263 2763 fierent,
288 2683 325 2746 et
347 2699 422 2746 esee
445 2699 523 2746 oum
546 2678 750 2760 factasunt,
769 2681 810 2746 ut
826 2699 887 2766 per
902 2696 977 2745 eam
995 2675 1196 2744 scientur.»

42 2779 128 2854 Hono
149 2808 253 2876 porro
275 2784 482 2854 locutionem
506 2783 581 2854 sive
610 2785 781 2854 rationem
804 2807 921 2853 rerum
951 2783 1103 2852 omnium
1126 2771 1228 2848 esse'

44 2910 100 2959 non
121 2893 281 2962 accidens
303 2891 464 2984 aliquod,
490 2898 532 2962 ut
561 2891 598 2959 in
629 2891 728 2960 nobis
758 2897 841 2960 eunt
864 2891 980 2975 ideae,
1007 2889 1066 2959 sed
1090 2887 1201 2978 ipsein

44 2999 216 3068 essentium
231 3005 268 3067 et
283 2997 517 3067 substantiam
531 2996 609 3081 Dei,
626 2996 815 3066 Anselmne
830 3020 907 3065 mox
920 3020 950 3066 o.
962 2997 1017 3065 12.
1033 2994 1200 3064 declaret.

47 3108 135 3178 used
156 3132 235 3180 cnm
259 3107 392 3198 pariter
413 3105 548 3176 ratione
578 3107 721 3176 docente
744 3107 793 3174 sit
815 3112 967 3190 certum,
993 3105 1077 3197 quis
1104 3100 1203 3195 qnid-

46 3215 117 3303 quid
138 3237 273 3286 summe
296 3214 496 3284 substantie
518 3214 645 3284 iecit...
672 3237 733 3303 per
755 3236 854 3282 suem
877 3213 1035 3283 intimem
1058 3209 1203 3280 locutio·

47 3342 110 3390 nem
122 3322 218 3408 iecit,
229 3322 305 3392 sive
321 3319 463 3410 singule
478 3319 631 3410 singulis
647 3319 775 3404 verbis,
790 3318 865 3388 sive
882 3319 1000 3408 potius
1015 3341 1084 3387 uno
1101 3314 1205 3386 verbo

102 3538 141 3613 (1)
159 3543 214 3595 Est
232 3538 346 3610 quidem
366 3538 562 3604 verissimum,
583 3537 775 3604 Augustinum
794 3535 872 3589 hisce
892 3536 962 3588 locis
981 3533 1144 3588 immediate
1165 3549 1207 3588 so-

51 3627 96 3682 lun
114 3646 194 3696 egere
214 3629 249 3683 de
267 3645 363 3683 eorum
383 3629 514 3694 scientis,
537 3642 608 3694 quse
627 3629 697 3678 sunt
715 3641 766 3693 per
780 3626 832 3679 Dei
845 3626 1027 3680 erectionem.
1047 3625 1102 3678 Sed
1122 3624 1208 3678 focile

51 3726 155 3786 tppsret
171 3737 207 3774 ex
226 3719 301 3787 ipsis
319 3719 416 3773 verbis
435 3717 604 3784 Augustini,
619 3717 746 3770 rationes
766 3720 898 3771 aeternos
919 3733 981 3772 esse
1002 3717 1125 3770 omnium
1145 3729 1208 3782 pos-

52 3808 173 3877 sibilium,
185 3813 216 3864 st
228 3807 330 3862 iisdem
339 3809 464 3876 subesse,
477 3806 619 3877 quidquid
632 3805 788 3874 aliquunde
802 3807 891 3860 hebet
905 3823 968 3860 esse
982 3808 1029 3860 uel
1043 3805 1095 3858 snb
1109 3804 1209 3870 ulique

53 3898 197 3953 conditione
210 3899 339 3953 heberet.
359 3899 414 3950 list
426 3898 502 3950 eninr
515 3898 590 3950 Dens
612 3917 625 3944 ι
639 3895 748 3950 iaciens
762 3895 900 3963 quaedem
914 3910 964 3962 per
978 3894 1209 3962 seipsumque

54 3983 97 4040 illo
112 3991 168 4042 solo
185 3989 276 4055 digna
294 3990 363 4041 sunt
391 3989 474 4055 eiquo
497 3987 552 4041 soli
572 3985 797 4040 conveniunt...
811 3986 870 4038 ulie
887 4001 938 4052 per
957 3983 1130 4036 servientem
1150 3979 1208 4032 sibl

55 4079 192 4133 uuturm
210 4077 408 4144 integerrimis
427 4077 540 4142 legibue
561 4093 611 4145 pro
630 4074 743 4128 meritis
763 4073 934 4141 ordinatam,
957 4071 1094 4140 quaedum
1113 4084 1208 4124 eorum

57 4159 150 4234 intent,
165 4166 303 4238 quosdam
322 4167 503 4235 permittens,
519 4181 609 4233 usque
626 4164 662 4217 sd
675 4177 823 4232 passerum
836 4157 1126 4222 administrationem,
1137 4155 1213 4209 siout

58 4247 174 4309 Dominus
192 4257 224 4309 ln
244 4257 402 4322 Evangelio
421 4255 509 4323 dixit,
529 4257 560 4307 ct
578 4269 669 4322 nsque
688 4250 723 4305 sd
742 4250 821 4304 foeni
840 4249 975 4314 decorem,
996 4262 1087 4314 usqne
1107 4243 1142 4299 cd
1161 4258 1211 4296 nu-

59 4350 146 4397 ntium
158 4345 245 4399 etism
257 4345 428 4414 capillorum
440 4347 603 4398 nostrorum
618 4341 719 4397 diviua
729 4336 913 4408 providentis
924 4333 1111 4404 pertendente
1123 4333 1209 4396 utque

62 4431 198 4488 sementen
216 4435 339 4502 Ausum.
353 4435 375 4488 1.
387 4433 422 4488 de
436 4449 485 4503 qq.
496 4433 541 4488 83.
554 4449 582 4501 q.
595 4431 641 4486 tc.
656 4448 685 4485 n.
697 4432 723 4484 2.
739 4429 782 4484 of.
794 4427 874 4483 'irim
887 4427 943 4481 111.
953 4439 978 4479 o.
989 4425 1017 4477 4.
1029 4439 1058 4476 n.
1070 4424 1097 4476 9.
