3224 5068
509 396 547 410 -
568 363 625 424 311
650 397 688 409 -

27 473 72 536 tic
94 489 157 538 aen
178 468 288 558 ipenm
305 469 388 558 fieri
415 469 461 534 cd
485 484 584 536 carro
607 469 713 556 (actio
736 471 939 556 transiens),
957 469 1082 536 relatio
1100 492 1189 538 crea·

28 595 114 642 carce
144 577 188 644 ad
211 572 334 644 Deum.
361 575 470 642 Actae
493 579 678 642 immanens
710 583 763 646 est
786 576 929 648 realiter
960 578 1037 669 ipsa
1067 577 1191 646 diviua

26 684 225 770 substantia,
251 685 316 754 sub
339 684 479 753 formali
502 687 638 754 ratione
655 693 696 754 ut
711 693 766 755 eet
780 685 921 754 infinita
943 685 1191 756 substantialia

28 793 165 876 volitio,
188 815 266 862 cnm
290 793 531 862 connotatione
555 795 607 863 rei
630 795 761 864 volitae
784 795 829 863 ed
857 803 970 864 extre.
997 795 1090 864 Haec
1115 817 1193 863 con·

28 900 152 968 notatio
173 922 242 968 non
265 900 365 969 addit
388 901 522 992 aliquid
546 901 614 991 ipsi
638 902 708 969 Deo
739 895 801 970 eeu
824 902 893 992 ipsi
920 902 1080 971 infinitae
1105 901 1191 970 voli·

29 1009 120 1092 tioni,
139 1032 182 1076 ex
198 1031 239 1077 ca
255 1015 371 1077 tamen
389 1009 523 1078 dicitur
539 1009 704 1078 voluntas
721 1031 751 1078 e.
767 1037 802 1099 g.
823 1031 956 1079 creans.
978 1011 1063 1079 Cum
1080 1009 1194 1099 igitur

30 1125 91 1184 tem
114 1117 194 1207 ipae
219 1117 384 1184 voluutas
408 1116 666 1202 substantialis,
685 1125 726 1187 ut
742 1141 803 1208 per
820 1142 855 1188 se
871 1124 979 1209 patet,
998 1141 1100 1212 quam
1115 1141 1193 1187 con-

30 1225 156 1291 notatio
179 1225 293 1314 operis
316 1247 380 1314 pro
396 1224 515 1316 aliqua
537 1226 703 1315 temporie
728 1225 928 1295 differentia
945 1227 1063 1296 futuri
1086 1226 1136 1294 eit
1151 1227 1195 1292 ab

31 1339 174 1416 aeterno,
199 1333 418 1423 intelligitur
441 1334 658 1403 voluntatem
682 1358 743 1404 seu
766 1335 934 1404 actionem
951 1359 981 1404 e.
997 1361 1032 1426 g.
1052 1335 1196 1404 creatri-

33 1463 92 1508 cem
115 1443 153 1508 in
177 1439 347 1510 Decesse
370 1447 547 1510 aeternam
564 1443 627 1530 (1).
920 1452 923 1458 “

87 1549 191 1614 Actio
215 1550 387 1614 transiere
410 1571 470 1618 scu
493 1550 608 1640 ipsum
633 1553 716 1638 fieri
745 1574 812 1619 non
844 1559 899 1620 eet
931 1550 1128 1620 formaliter
1162 1550 1198 1616 in

35 1655 105 1739 Deo,
123 1655 184 1724 scd
207 1657 318 1725 estin
342 1663 516 1744 creatura;
532 1665 637 1750 etque
661 1659 746 1728 adeo
769 1659 896 1748 incipit
912 1661 949 1727 in
966 1666 1118 1749 tempore
1136 1679 1198 1724 seu

36 1783 101 1827 cnm
121 1771 300 1852 tempore,
327 1770 364 1832 et·
387 1771 440 1833 eat
463 1763 599 1856 aliquid
623 1787 645 1832 a
667 1767 739 1835 Deo
762 1791 829 1834 non
854 1768 969 1835 minue
992 1767 1199 1834 distinctum

38 1891 124 1960 qnam
148 1872 228 1961 ipsa
251 1879 424 1941 creetnra.
452 1873 551 1942 Unde
575 1875 766 1966 siquando
797 1875 889 1965 apud
912 1874 1035 1948 Patres
1064 1873 1200 1962 legitur

37 1980 114 2046 actio
135 1977 203 2048 Dei
227 1979 398 2049 distincta
421 2005 441 2048 a
468 1983 551 2066 Deo,
583 1983 753 2073 explicari
776 1983 890 2052 debet:
908 1983 1001 2052 actio
1024 1981 1200 2050 transiens

39 2093 82 2152 eet
102 2087 284 2172 distincta,
312 2089 465 2171 concedm·
487 2091 581 2159 actio
605 2091 807 2173 immanens,
833 2087 1087 2180 subdistinctio:
1105 2094 1158 2155 est
1181 2107 1202 2152 a

39 2193 226 2264 substantia
249 2195 315 2264 Dei
338 2197 507 2266 distincta
530 2197 719 2267 secundum
748 2197 936 2280 rationem,
964 2194 1124 2277 cocced05
1147 2203 1203 2265 eet

41 2300 196 2373 dictincta
219 2305 376 2389 realiter,
396 2313 437 2374 ut
459 2306 495 2374 in
513 2307 585 2374 Deo
602 2313 668 2390 eet,
686 2329 782 2394 neco.
803 2303 872 2393 (cf.
885 2305 952 2374 PP.
969 2305 1060 2396 apud
1076 2303 1199 2373 Petav.

43 2405 110 2478 lv.
122 2435 152 2481 c.
169 2412 225 2481 la.
242 2412 322 2482 coll.
343 2413 415 2499 13.)

99 2522 276 2591 Postremo
293 2523 335 2591 dc
351 2523 520 2590 relatione
533 2523 585 2591 ita
601 2523 794 2590 habendum
811 2527 877 2590 est.
896 2519 1035 2589 Relatio
1050 2525 1105 2588 eat
1120 2519 1204 2587 ordo

46 2633 133 2700 onina
155 2633 202 2700 ad
227 2630 390 2698 alterum:
410 2630 547 2721 qnando
570 2651 653 2718 ergo
677 2627 1053 2724 ordinantnrrealitcr
1076 2627 1144 2694 duo
1160 2625 1204 2692 ad

46 2739 190 2825 invicem,
216 2739 345 2807 relatio
360 2743 414 2806 est
432 2738 539 2804 realia
554 2752 684 2818 maceca,
703 2745 742 2804 ut
759 2737 870 2826 patrie
894 2737 973 2824 (sub
990 2733 1130 2803 formali
1154 2755 1205 2800 ra-

47 2847 123 2916 tione
138 2871 209 2941 qna
221 2853 322 2938 pater
334 2850 401 2932 est)
413 2845 458 2914 ad
470 2845 595 2930 filium,
610 2851 646 2913 et
662 2844 730 2912 filii
745 2843 789 2912 ad
805 2850 951 2934 patrem.
963 2842 1110 2924 Quando
1125 2863 1206 2909 vero

47 2976 137 3023 noum
148 2955 259 3023 habet
270 2953 397 3022 realem
411 2951 662 3021 ordinationem
675 2951 719 3020 ad
731 2951 894 3035 alterum,
906 2951 965 3019 sed
980 2949 1044 3018 hoc
1057 2947 1207 3016 alterum

49 3081 102 3127 non
117 3061 224 3130 habet
239 3059 320 3129 inde
334 3082 463 3128 novum
479 3058 631 3150 aliquem
648 3057 803 3127 ordinem
819 3081 880 3148 per
894 3055 1028 3147 aliquid
1045 3053 1138 3122 reale
1155 3075 1208 3120 eu-

49 3167 266 3254 arcadicum,
282 3167 341 3236 sed
355 3165 467 3234 solum
483 3165 680 3255 concipitur
692 3169 733 3233 ut
747 3163 949 3248 relativum,
960 3161 1043 3254 qnia
1054 3157 1152 3228 aliud
1165 3158 1209 3225 ad

51 3274 147 3362 ipsum
160 3275 309 3345 realiter
324 3275 490 3360 refertum
509 3273 635 3341 relatio
660 3279 714 3339 est
737 3271 843 3337 realis
866 3269 903 3337 in
919 3275 1153 3350 unctantem,
1172 3265 1210 3330 in

51 3381 145 3453 altero
160 3391 279 3455 antem
293 3383 426 3453 dicitur
448 3383 573 3450 relatio
588 3383 750 3462 rationis,
767 3381 791 3448 i.
803 3401 833 3446 e.
846 3399 933 3470 quae
950 3377 1060 3445 solnm
1077 3373 1210 3442 anobis

52 3495 231 3584 concipitur
246 3500 388 3584 propter
404 3491 531 3560 realem
546 3491 700 3560 ordinem
720 3488 879 3557 alterins,
911 3485 970 3555 Sic
994 3484 1147 3574 cognitio
1172 3483 1208 3548 in

54 3609 150 3670 mente
165 3610 284 3671 creata
295 3599 402 3668 habet
413 3599 541 3668 realem
553 3598 707 3667 ordinem
722 3603 757 3666 et
773 3595 974 3664 relationem
987 3593 1031 3660 ad
1044 3615 1116 3660 rem
1129 3594 1211 3657 actu

55 3709 226 3797 cognitam3
241 3709 302 3778 aed
325 3731 382 3776 rea
406 3709 547 3796 cognita
570 3705 681 3774 solnm
704 3704 810 3774 habet
832 3701 1037 3771 relationem
1061 3695 1212 3768 rationis

57 3814 91 3880 ud
112 3823 386 3906 cognoscentem:
411 3815 504 3884 nihil
525 3816 617 3884 enim
642 3815 678 3881 in
701 3834 742 3882 ea
764 3835 802 3881 ro
825 3810 965 3902 ponitur
995 3805 1095 3890 inde,
1121 3802 1212 3896 quod

60 3928 103 3990 eat
121 3931 155 3991 et
175 3925 309 3994 dicitur
331 3930 413 3994 actu
437 3923 592 4014 cognita5
618 3921 679 3990 sed
702 3919 846 4011 perinde
870 3941 907 3986 se
931 3916 1047 4000 habet,
1073 3913 1148 3982 aive
1166 3910 1214 3978 sit

114 4101 150 4175 (l)
164 4107 214 4161 ·Si
227 4107 306 4160 nllne
324 4109 416 4160 motus
436 4106 466 4158 in
485 4105 542 4158 Deo
557 4117 647 4156 novus
669 4100 785 4154 exstitit
799 4103 828 4152 et
844 4099 979 4150 voluntas
997 4108 1080 4158 nova,
1104 4093 1137 4144 ut
1149 4104 1215 4142 con-

65 4187 129 4246 deret
143 4201 309 4261 erecturam,
333 4211 416 4262 qnam
438 4208 591 4260 nnmqnem
619 4195 686 4243 ante
704 4187 888 4252 condiderat,
912 4181 1049 4251 quomodo
1070 4181 1126 4232 iam
1146 4192 1214 4233 vere

66 4286 214 4354 aeterniter,
240 4287 291 4340 nbi
313 4287 407 4339 oritur
429 4286 575 4348 voluntas,
601 4297 671 4350 qnae
694 4295 748 4332 nou
769 4280 875 4332 cratln
895 4275 923 4329 S.
934 4275 1007 4340 Aug.
1019 4271 1148 4326 (lonicus.
1161 4267 1213 4320 xl.

68 4371 129 4424 ΗΟ.
142 4375 180 4430 Gi.
188 4377 291 4444 cyrill.
303 4377 386 4430 Alex.
402 4375 523 4428 de'l'rin.
540 4373 645 4436 dialog.
658 4373 692 4424 V.
701 4371 735 4426 d.
744 4369 777 4422 V.
787 4370 819 4420 P.
832 4367 855 4422 1.
868 4383 895 4434 p.
906 4365 967 4420 554:
985 4363 1072 4416 Innil.
1085 4359 1214 4412 Alrlccn.

69 4455 322 4531 depm,div,1231.
336 4467 391 4518 1.1.
408 4483 431 4517 e.
445 4465 487 4516 19.
999 4445 1003 4462 ¹
