3280 5070
900 392 938 406 -
959 361 1020 420 576
1042 393 1079 407 -

402 472 439 536 et
454 467 614 558 quisquis
637 466 743 536 habet
764 466 906 535 eandem
922 465 1034 534 ideam
1061 465 1404 556 praedestinationis,
1422 465 1567 556 quanin

402 573 477 642 suis
492 572 596 642 libris
618 573 761 642 exhibet
775 574 1011 664 Augustinus,
1030 573 1226 642 necessario
1241 573 1366 657 sentit,
1379 595 1450 640 non
1464 573 1567 640 inrer-

403 702 479 748 sum
502 680 561 747 sed
588 679 733 748 eundem
765 678 866 768 plane
896 702 972 747 esse
1003 679 1159 748 ordinem
1191 678 1521 770 praedestinationis
1539 687 1570 746 et

402 784 648 854 exseoutionis.

471 890 666 981 Propositio
690 891 799 960 maior
821 891 929 960 huius
956 892 1155 982 argumenti
1186 891 1292 962 iaoile
1322 893 1572 989 demonstratur
1636 931 1637 994 ᾗ

403 998 491 1089 ipsis
514 998 775 1068 definitionibus
798 998 996 1088 Augustini
1012 998 1237 1090 insuperiori
1261 998 1356 1068 thesi
1378 999 1569 1088 descriptis

406 1135 422 1169 s
437 1107 535 1174 Inter
550 1107 703 1195 gratiam
719 1129 833 1196 porro,
852 1107 982 1199 iuquit,
1000 1115 1037 1176 et
1054 1107 1409 1196 praedestinationem
1424 1108 1491 1174 hoe
1505 1114 1571 1174 tau·

403 1222 479 1282 tum
501 1215 660 1297 interest,
686 1215 778 1306 quod
801 1214 1076 1304 praedestinatio
1099 1219 1154 1283 est
1175 1217 1317 1304 prasius
1336 1217 1571 1304 praepararis,

403 1320 523 1412 gratia
539 1344 622 1390 vero
644 1321 714 1390 iem
729 1323 806 1409 ipsu
823 1321 1007 1392 ἀοηαιίο...
1026 1321 1199 1404 Quoniam
1223 1321 1502 1412 praedestinatio
1516 1321 1573 1389 Dei

404 1451 491 1520 quse
514 1428 551 1496 iu
574 1428 661 1496 bono
683 1435 750 1512 est,
775 1428 913 1518 gratias
939 1436 1005 1514 est,
1032 1433 1073 1497 ut
1099 1428 1187 1516 dixi,
1205 1429 1444 1519 praeparatio,
1461 1429 1573 1518 protis

403 1557 479 1602 sero
492 1548 541 1600 est
553 1535 664 1623 ipsius
670 1531 1003 1623 praedestinationis
1014 1535 1162 1622 effeetus.
1178 1561 1194 1596 s
1208 1532 1571 1604 Praedest.SS.n.19.

404 1641 491 1712 'l'ria
513 1641 706 1732 distinguit
727 1642 765 1710 h.
782 1641 808 1710 l.
826 1641 1065 1732 Augustinus,
1093 1658 1205 1710 aetus»
1228 1642 1384 1710 disisam
1411 1667 1487 1708 esus
1508 1665 1572 1708 oss

404 1751 582 1815 notatione
596 1749 794 1815 collationis
808 1753 949 1838 prusiae
962 1773 1025 1838 pro
1045 1749 1186 1838 saturo,
1204 1747 1290 1818 haeo
1312 1755 1368 1816 ast
1389 1747 1574 1839 praedesti·
1630 1813 1631 1819 ,

404 1855 521 1942 natio;
546 1855 670 1925 deiude
694 1871 805 1922 aotam
837 1854 992 1924 divinem
1015 1879 1088 1924 eum
1117 1860 1357 1924 moerorisne
1382 1857 1575 1924 eollatiosis
1636 1925 1637 1928 ,

405 1965 442 2028 in
462 1967 651 2052 praesenti,
677 1963 762 2032 haee
784 1971 838 2034 est
864 1965 1006 2034 douutio
1028 1971 1064 2034 et
1086 1987 1250 2055 praesens
1272 1965 1505 2034 benefioentis
1524 1985 1576 2032 seu
1636 1955 1637 2038 J

404 2071 523 2162 gratia
549 2071 614 2138 Dei
635 2071 786 2140 efficiens
809 2071 961 2161 gratiam
985 2071 1221 2140 inhaerentem
1244 2093 1286 2141 ao
1311 2071 1442 2140 donum
1457 2072 1495 2139 in
1510 2071 1574 2138 ani·
1636 2138 1637 2144 ,

406 2200 481 2266 ma3
513 2185 686 2268 postremo
716 2179 780 2248 hoo
812 2181 923 2267 ipsum
953 2179 1087 2252 donam.
1107 2186 1163 2248 est
1191 2179 1527 2270 praedestinationis
1546 2185 1575 2245 et

406 2287 603 2356 donationis
626 2287 785 2355 effeetus.
810 2287 1039 2358 Definitioues
1071 2285 1203 2356 similes
1235 2287 1363 2377 passim
1393 2295 1573 2356 ooourrunt
1636 2353 1637 2360 ,

404 2395 443 2462 iu
466 2405 613 2486 utroque
636 2393 727 2462 libro
743 2395 785 2464 de
800 2393 979 2464 Praedest.
999 2395 1063 2464 SS.
1081 2395 1176 2464 etde
1198 2395 1296 2463 Dono
1313 2417 1493 2483 persever.
1509 2394 1572 2461 Isu
1636 2383 1637 2466 J

404 2523 487 2572 vero
511 2502 541 2570 si
565 2501 667 2570 iuxta
692 2499 935 2590 Augusiiuum
964 2501 1237 2591 praedestinatio
1266 2508 1302 2570 st
1332 2502 1412 2591 ipsa
1444 2501 1573 2571 donatio
1636 2493 1637 2496 '

405 2631 473 2678 nou
496 2609 669 2678 differunt
689 2609 760 2678 uisi
782 2609 1024 2678 oonuotatioue
1042 2610 1167 2697 saturi
1188 2616 1225 2678 et
1236 2613 1434 2698 praesensi·
1463 2611 1501 2678 in
1515 2629 1572 2676 uno

404 2717 589 2809 eodemque
611 2718 753 2802 effeetu,
771 2719 927 2808 proferto
955 2719 1014 2786 ubi
1029 2718 1171 2787 donatio
1186 2719 1349 2788 effectum
1365 2725 1571 2809 praesentem
1636 2786 1637 2798 ,

405 2848 473 2894 uon
496 2823 558 2892 det
580 2823 650 2892 nisi
666 2825 708 2892 ob
723 2826 898 2911 meritum,
916 2826 1022 2896 etiam
1038 2825 1313 2916 praedestinatio
1338 2825 1488 2895 eundem
1502 2825 1571 2892 effe·

406 2938 499 3001 otum
523 2955 590 3000 uon
616 2931 696 3001 vult
717 2933 787 3002 nisi
810 2936 853 3002 ob
876 2935 1040 3004 meritum
1062 2933 1275 3025 praevisum
1299 2939 1355 3002 est
1376 2934 1472 3002 enim
1488 2951 1570 3024 prae·
1636 3000 1637 3008 ,

405 3039 595 3110 destinatio
610 3047 647 3108 et
662 3040 804 3110 donatio
828 3065 898 3110 uua
920 3043 1082 3113 effeotrir
1100 3041 1265 3112 voluutas
1281 3043 1398 3112 relata
1413 3043 1461 3111 ad
1475 3063 1571 3110 unou
1636 3031 1637 3114 J

404 3152 441 3216 et
462 3147 607 3216 eundem
630 3149 792 3216 effoetum
815 3149 879 3232 ita,
899 3155 940 3217 ut
961 3150 1064 3218 iuxta
1079 3151 1277 3240 Augustini
1297 3150 1497 3220 docuinam
1512 3147 1570 3216 dia
1636 3221 1637 3234 ,

405 3254 532 3324 tinotio
555 3255 657 3325 unios
673 3278 709 3324 ss
731 3263 849 3324 teneat
872 3281 914 3324 su
932 3273 1037 3348 pos-rs
1064 3261 1237 3347 temporis,
1265 3283 1332 3350 pso
1357 3257 1496 3346 φαεν
1510 3255 1569 3322 esi·
1636 3331 1637 3344 ,

405 3365 488 3442 stin
511 3388 577 3429 nos
608 3377 720 3430 uatem
744 3386 786 3432 ssu
808 3379 909 3452 porte
938 3365 1029 3432 modi
1053 3380 1085 3432 et
1108 3364 1262 3448 ordinis,
1288 3390 1354 3458 poso
1386 3365 1480 3432 Deus
1508 3360 1570 3430 usit
1636 3357 1637 3361 ¹

406 3467 570 3556 effoetum.
587 3471 687 3541 Hane
711 3473 748 3540 S.
765 3472 929 3542 Dootoris
951 3473 1159 3542 seutentiam
1181 3473 1356 3564 expressit
1372 3471 1409 3541 S.
1428 3471 1568 3560 Fulgen·
1636 3461 1637 3548 ζ

406 3574 480 3644 tius
495 3577 539 3646 ad
555 3577 696 3648 Monim.
714 3579 739 3648 l.
759 3582 790 3650 I.
807 3605 837 3649 o.
857 3581 891 3649 7.
913 3580 1139 3673 «Utrumque
1159 3581 1317 3668 (initium
1331 3587 1370 3649 et
1384 3581 1569 3670 profertum

406 3683 581 3772 iustitiae)
602 3685 893 3774 praedestinando
923 3688 1019 3757 Deus
1048 3688 1275 3778 praeparavit
1304 3687 1343 3755 in
1367 3685 1435 3754 illa
1456 3685 1567 3754 inoou·

406 3790 567 3858 mutabili
590 3791 793 3878 voluuiate,
818 3793 857 3863 in
888 3819 958 3886 qua
980 3797 1031 3862 sio
1056 3795 1221 3882 faturum
1250 3793 1406 3882 effeetus·
1437 3791 1568 3858 mise

404 3896 593 3966 renovandi
615 3898 799 3990 disposuit,
816 3917 855 3968 at
871 3905 944 3970 sios
968 3903 1128 3970 solantur
1145 3906 1182 3969 ie
1199 3926 1297 3992 opere
1311 3927 1395 3968 soro
1410 3925 1500 3968 noua
1512 3917 1569 3964 esse
1636 3889 1637 3897 ἵ

405 4033 473 4074 non
493 4012 650 4098 possit.»

471 4115 518 4186 θ’.
537 4116 769 4186 Consentiunt
783 4125 858 4187 tum
881 4120 1110 4210 Augustinus
1124 4124 1201 4187 tum
1222 4117 1473 4201 Massilienses,
1490 4111 1565 4208 quod
1636 4075 1637 4142 i

405 4223 500 4292 Deus
521 4245 563 4292 ea
587 4245 675 4314 quae
691 4224 802 4293 nullis
818 4225 992 4315 praevisis
1007 4225 1142 4294 meritis
1165 4225 1459 4317 praedestinavit,
1475 4223 1563 4292 etiam

406 4329 443 4398 in
465 4337 618 4419 tempore
642 4331 778 4399 uoufert
800 4330 900 4400 nullo
924 4332 1046 4400 merito
1074 4331 1319 4422 praesedente3
1345 4335 1467 4400 oenus
1496 4346 1563 4395 saro

407 4435 497 4526 quod
520 4457 561 4502 ea
587 4456 675 4526 quae
699 4437 736 4504 in
759 4443 911 4527 tempore
934 4439 1071 4507 eonfert
1086 4439 1128 4506 ob
1146 4437 1383 4530 quodcumque
1405 4436 1560 4505 meritum,
