3230 5072
542 382 581 398 ..
601 349 662 410 385
682 383 720 398 ...

47 449 154 520 solnm
168 475 215 522 ex
230 453 431 545 hypothesi,
446 455 536 547 quod
550 479 671 526 verum
692 456 896 545 contingens
907 453 972 538 hqc
983 456 1101 547 potius
1112 477 1214 548 qnam

46 557 111 627 elio
122 560 228 630 modo
243 584 280 631 se
295 561 434 632 habeat.
455 562 556 646 Quod
571 587 655 654 ergo
670 587 692 632 a
702 564 850 634 termino
860 563 997 654 pendet,
1013 570 1053 634 ut
1067 563 1215 634 scientis

45 666 105 734 Dei
128 669 311 738 referatur
332 670 450 760 potius
480 671 525 740 ad
548 671 662 762 ipsum
693 694 795 763 quem
822 672 867 740 ad
891 671 974 740 ‘eius
1004 671 1212 761 oppositum,

45 797 108 841 non
125 775 245 844 oritur
257 798 300 844 ex
312 777 571 868 imperfectione
585 778 645 848 sed
660 801 703 848 ex
716 778 927 868 perfectione
940 777 1117 862 scientiae,
1132 777 1217 868 quia

43 880 72 946 ei
96 881 135 949 in
153 903 193 950 sc
216 881 374 951 sbsolute
396 883 512 952 eodem
528 905 660 974 semper
676 885 774 953 modo
791 886 966 974 perfectus
981 906 1079 952 omne
1094 906 1215 952 verum

44 990 178 1074 subest,
204 990 298 1060 sicut
319 1013 440 1081 reapse
462 1015 499 1060 se
521 992 639 1062 habet.
660 1021 676 1057 c
694 990 850 1061 Scientiu
872 991 1020 1060 visionis
1047 1013 1150 1081 super
1165 990 1216 1059 di-

45 1095 163 1164 vinem
181 1098 362 1168 scientiam
378 1098 470 1167 nihil
486 1099 588 1168 addit
602 1099 699 1168 intra
715 1122 825 1189 genus
848 1099 1008 1184 notitiae,
1027 1097 1086 1167 sed
1104 1098 1215 1167 solum

43 1203 267 1274 existentiam
290 1211 549 1292 creaturarum,
565 1228 653 1299 quas
676 1207 791 1276 videri
814 1206 980 1276 dicuntur
998 1232 1013 1268 o
1032 1205 1069 1274 S.
1089 1205 1156 1274 Th.
1174 1204 1217 1276 de

45 1309 190 1381 veritat.
208 1337 241 1404 q.
260 1312 294 1382 3.
312 1333 346 1380 a.
364 1311 397 1381 3.
414 1313 459 1382 sd
475 1313 508 1382 8.
527 1312 584 1381 Ad
617 1313 853 1404 quaestionem
886 1335 970 1403 ergo
1003 1313 1217 1404 propositum

45 1415 331 1509 distinguendum
354 1425 420 1488 ests
446 1415 594 1490 scientis
616 1421 682 1490 Dei
697 1421 734 1489 iu
751 1444 787 1491 se
813 1428 850 1491 st
864 1421 901 1490 in
918 1437 985 1490 sus·
1005 1419 1216 1511 perfectione

47 1525 171 1615 pendet
193 1548 215 1594 u
237 1529 385 1597 termino
408 1551 429 1596 a
451 1551 488 1597 se
508 1528 688 1617 distincto,
713 1552 813 1621 seqq·
835 1529 1034 1598 connotatio
1059 1525 1213 1612 termini,

46 1631 118 1701 sive
142 1640 185 1702 ut
207 1634 265 1704 hic
289 1635 406 1725 potius
432 1656 535 1728 quam
565 1636 659 1706 alius
689 1637 860 1707 terminus
892 1636 1056 1706 scientius
1086 1635 1214 1720 subsit,

46 1741 209 1827 pendete
223 1742 372 1812 termino
394 1749 430 1814 et
443 1765 466 1812 a
480 1743 590 1828 modo,
610 1765 677 1837 quo
704 1745 735 1814 is
764 1767 800 1814 se
826 1746 943 1830 habet,
961 1742 1216 1834 subdistingue.-

47 1848 170 1936 pendet
192 1852 230 1922 id
253 1873 275 1919 s
297 1851 445 1923 termino
467 1855 510 1922 ob
532 1851 828 1942 imperfectionem
855 1852 1033 1936 scientias,
1051 1877 1152 1944 cepa·
1174 1853 1216 1921 ob

48 1955 290 2042 perfectionem
302 1960 480 2046 scientiae,
491 1984 579 2054 quse
590 1963 785 2032 necessario
797 1959 972 2050 intelligit
984 1981 1082 2028 omne
1094 1981 1216 2028 verum

51 2059 138 2133 sicut
159 2073 226 2151 est,
252 2067 402 2138 macedo.

113 2171 345 2242 Corollarium
369 2183 401 2246 1.
426 2177 555 2263 Exeo,
582 2177 672 2270 quod
694 2179 790 2247 Deus
805 2177 848 2245 sb
874 2181 1015 2246 esterno
1038 2172 1217 2264 cognoscit

51 2279 171 2366 omnis,
197 2286 238 2350 ut
259 2305 323 2373 pro
346 2283 472 2375 quavis
497 2284 663 2376 temporis
687 2283 888 2354 differentia
914 2282 952 2350 in
970 2281 1109 2371 seipsis
1133 2284 1217 2349 suut

53 2385 103 2454 vel
125 2410 199 2457 esse
221 2397 379 2480 possunt,
397 2414 466 2460 nou
489 2391 622 2461 dicitur
644 2391 869 2484 possibilibus
896 2389 954 2459 vel
976 2388 1128 2457 noudum
1144 2387 1215 2456 exi·

53 2495 218 2565 cientibus
241 2505 432 2590 competere
454 2499 596 2592 aliquod
619 2525 686 2568 esee
709 2497 928 2581 diminutam,
945 2497 987 2566 de
1010 2518 1077 2588 quo
1103 2494 1216 2587 aliqui

52 2597 155 2672 locuti
177 2610 280 2693 sunt,
306 2607 366 2676 sed
388 2608 560 2678 asseritur
590 2608 748 2698 intelligi
770 2629 791 2676 s
813 2609 886 2676 Deo
913 2612 1023 2675 totam
1045 2604 1214 2673 rationem

53 2709 148 2794 entis,
165 2717 272 2802 prout
286 2711 324 2781 iu
340 2735 377 2782 se
400 2715 502 2800 foret,
521 2715 552 2784 si
568 2715 829 2807 produceretur;
847 2713 905 2782 vel
920 2719 1026 2804 prout
1040 2715 1124 2778 actu
1139 2715 1214 2778 tum

53 2823 117 2903 est,
143 2843 220 2889 cum
250 2821 383 2892 existit.
402 2823 590 2914 Cognoscit
615 2824 736 2918 itaque
768 2825 863 2892 Deus
894 2823 938 2891 eb
972 2827 1112 2892 aeterno
1148 2844 1216 2889 ems

52 2927 192 3012 actuale,
211 2929 302 3022 quod
325 2936 506 3001 creaturae
528 2931 655 3002 habere
678 2937 824 3023 possunt
846 2929 905 3000 vel
926 2927 1115 3022 aliquando
1131 2934 1213 2998 actu

53 3029 190 3120 hubent,
215 3059 285 3105 non
306 3041 422 3107 temen
453 3039 650 3128 cognoscit,
676 3061 735 3109 eas
757 3039 848 3108 illud
879 3061 947 3106 esse
975 3043 1057 3107 actu
1086 3036 1214 3106 habere

54 3139 90 3207 sb
102 3149 253 3232 aeterno;
268 3145 371 3232 immo
386 3148 576 3237 cognoscit,
594 3147 732 3217 nullum
746 3171 807 3217 ens
821 3169 842 3214 s
858 3169 894 3215 se
917 3145 1123 3214 distinctum
1139 3164 1214 3214 esse

55 3255 124 3318 ectu
147 3253 192 3319 ab
214 3257 368 3321 aeterno.
387 3251 504 3344 Supra
517 3253 571 3323 th.
589 3253 744 3323 XXXII.

111 3357 343 3428 corollarium
364 3367 399 3428 2.
424 3361 616 3453 Colligitur
645 3385 687 3432 ex
718 3361 842 3446 dictis,
868 3359 1035 3454 quomodo
1065 3358 1214 3430 scientis

55 3460 109 3532 Dei
130 3465 191 3551 sit,
216 3472 253 3535 et
268 3469 435 3557 quomodo
457 3492 527 3538 non
550 3470 599 3538 sit
614 3469 805 3557 intuitiva;
833 3469 923 3538 unde
944 3490 1046 3558 porro
1061 3473 1210 3550 constet,

55 3571 176 3642 nullius
206 3573 340 3644 valoris
369 3597 443 3644 esse
474 3583 739 3667 argumentum,
773 3599 840 3669 quo
875 3576 1029 3645 Didaous
1058 3574 1211 3643 Alverez

56 3677 102 3761 (de
115 3681 274 3750 Auxiliis
295 3681 321 3752 l.
339 3681 389 3751 H.
408 3707 438 3752 o.
457 3685 510 3770 8.)
536 3707 614 3753 cum
644 3684 726 3752 aliis
755 3684 899 3774 probare
923 3682 1038 3751 voluit
1060 3682 1211 3750 omnium

57 3807 157 3855 rerum
181 3791 370 3859 secundum
393 3814 460 3858 esse
485 3814 586 3862 suum
602 3791 695 3861 reale
710 3792 933 3861 existentiam
950 3791 986 3858 in
1002 3787 1211 3858 aeternitate

57 3893 92 3962 sb
111 3903 260 3984 aeterno,
287 3899 377 3990 quod
401 3899 537 3970 scilicet
559 3923 658 3969 secus
680 3900 775 3969 Deus
797 3922 866 3967 non
889 3902 1005 3988 posset
1020 3895 1139 3964 videre
1154 3917 1211 3963 res

57 4001 92 4069 ob
104 4011 239 4075 aeterno
254 4007 453 4097 cognitione
479 4007 664 4077 intuitivs.
683 4009 740 4078 Ad
756 4005 962 4076 intuitivem
979 4003 1209 4092 cognitionem

59 4131 92 4177 ex
111 4121 205 4202 parte
227 4113 320 4182 modi
344 4117 573 4204 cognoscendi
596 4117 810 4208 requiritur:
836 4119 872 4201 a)
904 4120 945 4181 ut
976 4111 1025 4180 sit
1055 4111 1210 4202 cognitio

60 4217 240 4290 immediate
261 4245 329 4290 nou
345 4229 462 4291 sutem
478 4223 639 4311 deducta;
659 4224 692 4309 b)
709 4227 750 4291 ut
765 4222 814 4291 sit
839 4219 1067 4312 apprehensio
1084 4219 1210 4289 obiecti

62 4333 95 4394 ut
112 4327 193 4398 inse
215 4335 283 4414 est,
301 4352 370 4418 non
394 4335 509 4400 eutem
532 4353 594 4422 per
609 4311 807 4420 analogiam
823 4329 984 4415 alterius;
1002 4327 1082 4398 inde
1099 4331 1129 4414 c)
1147 4350 1208 4417 per

65 4433 201 4507 accidens
215 4437 327 4507 solum
351 4439 557 4534 requiritur,
577 4445 617 4510 ut
639 4441 809 4509 obiectum
833 4435 1043 4528 cognitionis
1067 4435 1116 4505 sit
1137 4435 1206 4503 fcr-

183 4569 341 4624 semen
1031 4569 1064 4624 25
