3230 5072
547 363 724 422 -437-

58 460 178 529 Petrus
202 469 281 552 poet
302 471 479 553 peccatum
503 465 603 534 flebit
631 472 773 554 amare).
791 466 882 538 Vide
912 467 954 536 de
976 468 1041 537 hue
1072 491 1219 539 censura

57 567 153 636 Card.
177 569 219 637 de
241 568 342 659 Lugo
365 570 407 640 de
429 571 608 640 Incarnat.
628 573 718 664 disp.
745 573 801 641 26.
820 581 905 643 sect.
925 575 958 644 6.
976 582 1013 645 et
1034 577 1151 645 Livin.
1176 577 1219 646 de

55 673 170 764 ldeyer
193 677 329 746 Hister.
343 677 515 770 Congreg.
533 680 576 750 de
592 681 703 749 auxil.
719 680 744 750 l.
761 681 805 749 V.
825 705 855 751 c.
869 682 925 751 31.
938 706 973 774 p.
987 682 1066 752 434.
1084 707 1158 776 sqq.

492 898 636 959 THESIS
658 899 771 960 XLIV.

198 1017 279 1079 Cam
300 1023 478 1100 infallibili
493 1027 717 1101 praescientia
737 1027 856 1086 diuina
875 1029 1071 1088 conciliatur

481 1123 613 1185 libertas
634 1124 792 1184 bumana.

117 1317 129 1344 ι
144 1298 190 1350 Ex
209 1297 356 1354 declarata
373 1303 485 1355 ratione
498 1304 705 1370 praescientiae
717 1305 769 1359 Dei
788 1305 1009 1374 demonstratur,
1032 1305 1219 1360 infallibilem

56 1388 290 1452 »praevisionem
304 1388 433 1443 divinam
445 1407 501 1444 non
523 1393 615 1458 magis
634 1394 741 1447 officere
756 1395 889 1448 libertati
909 1402 1021 1450 actuum
1034 1394 1220 1449 humanorum

56 1487 162 1540 squam
188 1477 388 1532 necessitatem
417 1487 655 1549 consequentem,
679 1499 736 1550 qua
757 1482 823 1536 dum
843 1484 970 1550 agimus,
996 1499 1053 1537 non
1072 1499 1221 1553 possumus

57 1565 164 1618 ulmal
188 1581 247 1620 non
270 1583 363 1634 agam.
377 1591 390 1618 e

114 1767 206 1836 Tota
241 1765 433 1836 difficultas‘
466 1769 503 1836 in
534 1770 751 1839 concilianda
785 1771 950 1840 libertate
981 1777 1221 1840 creaturarum

55 1897 124 1943 cum
147 1874 412 1944 infallibilitate
436 1877 668 1966 praevisionis
692 1877 834 1947 divinae
858 1879 1028 1968 originem
1051 1878 1222 1948 habebar

54 1984 253 2074 imperfecto
275 1992 394 2052 nostro
410 1985 508 2054 modo
524 1985 739 2075 concipiendi
754 1987 933 2055 scientiam
949 1995 1136 2055 aeternam.
1150 1988 1222 2056 Nos

57 2076 174 2161 lutura
194 2116 265 2161 nun
288 2093 528 2182 cognoscimus
543 2093 614 2162 nisi
637 2095 674 2164 in
698 2095 925 2186 dispositione
949 2096 1171 2166 antecedente
1186 2104 1222 2166 et

55 2202 147 2270 nobis
170 2209 354 2293 praesente
376 2223 559 2270 causarum
584 2202 653 2289 (1);
680 2203 770 2272 unde
793 2209 939 2272 eatenus
962 2211 1056 2272 certo
1079 2225 1220 2294 praeno·

58 2307 178 2377 scimus
202 2309 338 2393 futura,
357 2312 529 2399 quatenus
560 2307 794 2398 intelligimus
825 2330 948 2378 causas
973 2309 1221 2379 determinatas

57 2413 95 2482 ad
117 2438 239 2483 unum
250 2415 399 2484 Proinde
421 2421 537 2483 actum
554 2413 795 2484 infallibiliter
810 2417 1073 2506 praecognitum
1089 2439 1223 2508 semper

58 2521 266 2612 concipimus
289 2528 331 2590 ut
353 2521 597 2590 antecedenter
617 2521 884 2592 determinatum
900 2524 938 2592 in
962 2533 1067 2593 causa
1089 2547 1130 2592 ac
1146 2546 1221 2614 pro·

57 2635 169 2718 pterea
190 2653 260 2698 non
281 2629 684 2699 liberum.Intuitionem
706 2639 822 2700 antem
845 2640 946 2702 actus
962 2632 1075 2723 ipsius
1097 2632 1224 2702 habere

58 2737 187 2826 quidem
200 2761 395 2828 possumus,
411 2739 492 2808 dum
508 2747 562 2807 eat
577 2740 614 2807 in
629 2743 822 2830 praesenti;
845 2763 913 2810 uon
929 2763 1123 2832 possumus,
1142 2742 1224 2809 dum

59 2844 163 2915 adhuc
175 2848 324 2916 futurus
336 2853 400 2916 est.
409 2846 502 2916 Hinc
514 2847 646 2916 nullam
659 2849 851 2938 reperimus
863 2848 1102 2918 difficultatem
1113 2846 1224 2916 cunci·

58 2950 162 3022 liandi
184 2955 386 3023 libertatem
402 2963 516 3040 actus,
535 2977 635 3047 quem
664 2955 894 3046 inpraesenti
918 2955 995 3024 fieri
1019 2956 1221 3040 intuemur,

60 3081 129 3128 cum
151 3060 412 3130 infallibilitate
427 3069 566 3131 nostrae
582 3061 740 3148 visionis,
756 3063 840 3155 quia
862 3062 1098 3153 intelligimus
1123 3060 1224 3129 visio·

60 3187 128 3234 nem
163 3175 321 3237 nostram
354 3190 422 3236 nou
452 3191 526 3238 esse
557 3189 697 3237 caueam
731 3175 856 3254 actus,
886 3169 945 3238 sed
976 3171 1078 3237 immo
1108 3175 1224 3236 actum

61 3271 199 3343 liberum
227 3275 484 3365 praesupponi,
521 3283 562 3344 ut
588 3298 610 3342 a
644 3275 743 3344 nobis
774 3282 950 3368 tamqnam
985 3277 1075 3344 liber
1110 3274 1224 3344 videri

61 3381 173 3466 possit:
200 3381 260 3450 sed
283 3379 473 3450 difficultas
495 3383 593 3449 uobis
620 3388 766 3472 apparet
795 3381 1005 3451 conciliandi
1027 3381 1224 3451 libertatem

63 3491 152 3555 actus
179 3489 297 3556 futuri
333 3511 409 3555 cum
441 3486 626 3556 infallibili
655 3487 731 3557 eius
760 3489 1006 3578 praenotione,
1035 3511 1112 3556 cum
1141 3509 1224 3555 non·

64 3588 136 3658 dum
157 3601 223 3662 est.
246 3592 343 3676 Quae
365 3601 481 3662 tamen
506 3593 695 3662 difficultas
711 3617 780 3662 nou
795 3601 887 3663 esset
903 3595 1013 3662 maior
1029 3595 1065 3662 in
1081 3617 1224 3685 praeno-

64 3697 147 3769 tione
167 3701 308 3785 futnri,
332 3723 434 3792 qnam
466 3701 502 3768 in
533 3699 722 3770 intuitione
748 3701 964 3791 praesentis,
996 3702 1028 3769 ei
1059 3701 1225 3772 distincte

66 3805 232 3898 concipere
248 3829 425 3898 possemus
439 3805 663 3875 intuitionem
679 3808 795 3876 futuri
818 3813 993 3898 tamquam
1017 3807 1221 3896 p1·aesentis;

66 3931 132 3978 cum
158 3936 227 3982 non
259 3913 371 4004 magis
401 3913 576 4004 praevisio
608 3936 714 3983 causa
743 3915 792 3984 eit
822 3921 922 3983 actus
954 3912 1088 3999 futuri,
1122 3935 1224 4005 quam

121 4094 160 4168 (1)
173 4121 186 4147 a
197 4099 266 4153 (lum
286 4114 352 4164 engo
369 4095 398 4172 (a
416 4095 511 4169 noble)
530 4097 625 4152 videri
647 4097 782 4152 dicuntur
793 4098 902 4164 futura,
920 4111 976 4149 nou
987 4097 1060 4164 ipsa,
1076 4112 1148 4164 quac
1159 4111 1225 4150 non·

70 4178 124 4235 dun
143 4192 219 4255 sunt,
235 4185 265 4240 id
286 4191 332 4240 est
351 4202 424 4254 qnae
444 4186 544 4238 futura
563 4190 641 4254 sunt,
654 4186 702 4240 sed
714 4202 809 4240 eornm
828 4201 913 4239 causa
932 4186 979 4238 vel
999 4184 1083 4250 signa
1101 4185 1226 4240 fossiles

70 4271 200 4345 videntur,
220 4293 292 4346 quae
314 4278 371 4331 lanu
391 4283 473 4344 snut,
494 4277 558 4330 idco
576 4293 632 4330 non
646 4277 745 4330 futura
764 4277 812 4330 sud
834 4275 1001 4345 praesentia
1019 4283 1088 4330 sunl
1105 4277 1162 4332 iam
1182 4273 1225 4358 vl·

72 4356 198 4498 pentibus,
218 4382 254 4420 ex
273 4366 377 4435 quibus
397 4367 498 4420 lutura
516 4365 719 4434 praedicantur
731 4367 825 4420 animo
843 4369 1002 4434 conceptas
1022 4365 1145 4433 August.
1156 4365 1225 4420 don·

83 4463 130 4505 m.
141 4455 190 4512 n.
203 4457 247 4510 18.
