3292 5062
550 381 587 394 -
612 347 670 409 159
691 381 728 394 -

58 457 110 522 ita
133 455 358 545 perfectiones
381 463 418 525 et
439 453 614 522 attributa
645 453 768 523 divina
792 455 834 522 ab
857 454 1009 523 essentia
1031 460 1068 522 et
1091 454 1180 523 banc
1203 477 1224 522 a

57 563 209 651 personis
230 562 376 630 realiter
400 562 574 652 distingui
599 561 687 648 (vid.
706 561 830 630 Petav.
849 561 874 628 l.
893 562 922 628 Ι.
944 585 973 630 c.
994 564 1058 648 8.).

121 669 173 737 Ut
193 677 380 760 appareat,
407 669 573 760 quomodo
603 668 722 758 plures
744 667 902 736 notiones
925 692 954 736 e.
985 695 1020 759 g.
1047 671 1222 751 essentiae,

55 779 263 865 sapientiae,
287 773 561 856 misericordiae,
587 777 748 840 institiae
770 780 836 842 ete.
861 776 1092 865 respondeant
1114 775 1223 844 eidem

56 887 184 954 abiecto
199 884 469 975 simplicissimo,
496 893 532 953 et
554 892 669 952 tamen
687 906 757 951 una
772 884 911 952 notione
928 907 957 952 s.
976 909 1012 972 g.
1031 884 1223 973 sapientiae

55 1015 117 1060 uon
136 993 343 1080 sonnolirer
364 993 454 1060 idem
479 991 726 1080 concipiamus,
746 992 837 1082 quod
853 991 991 1060 notione
1007 991 1121 1060 altera
1136 1014 1166 1060 e.
1185 1017 1220 1081 g.

56 1100 221 1184 iustitiae,
247 1099 379 1168 sufficit
401 1099 705 1182 animadvertisse,
732 1099 823 1189 qnod
848 1099 884 1166 in
908 1099 1148 1188 superioribus
1171 1100 1222 1168 di-

55 1219 145 1276 ctum
170 1217 233 1292 est,
260 1229 364 1274 unam
388 1205 681 1295 simplicissimam
705 1205 892 1272 essentiam
915 1205 1070 1273 divinam
1096 1205 1222 1274 suain-

55 1315 186 1382 tensivs
207 1313 351 1382 infinita
372 1312 584 1402 perfectione
599 1335 673 1380 esse
690 1313 867 1402 exemplar
889 1313 1146 1402 supereminens
1162 1312 1222 1378 ba-

54 1445 125 1488 rum
149 1422 304 1490 omnium
326 1419 590 1510 perfectionum,
616 1441 703 1510 quas
726 1442 787 1488 nos
812 1420 975 1510 primitus
994 1443 1036 1487 ex
1053 1419 1224 1488 creaturis

55 1530 280 1620 concipimus,
306 1535 343 1596 et
364 1529 506 1598 eandem
537 1527 828 1618 simplicissimam
854 1529 1040 1596 essentiam
1064 1526 1221 1595 divinam

54 1645 229 1724 praestare
245 1635 284 1704 id
296 1659 394 1704 omne
410 1637 507 1704 modo
523 1635 806 1721 eminentissimo,
825 1636 916 1728 quod
931 1635 1109 1704 increatis
1125 1655 1222 1725 prae·

54 1753 144 1814 stant
174 1745 296 1835 plures
326 1744 556 1833 perfectiones
586 1746 679 1813 inter
702 1767 738 1813 se
769 1745 958 1813 distinctae
989 1751 1025 1812 et
1047 1743 1218 1812 diversae.

53 1852 135 1920 Dum
160 1859 279 1920 autem
303 1874 409 1920 uuum
442 1859 598 1941 praestet
621 1853 750 1936 multa,
776 1875 844 1919 non
868 1874 967 1920 secus
989 1873 1030 1920 ac
1053 1851 1084 1920 si
1107 1851 1221 1940 ipsum

53 1965 137 2028 esset
160 1959 360 2049 multiplex,
386 1959 424 2026 in
446 1982 485 2026 eo
509 1965 564 2027 est
586 1959 767 2028 distinctio
792 1959 972 2027 virtualis.
1000 1958 1093 2027 Hine
1110 1959 1221 2026 notio·

56 2093 107 2136 nes
125 2069 379 2158 perfectionum
397 2075 516 2136 nostro
533 2069 735 2158 imperfecto
751 2068 967 2158 concipiendi
983 2068 1080 2136 modo
1097 2071 1221 2137 forma-

55 2199 122 2244 mus
145 2176 340 2244 distiuatas
371 2174 466 2242 inter
490 2197 526 2242 se
549 2181 585 2244 et
608 2175 790 2258 diversas,
817 2174 944 2265 quibus
968 2183 1041 2243 tum
1067 2174 1219 2266 siugulis

55 2293 118 2350 tum
140 2283 304 2350 omnibus
328 2282 496 2351 obiicitur
520 2283 609 2352 idem
633 2283 671 2350 in
695 2305 730 2351 sa
750 2283 839 2350 Ecce
855 2281 1016 2350 divinum
1033 2284 1221 2352 secundum

54 2389 206 2458 diversas
230 2397 349 2458 temen
371 2389 545 2472 rationes,
572 2411 657 2480 quas
689 2389 725 2457 in
757 2411 796 2457 eo
824 2389 1068 2480 distinguendi
1097 2391 1222 2459 funda·

56 2505 198 2566 mentum
223 2505 279 2566 est
300 2519 343 2566 ex
367 2496 443 2586 ipsa
466 2497 542 2565 eius
566 2497 706 2565 infinita
730 2497 955 2588 perfectione,
973 2497 1163 2566 necessitas
1179 2520 1221 2565 ex

55 2611 164 2672 uestra
188 2603 451 2693 intelligentiae
475 2605 747 2694 imperfectione.
766 2605 992 2674 identitatem
1007 2605 1097 2674 hanc
1112 2605 1164 2674 rei
1181 2613 1223 2674 ut

56 2712 132 2782 inse
156 2721 225 2796 est,
244 2721 282 2780 et
297 2713 540 2780 diversitatem
553 2713 727 2782 rationum
745 2714 934 2782 secundum
950 2736 1037 2803 ques
1052 2735 1126 2782 eam
1144 2735 1221 2781 eon·

57 2819 194 2907 cipimus
219 2821 372 2890 diversis
394 2821 607 2900 notionibus,
633 2821 791 2888 declarat
815 2821 851 2888 S.
871 2820 1034 2888 Thomas.
1062 2819 1221 2888 oOmnes

56 2927 133 2994 istae
156 2927 293 2995 multae
316 2928 470 2996 rationes
486 2936 522 2996 et
538 2928 699 2996 diversae
711 2929 842 2996 hebent
857 2927 992 3018 aliquid
1009 2928 1219 3017 respondens

56 3033 170 3123 inipso
187 3036 274 3118 Deo,
293 3034 393 3103 euius
418 3057 534 3104 omnes
556 3035 646 3104 istae
669 3036 908 3125 conceptiones
924 3035 1125 3104 intellectus
1139 3041 1223 3103 sunt

56 3141 339 3211 similitudines...
360 3140 461 3210 Nihil
477 3141 649 3231 probibet,
669 3142 752 3233 quin
768 3141 846 3231 ipsa
861 3163 931 3209 una
947 3143 1099 3211 essentia
1114 3143 1220 3210 omui·

58 3248 110 3316 bus
120 3249 314 3338 praedictis
324 3249 606 3338 conceptionibus
618 3250 836 3338 respoudeat,
848 3249 949 3340 quasi
961 3273 1022 3339 per
1030 3271 1088 3318 eas
1100 3251 1222 3340 imper

59 3357 133 3426 lecte
158 3365 483 3446 repraesentata...
503 3355 734 3425 Diversitatis
764 3379 849 3446 ergo
866 3357 924 3425 vel
941 3357 1220 3446 multiplicitatis

58 3465 221 3534 nominum
245 3463 360 3549 (idem
385 3463 482 3533 valet
504 3463 546 3532 de
570 3463 817 3553 conceptibus)
841 3485 947 3532 causa
977 3470 1032 3532 est
1053 3487 1096 3533 ex
1120 3474 1221 3555 parte

58 3568 248 3641 intellectus
271 3571 407 3656 nostri,
434 3572 495 3664 qui
518 3595 585 3640 non
610 3579 724 3662 potest
747 3572 947 3662 pertingere
970 3571 1015 3640 ad
1047 3571 1145 3640 illam
1169 3595 1220 3641 as·

59 3681 191 3747 mutiam
217 3679 403 3748 videndam
427 3681 614 3749 secundum
638 3681 728 3772 quod
752 3687 824 3765 est,
851 3679 910 3750 sed
934 3680 1032 3750 videt
1062 3703 1137 3749 eam
1161 3704 1221 3770 per

60 3785 172 3856 multas
197 3787 448 3856 similitudines
470 3787 546 3856 eius
570 3787 781 3871 deficientes
808 3787 845 3854 in
868 3787 1042 3856 creaturis
1066 3790 1167 3879 quasi
1183 3787 1220 3854 in

59 3895 184 3979 speculo
207 3894 433 3964 resultantes.
458 3894 558 3964 Unde
582 3894 613 3962 si
636 3893 747 3982 ipsam
771 3894 958 3962 essentiam
983 3894 1131 3978 videret,
1150 3919 1217 3962 non

60 3997 218 4089 indigeret
240 4002 404 4091 pluribus
428 4001 646 4088 nominibus,
671 4023 734 4072 nee
757 4001 933 4090 indigeret
956 4002 1117 4092 pluribus
1142 4025 1218 4070 con-

60 4107 273 4194 ceptionibus.
299 4109 348 4176 Et
371 4115 513 4198 propter
536 4109 601 4177 boe
624 4109 688 4178 Dei
704 4109 869 4192 Verbum,
889 4109 979 4200 quod
996 4116 1049 4176 est
1065 4110 1221 4199 perfecta

63 4215 220 4304 conceptio
244 4215 381 4305 ipsius,
407 4239 475 4283 non
499 4223 553 4284 est
575 4216 646 4284 nisi
670 4239 801 4302 unum3
829 4225 970 4306 propter
992 4215 1058 4285 hoc
1087 4217 1221 4286 dicitnr

64 4315 152 4388 Zacb.
175 4323 275 4392 XIV.
294 4321 327 4388 9:
357 4321 397 4406 iu·
418 4323 474 4391 die
497 4321 563 4390 illa
596 4321 666 4391 erit
689 4323 858 4392 Dominus
889 4347 1004 4407 unus,
1029 4329 1066 4392 et
1095 4345 1217 4391 nomeu

66 4425 127 4493 eius
148 4451 270 4514 uuum,
303 4431 441 4522 quando
465 4429 542 4518 ipsa
565 4430 641 4497 aius
673 4431 825 4500 essentia
856 4431 1054 4513 videbitur,
1083 4437 1119 4498 et
1150 4455 1217 4498 uon
