3262 5076
906 395 943 408 -
967 363 1030 426 510
1050 399 1087 410 —

410 470 504 536 certo
528 467 756 538 demonstrari
781 475 908 560 potest,
935 472 972 539 in
996 473 1198 564 quaestione
1214 477 1331 542 tamen
1346 472 1459 542 altera
1473 474 1586 542 multa

410 581 575 644 maneant
597 576 743 644 obscura
766 581 803 645 ct
824 578 1009 668 ambigna3
1035 579 1072 648 id
1095 581 1188 649 enim
1212 580 1391 670 contingit
1404 581 1442 648 iu
1457 583 1586 650 veritu-

409 679 504 749 tibua
528 679 716 772 plerisque,
742 685 779 749 ct
802 681 840 750 in
863 682 910 750 iis
933 683 1092 752 omnibus
1116 707 1204 772 qnae
1228 693 1315 754 sunt
1337 687 1477 776 proprie
1494 685 1586 754 dicto

410 787 592 876 mysteria.
616 785 685 856 Est
707 793 822 856 tamen
854 789 1067 874 conandum,
1102 797 1144 860 nt
1177 791 1337 882 quaestio
1367 791 1474 860 etiam
1507 793 1588 862 haee

409 892 523 962 altera
545 893 819 981 determinetur,
848 903 1019 988 qnantum
1042 921 1104 988 pro
1128 897 1244 966 indole
1274 899 1453 968 subiectae
1486 907 1587 968 matc-

409 999 483 1069 riac
518 1001 595 1070 fieri
618 1009 753 1092 potest,
779 1011 815 1073 ct
837 1011 1007 1096 quantum
1031 1027 1118 1094 opus
1140 1011 1195 1074 cst
1217 1006 1262 1074 ad
1285 1009 1589 1098 praeoccupandas

410 1107 467 1176 val
491 1108 676 1180 solvendae
699 1111 936 1198 difficultates„
964 1135 1053 1206 quae
1069 1121 1192 1183 contra
1208 1114 1320 1204 ipsam
1335 1116 1390 1182 rei
1406 1117 1586 1186 veritatem

411 1217 663 1308 Mmm.
1627 1217 1628 1290 l

476 1323 508 1391 1.
535 1324 750 1394 Testimouia
772 1327 971 1418 praecipua,
998 1329 1127 1420 quibua
1150 1329 1187 1396 iu
1214 1329 1416 1420 Scriptnris
1431 1334 1588 1422 proponi·

411 1441 472 1504 tur
495 1441 531 1504 et
561 1455 583 1502 a
613 1457 660 1503 as.
686 1434 852 1506 Patribus
882 1436 1082 1526 explicatur
1109 1437 1364 1507 universalitas
1395 1439 1589 1508 voluntatis
1627 1471 1628 1474 ¹

411 1542 611 1628 salvificae,
635 1564 704 1610 non
728 1541 843 1610 minue
866 1541 1021 1612 inientes
1045 1543 1325 1634 complectuntur
1347 1567 1456 1638 qnam
1487 1546 1588 1612 homi-

411 1673 472 1720 nes
494 1650 634 1720 adultos
658 1649 720 1738 (1).
747 1649 870 1718 Modus
897 1673 963 1742 quo
987 1651 1292 1722 universalitatem
1315 1653 1521 1721 voluntatis
1544 1651 1588 1720 di·
1627 1671 1628 1682 ¹

411 1757 535 1840 vinae,
568 1761 611 1825 ut
641 1779 756 1826 omnes
787 1757 944 1826 hominos
974 1757 1068 1828 salvi
1091 1760 1198 1845 fiant,
1225 1759 1500 1849 intelligendam
1522 1781 1588 1828 esse
1627 1811 1628 1819 .

413 1864 618 1955 Scripturae
648 1869 684 1932 et
713 1865 837 1934 Patres
868 1865 1011 1952 docent,
1045 1868 1246 1937 continetur
1269 1867 1367 1936 hisce
1389 1867 1513 1936 tribus
1541 1889 1586 1935 ra·
1627 1923 1628 1926 ¹

411 1973 578 2043 mm

481 2086 518 2170 a)
541 2081 633 2152 Vult
654 2083 749 2152 Deua
773 2082 890 2152 salvos
913 2083 990 2151 fieri
1015 2108 1125 2150 omnes
1149 2085 1318 2164 homines,
1351 2109 1502 2176 quoram
1526 2087 1587 2173 ipae

412 2189 1586 2278 Dwrmtmmmmm«Ommswmmoevffltmhoefifflhomr

413 2299 502 2363 enim
525 2295 615 2363 Deae
632 2323 649 2358 n
668 2295 700 2364 1.
728 2297 818 2364 Tim.
845 2297 878 2364 2.
904 2298 938 2365 4.
959 2325 975 2360 u
993 2297 1192 2368 Illeomnea
1208 2321 1290 2366 suos
1306 2299 1497 2384 vulterana,
1515 2322 1585 2388 quos
1627 2353 1628 2359 1

413 2402 568 2472 condidit
580 2419 612 2471 ct
624 2407 753 2471 creavit
772 2433 789 2468 e
806 2405 966 2474 Ambroa.
985 2405 1022 2474 in
1034 2405 1093 2474 Pa.
1107 2405 1164 2476 39.
1187 2435 1203 2471 a
1220 2406 1322 2476 Unus
1333 2407 1434 2474 Dana
1447 2409 1585 2472 omniun

414 2515 584 2580 dominam
607 2515 698 2582 Deoia
722 2529 783 2598 ert,
807 2520 843 2583 et
859 2515 935 2584 idco
952 2517 1051 2606 cupit
1067 2539 1183 2586 omnes
1199 2515 1345 2601 salvari,
1364 2539 1456 2607 qnos
1474 2516 1581 2584 fecit»
1627 2541 1628 2544 ¹

374 2609 376 2614 ¹
412 2621 560 2692 Primae.
587 2622 625 2690 in
649 2623 681 2692 1.
709 2624 799 2692 Tim.
825 2623 874 2691 II.
902 2625 935 2692 ὅ.
961 2630 1028 2693 eto.

480 2729 990 2818 &valencenensium
1021 2757 1152 2816 omnes,
1181 2733 1244 2824 qai
1272 2733 1397 2799 labent
1430 2747 1582 2799 notarem
1627 2775 1628 2796 2

414 2839 620 2920 lamnam,-
645 2839 727 2929 quia
749 2837 866 2906 Filius
888 2839 954 2907 Dei
977 2839 1163 2907 humanam
1186 2845 1349 2907 naturam
1372 2839 1579 2928 assumpsit.

413 2951 449 3014 et
472 2947 510 3014 in
526 2945 591 3014 ille
606 2945 824 3015 Deus-homo
841 2953 894 3014 cst
910 2946 1079 3015 mediator
1094 2947 1188 3016 inter
1203 2947 1314 3014 Deum
1331 2951 1368 3014 et
1383 2969 1516 3028 omnen,
1533 2943 1582 3035 qni

413 3059 497 3124 sunt
519 3053 683 3123 hominen.
702 3081 718 3117 u
732 3053 858 3122 Omnes
873 3053 1029 3122 homines
1046 3054 1127 3124 vult
1141 3053 1260 3122 salvos
1273 3055 1371 3140 fiori;
1391 3077 1489 3123 nnus
1503 3054 1580 3122 cuim
1627 3113 1628 3118 ,

412 3161 520 3245 Deua,
534 3185 621 3226 aeuo
633 3175 665 3226 et
678 3159 845 3226 mediator
860 3161 926 3228 Dei
943 3175 975 3227 ct
991 3163 1162 3226 hominum
1179 3161 1272 3226 homo
1285 3159 1453 3231 Christus
1466 3161 1579 3228 Iesum

415 3271 448 3338 1.
462 3269 554 3338 rim.
568 3268 616 3336 ib.
635 3297 651 3332 a
664 3269 820 3336 Humani
836 3269 975 3358 generis
993 3290 1099 3338 causa
1113 3267 1179 3339 Dei
1194 3268 1312 3338 Filius
1326 3274 1434 3338 natue
1451 3291 1497 3337 en
1512 3266 1580 3334 Vir·
1627 3296 1628 3302 ¹

414 3379 496 3469 gine
515 3383 625 3463 est...
653 3383 694 3445 ut
716 3377 817 3446 homo
834 3381 951 3447 factus
966 3400 1008 3446 en
1025 3378 1175 3468 Virgine
1189 3383 1353 3446 naturam
1368 3377 1407 3445 in
1422 3401 1463 3446 ac
1480 3374 1579 3446 carnis

414 3487 599 3576 acciperet,
614 3507 742 3578 parque
758 3484 865 3552 huius
882 3485 1108 3554 admixtionis
1124 3487 1325 3554 societatem
1339 3487 1578 3572 sanctiticatam

416 3596 453 3659 in
477 3616 513 3658 eo
534 3595 687 3660 universi
710 3595 846 3682 qenai-io
870 3593 1011 3658 tomani
1034 3617 1153 3681 corpas
1184 3595 1368 3674 emineant,
1400 3599 1443 3658 ut
1477 3613 1576 3682 quem·
1627 3617 1628 3628 ¹

415 3698 597 3770 admodum
621 3723 730 3766 omnen
754 3703 791 3764 ia
815 3723 849 3766 ee
867 3723 932 3788 por
948 3697 987 3764 id
1002 3699 1093 3792 qaod
1116 3723 1309 3790 corpoream
1323 3723 1358 3766 oe
1374 3723 1443 3765 coac
1468 3699 1575 3772 coluit,
1627 3741 1628 3760 .

414 3806 655 3891 conderentur,
686 3807 740 3876 ita
769 3831 910 3875 rursum
935 3808 973 3874 in
997 3830 1112 3875 omnes
1134 3807 1208 3897 ipsa
1231 3830 1292 3897 per
1316 3807 1372 3892 id,
1399 3807 1493 3898 quod
1513 3805 1575 3872 eius

414 3915 674 4000 eatinvieibilc,
689 3917 883 3982 referretur
901 3941 917 3976 n
935 3915 1052 3982 Hilar.
1073 3915 1173 3982 Trin.
1192 3913 1286 3983 1.11.
1305 3939 1339 3982 n.
1358 3914 1415 3982 24.
1436 3921 1503 3983 etc.
1627 3939 1628 3956 ¹

481 4029 510 4110 c)
542 4023 616 4091 Hoc
647 4023 762 4112 ipsum
792 4023 1005 4112 principium
1035 4021 1106 4090 alio
1131 4023 1229 4090 modo
1252 4027 1473 4112 proponunt,
1499 4013 1573 4110 quod
1627 4045 1628 4090 l

415 4131 553 4202 scilicet
577 4132 735 4202 Uiriatus
758 4145 910 4197 mortuae
933 4145 981 4196 eet
1001 4154 1066 4219 pro
1090 4129 1255 4212 omnibus,
1281 4131 1344 4218 qai
1366 4129 1494 4194 mortui
1509 4135 1573 4191 eene
1627 4121 1628 4192 l

481 4295 524 4371 (1)
541 4298 661 4352 Nomine
689 4299 850 4350 adulteram
870 4297 916 4350 hic
943 4311 1054 4364 sempor
1083 4295 1293 4360 intelliguntur
1311 4295 1443 4348 hominos
1466 4287 1571 4346 rationis

416 4405 497 4442 naum
518 4389 630 4456 adepti;
652 4389 702 4455 qui
721 4389 796 4442 onim
821 4389 945 4442 rationis
971 4390 1113 4454 compotes
1142 4399 1294 4452 numquam
1313 4385 1451 4450 tuamne,
1471 4382 1569 4434 mutat

415 4481 446 4533 in
460 4479 623 4534 conditione
639 4479 809 4547 insontium.
