3262 5076
880 351 918 364 ..
940 319 1001 381 536
1021 351 1059 365 -

388 429 508 493 ternae
531 424 687 515 reprobis
710 425 909 516 praecipere
926 424 1168 516 impossibilia,
1187 429 1293 518 atque
1315 426 1355 492 in
1377 423 1437 492 his
1462 421 1577 490 homi-

388 557 466 601 nem
490 533 684 602 necessario
701 533 761 602 sed
778 539 894 602 umen
912 533 1160 604 damnabiliter
1175 554 1332 622 peccare.
1349 531 1472 624 Atqui
1488 530 1577 599 haec

390 640 506 708 omnia
528 639 702 710 Catholici
726 641 794 727 illi,
820 642 862 710 de
887 643 1014 734 quibus
1037 648 1158 732 postea
1181 641 1316 710 dicturi
1341 663 1484 723 sumus,
1516 639 1577 706 da-

391 756 512 817 mnant
536 757 572 818 et
594 770 636 817 ex
660 750 736 818 suis
758 748 945 840 principiis
961 749 1125 841 consequi
1139 756 1284 839 negant.
1302 747 1488 817 Catholici
1513 747 1579 812 ita·

388 879 455 946 que
479 879 578 924 suam
601 856 701 924 fliam
724 858 917 948 opinionem
941 857 984 926 de
1007 855 1222 924 antecedente
1247 855 1502 946 reprobatione
1525 877 1579 919 ne

386 967 510 1052 garico
532 965 640 1034 libere
660 965 864 1053 defendunt
882 987 994 1058 neque
1017 969 1073 1034 i'as
1095 973 1151 1034 est
1173 986 1248 1034 eam
1272 988 1351 1034 cum
1375 962 1579 1032 sententiis

385 1073 640 1142 haereticorum
665 1073 889 1142 confundere.
914 1073 989 1142 Hoc
1011 1081 1127 1142 tamen
1150 1096 1219 1141 uon
1243 1072 1405 1162 impedit,
1433 1071 1577 1163 quomi-

385 1203 464 1266 nus,
493 1183 554 1274 qni
577 1204 652 1250 eam
676 1183 803 1251 falsam
826 1183 1044 1268 existimant,
1068 1183 1188 1251 eadem
1212 1181 1379 1250 libertate
1403 1201 1498 1248 suas
1524 1203 1580 1246 ra-

384 1289 499 1358 tiones
522 1297 719 1382 proponant
741 1299 784 1361 et*
800 1316 842 1362 ex
866 1291 1037 1377 omuibus,
1064 1292 1193 1384 quibus
1210 1295 1360 1382 possunt
1374 1287 1578 1380 principiis

385 1395 612 1486 theologicis,
639 1398 850 1468 sententiam
882 1399 1094 1468 contrariam
1116 1404 1277 1468 asserant
1299 1419 1342 1466 ac
1365 1394 1574 1478 vindicent;

383 1511 424 1571 ut
439 1526 501 1571 nos
517 1504 668 1572 inferius
683 1509 860 1596 praestare
877 1505 1107 1574 studebimus.

447 1610 492 1678 2⁰.
518 1611 781 1680 Haereticorum
804 1611 965 1681 doctrina
986 1635 1029 1680 ex
1053 1613 1100 1679 iis
1121 1611 1310 1703 capitibus,
1335 1632 1432 1702 quae
1453 1609 1576 1678 obiter

380 1719 626 1804 indicavimus,
651 1721 857 1789 manifestae
879 1719 1072 1810 impietatis
1087 1719 1324 1802 convincitur,
1344 1723 1516 1786 ceterum
1532 1739 1575 1785 ea

381 1826 547 1916 explicite
570 1829 754 1896 confutata
775 1835 840 1912 est,
866 1833 902 1896 et
927 1857 943 1892 a
968 1827 1054 1919 quid
1077 1826 1275 1896 catholicus
1297 1825 1434 1896 habeat
1457 1825 1573 1894 intel·

380 1932 495 2002 lectus
518 1935 560 2003 do
577 1934 645 2020 his,
667 1958 752 2028 quos
766 1935 811 2004 ad
834 1935 1020 2004 interitum
1044 1933 1324 2024 praedestinatos
1348 1933 1568 2004 credimus·

381 2043 433 2129 (S.
459 2043 565 2134 Fulg.
591 2045 618 2114 l.
637 2045 667 2113 Ι.
692 2069 722 2114 o.
742 2045 798 2112 28.
824 2045 869 2112 ad
885 2042 1058 2129 Momm),
1072 2042 1270 2112 luculenter
1286 2042 1516 2112 declaratum
1533 2041 1570 2108 in

379 2151 425 2218 iis
448 2151 665 2222 documentis
680 2153 944 2237 ecclesiasticis,
963 2151 1090 2243 quibus
1107 2150 1165 2222 vel
1179 2149 1380 2240 Augustini
1396 2149 1571 2218 doctrina

379 2259 549 2328 adversus
572 2261 842 2330 obtrectationes
859 2267 895 2328 et
909 2257 1138 2328 difficultates
1154 2259 1250 2328 circa
1265 2255 1357 2326 hanc
1371 2279 1451 2326 rem
1467 2257 1567 2324 obor-

380 2374 436 2435 tas
459 2367 613 2453 defensa,
639 2367 697 2437 vel
720 2367 859 2436 saeculo
872 2367 916 2436 V.
932 2389 973 2436 ac
985 2367 1049 2434 IX·
1064 2365 1220 2435 haeresis
1232 2364 1567 2456 praedestinatiana
1624 2429 1625 2450 ,

379 2473 585 2563 impugnata
596 2481 650 2544 est
661 2495 702 2544 ac
715 2471 1112 2543 condemnatacoucilii
1122 2471 1338 2540 Arausicani
1349 2469 1401 2538 Π.
1413 2469 1561 2539 ennea.
1624 2471 1625 2512 l

379 2581 494 2650 habet:
524 2611 540 2646 a
565 2583 639 2651 Hoc
661 2583 766 2651 etiam
790 2581 978 2651 secundum
1002 2579 1105 2648 fidem
1128 2577 1338 2648 catholicam
1362 2577 1556 2656 credimus,
1624 2589 1625 2608 ²

379 2689 471 2781 quod
494 2696 636 2780 accepta
659 2712 720 2779 per
743 2692 951 2780 baptismum
975 2691 1095 2780 gratia
1117 2711 1233 2758 omnes
1257 2685 1437 2776 baptizati
1462 2693 1561 2774 (ergo

378 2796 483 2863 etiam
507 2796 620 2887 quiin
635 2796 701 2864 Dei
716 2797 949 2887 praescientis
960 2803 1044 2866 sunt
1055 2797 1209 2888 reprobi)
1221 2793 1362 2863 Christo
1380 2792 1560 2862 auxilian-

377 2909 424 2988 te,
451 2927 539 2995 quae
563 2904 607 2972 ed
630 2903 779 2973 salutem
803 2904 939 2972 animae
961 2904 1154 2995 pertinent,
1179 2901 1317 2994 possint
1339 2905 1377 2970 et
1395 2900 1558 2982 debeant,
1624 2951 1625 2956 η

378 3011 410 3079 si
433 3009 585 3079 fideliter
608 3011 767 3080 laborare
790 3011 979 3097 voluerint,
1006 3009 1209 3102 adimplere.
1234 3007 1388 3100 Aliquos
1412 3030 1502 3077 vero
1516 3005 1558 3074 ud

377 3120 507 3188 malum
530 3120 653 3189 divina
675 3127 848 3210 potestate
871 3120 1150 3213 praedestinatos
1171 3141 1248 3189 esse
1270 3141 1339 3186 nou
1356 3115 1478 3187 solum
1492 3138 1558 3185 non

377 3227 563 3314 credimus;
590 3229 790 3312 sedetiam,
817 3229 848 3296 si
875 3237 960 3297 sunt
991 3228 1052 3321 qui
1081 3233 1221 3297 tantum
1252 3225 1383 3295 malum
1416 3225 1556 3295 credere

377 3335 500 3418 velint,
527 3359 605 3404 cum
627 3337 721 3404 omni
744 3336 973 3405 detestatione
989 3336 1035 3404 iis
1052 3335 1237 3405 anathema
1254 3333 1420 3403 dicimus.
1438 3361 1458 3396 e
1473 3334 1555 3402 Con-

376 3443 534 3512 sentiunt
556 3441 658 3512 Conc.
684 3445 852 3514 Carisius.
879 3467 955 3534 cap.
973 3445 1004 3513 Ι.
1022 3443 1093 3532 ΙΠ;
1108 3443 1288 3513 Valentia.
1302 3441 1373 3510 ΠΙ.
1388 3465 1471 3511 can.
1485 3440 1552 3526 111,

377 3551 536 3618 Trident.
563 3573 646 3618 sess.
672 3551 737 3621 VI.
763 3575 839 3621 can.
872 3551 991 3622 XVII.
1024 3551 1079 3620 Ex
1109 3551 1279 3620 Patribus
1309 3571 1394 3640 prae
1427 3549 1553 3620 ceteris

373 3659 515 3748 legendi
538 3663 621 3726 sunt
644 3657 680 3726 S.
707 3658 855 3749 Prosper
879 3659 916 3727 in
939 3659 1223 3749 responsionibus
1246 3657 1291 3725 ad
1306 3655 1415 3747 capit.
1435 3655 1552 3724 Gallo·

372 3789 451 3834 rum
475 3765 577 3835 etad
601 3765 812 3836 obiectiones
835 3765 1101 3852 Vincentianas,
1126 3773 1163 3834 et
1186 3765 1223 3835 S.
1243 3764 1461 3854 Fulgentius
1478 3769 1549 3832 toto

373 3873 463 3942 libro
487 3875 517 3942 Ι.
544 3873 588 3942 ad
611 3873 801 3942 Monimum
824 3876 1031 3965 praesertim
1054 3896 1076 3942 a
1099 3896 1175 3964 cap.
1202 3873 1258 3942 19.
1285 3897 1361 3964 sqq.
1396 3901 1414 3936 a
1446 3873 1550 3942 Vires

373 3981 608 4066 obedientiae,
635 3981 752 4072 inquit
773 3979 922 4072 Prosper
945 3981 1005 4070 (ad
1036 4005 1112 4072 cap.
1131 3980 1187 4050 12.
1213 3980 1339 4068 Gall.),
1373 4001 1443 4047 non
1474 3977 1548 4046 ideo
1624 4031 1625 4096 t

373 4089 466 4157 Deus
490 4090 653 4180 cuiquam
677 4089 867 4176 subtraxit,
894 4089 1077 4182 quiscum
1094 4111 1162 4157 non
1176 4086 1471 4178 praedestinavit;
1491 4083 1547 4154 sed

372 4196 449 4265 ideo
471 4219 548 4264 eum
572 4220 640 4265 non
662 4197 953 4287 praedestinavit,
973 4199 1057 4289 quia
1072 4218 1291 4266 recessurum
1307 4193 1446 4284 abipsa
1473 4195 1545 4262 obe·
1624 4267 1625 4304 1

371 4303 506 4373 dientia
528 4327 602 4372 csse
625 4305 815 4394 praevidit.
850 4331 866 4367 n
899 4303 1105 4374 Clarissima
1135 4310 1191 4374 eat
1219 4303 1384 4394 Prospsri
1410 4305 1544 4370 senteu-

369 4413 422 4478 tie
444 4411 488 4479 ad
520 4412 645 4482 obiect.
672 4413 756 4482 XII.
790 4412 1072 4483 vincentianam.
1102 4441 1119 4478 u
1144 4409 1340 4482 Voluntate
1369 4409 1541 4492 exierunt,
