3230 5072
559 391 596 404 -
616 361 676 420 379
696 391 733 404 -

43 455 96 524 tie
119 457 185 525 sui
211 459 354 546 ipsius»
380 461 547 530 Pantaen.
572 461 720 552 Dionys.
738 463 893 554 August.
912 463 1013 534 Licet
1035 487 1117 556 ergo
1137 465 1231 533 Dens

43 585 111 630 non
138 575 372 656 cognosceret
394 591 425 637 e.
438 594 473 658 g.
500 569 666 640 mundum
689 577 730 640 nt
753 571 971 657 existentem,
990 572 1061 640 nisi
1084 596 1145 663 pro
1168 572 1232 640 ali·

42 690 114 758 qua
147 672 322 761 temporis
353 671 553 742 differentia
583 675 698 764 reipsa
719 675 905 760 existeret,
932 677 1016 767 quia
1045 677 1139 745 Deus
1170 699 1233 766 pro

41 776 207 846 termino
231 779 441 868 cognitionis
464 779 569 850 habet
592 804 734 850 verum:
759 804 826 849 non
849 791 965 851 tamen
989 783 1137 852 mundus
1160 783 1232 852 exi-

41 889 144 950 stens
173 885 344 953 actionem
368 885 520 978 aliquem
545 896 581 956 et
602 887 773 956 influxnm
796 896 932 958 exercet
955 889 992 957 in
1015 890 1144 977 Deum,
1171 888 1231 958 sed

41 989 267 1061 solummodo
298 993 330 1060 si
361 994 530 1063 obieetive
557 1019 678 1064 verum
701 1005 773 1080 est,
800 996 963 1064 mundum
993 997 1141 1066 existere
1164 995 1229 1064 ali-

41 1093 212 1184 quando,
239 1096 362 1165 diviua
392 1099 590 1166 substantie
612 1101 677 1168 snb
707 1100 842 1168 ratione
872 1100 1037 1168 scientiae
1068 1100 1161 1169 sient
1184 1100 1228 1168 ad

41 1223 149 1271 omne
178 1226 310 1288 verum,
329 1205 381 1273 ita
395 1212 432 1274 et
453 1205 497 1274 ad
520 1205 585 1274 hoe
608 1229 729 1275 verum
752 1207 979 1292 terminatur,
1006 1206 1089 1299 qnia
1111 1230 1152 1276 ex
1177 1207 1228 1274 in·

43 1309 209 1378 trinseea
232 1332 297 1379 sus
318 1313 529 1401 perfectione
552 1313 782 1383 determinata
805 1321 860 1382 est
881 1314 925 1383 ad
956 1314 1228 1405 comprehensio·

43 1437 126 1482 nem
155 1418 268 1486 omnis
300 1419 387 1487 veri.
414 1419 536 1511 siqui
566 1443 650 1510 ergo
680 1421 835 1511 theologi
864 1421 1052 1512 aliquando
1082 1421 1225 1505 dicunt,

46 1522 229 1592 obiectum
251 1547 326 1594 sese
349 1525 474 1595 habere
498 1532 539 1595 nt
563 1527 883 1597 determinationem
906 1529 1072 1598 scientiae
1094 1528 1160 1598 Dei
1182 1529 1227 1596 ad

45 1629 170 1718 ipsum
185 1633 471 1721 cognoscendum,
486 1633 514 1701 ii
530 1634 849 1706 determinationem
865 1636 1045 1727 accipiunt
1059 1659 1098 1705 eo
1111 1658 1225 1720 senen,

49 1760 119 1826 qno
132 1760 197 1805 nos
209 1738 358 1809 dicimus
374 1741 585 1830 cognitionis
596 1743 793 1812 terminum.
803 1744 895 1813 Dum
910 1751 1028 1813 eutem
1040 1767 1103 1812 nos
1116 1744 1228 1814 deter-

51 1845 279 1915 minationem
294 1847 459 1918 scientiae
475 1848 541 1916 Dei
555 1872 617 1938 par
634 1850 801 1918 obiectum
818 1849 1021 1918 distinctum
1045 1871 1066 1916 a
1082 1851 1153 1918 Deo
1169 1871 1226 1918 ne·

50 1975 188 2040 gamus,
208 1976 377 2044 negamus
399 1956 568 2025 actionem
591 1965 627 2026 et
649 1957 820 2026 influxum
844 1957 970 2026 obiecti
985 1958 1022 2025 in
1038 1958 1148 2027 Deum
1165 1980 1227 2048 per

51 2059 190 2128 modum
206 2082 331 2130 censae
347 2061 404 2129 vel
427 2061 604 2152 principii.
623 2063 714 2130 Dum
730 2070 845 2132 antem
869 2062 1090 2148 affirmamus,
1109 2063 1228 2152 cogni,

51 2166 182 2235 tionem
195 2167 264 2236 Dei
286 2168 513 2238 determinari
536 2191 596 2259 per
612 2169 722 2260 ipsam
737 2170 803 2239 Dei
819 2171 1016 2255 essentiam,
1033 2169 1106 2238 tria
1127 2169 1226 2238 nobis

56 2273 227 2343 volumus:
238 2277 439 2365 a)nepotive
449 2299 517 2345 non
529 2299 603 2346 esse
617 2299 757 2346 cansam
769 2277 979 2368 cognitionis
991 2277 1222 2363 extraDeum;

54 2380 87 2468 b)
109 2386 283 2471 positive,
314 2384 482 2452 rationem
512 2385 724 2475 cognitionis
753 2409 828 2454 esse
858 2387 969 2476 ipsam
1000 2385 1225 2453 intrinsecam

54 2487 116 2557 Dei
139 2492 397 2581 perfectionem
424 2499 454 2581 c)
477 2495 573 2562 iacta
594 2493 820 2562 distinctione
848 2493 1036 2563 secundum
1066 2499 1224 2560 nostrum

55 2599 187 2667 modum
210 2599 436 2689 intelligendi
457 2601 550 2670 inter
572 2602 637 2670 Dei
660 2601 844 2670 essentiam
872 2606 909 2669 et
930 2597 1221 2682 intellectionem,

56 2705 236 2773 essentiam
251 2729 274 2773 a
287 2707 387 2774 nobis
410 2707 544 2798 concipi
561 2715 602 2775 ut
618 2707 767 2798 priorem
783 2706 919 2775 ratione
934 2713 970 2774 et
990 2711 1031 2773 ut
1052 2705 1223 2773 obiectum

57 2808 285 2881 determinans
298 2814 527 2903 cognitionem
541 2815 708 2900 divinam,
719 2815 900 2904 desumpta
912 2811 1075 2901 analogia
1085 2833 1127 2880 ex
1139 2809 1223 2880 rela

57 2913 155 3001 bone,
172 2939 263 3009 qnae
273 2926 328 2987 est
343 2917 436 2988 inter
452 2926 591 2988 nostres
606 2920 822 3010 cognitiones
837 2939 1022 3008 earumque
1037 2915 1219 2986 obiectum.

463 3103 608 3164 THESIS
630 3102 808 3163 XXXVIII.

129 3225 255 3289 Divina
275 3233 417 3291 meantia
437 3237 483 3289 est
504 3229 660 3288 obiectum
680 3226 824 3300 formale,
846 3229 959 3287 omnia
980 3227 1051 3286 alia
1072 3242 1150 3284 vera

252 3327 571 3390 sacramentarium
592 3327 749 3388 obiectum
771 3328 927 3388 scientiae
948 3324 1019 3385 Dei.

119 3483 186 3536 «lex
206 3485 329 3550 ratione,
351 3497 408 3550 qus
425 3482 648 3536 Intellectionam
667 3480 720 3533 Dei
746 3479 781 3533 ad
800 3480 956 3532 essentiam
975 3476 1103 3530 divinam
1123 3478 1153 3528 et
1171 3490 1221 3542 per

65 3572 240 3626 warentiam
258 3572 408 3626 adestare
426 3573 520 3626 omnia
538 3587 568 3625 se
587 3571 691 3625 habere
711 3566 967 3622 demonstravimus
977 3605 983 3632 ,
1005 3567 1107 3632 sponte
1126 3578 1220 3618 conre-

65 3663 200 3728 =antnr,
221 3663 377 3716 aasentIam
402 3662 530 3718 (lisinam
559 3677 620 3715 esse
639 3667 669 3716 et
686 3663 788 3714 merIto
807 3676 825 3712 a
844 3657 986 3723 theologis
1005 3655 1062 3709 ddcl
1082 3653 1221 3707 obiectum

66 3766 75 3792 ι
89 3750 213 3818 princeps
225 3752 399 3819 etfamale,
415 3752 529 3818 reliqua
548 3755 641 3804 antem
662 3766 731 3804 vara
748 3751 885 3804 universa
899 3749 1038 3802 obiectum
1051 3759 1113 3797 esso
1126 3758 1220 3795 suun-

67 3837 195 3894 ·doriam
214 3845 244 3893 et
261 3842 406 3893 mantola
424 3841 542 3895 diviuae
560 3841 744 3906 cognitionis.
761 3861 773 3888 u

119 3988 241 4058 Forma
250 3991 442 4059 etmateria
450 3990 589 4080 proprie
599 3989 776 4058 diciturin
787 3986 986 4078 compositis
999 3980 1218 4064 substantiis,

69 4092 225 4186 inquibus
241 4097 353 4164 forme
368 4103 423 4166 est
439 4097 542 4180 illud,
557 4096 649 4188 quod
665 4096 728 4164 dat
744 4093 990 4186 perfectionem
1001 4085 1220 4158 essentialem

71 4202 141 4268 certi
153 4203 333 4272 cuiusdam
348 4203 481 4272 ordinis
493 4184 530 4270 et
541 4201 680 4291 speciei,
696 4210 800 4293 atque
811 4196 1061 4268 itaoonstituit
1076 4217 1136 4263 ens
1150 4191 1220 4261 dis·

72 4303 198 4375 tinctum
210 4315 246 4377 et
257 4307 435 4378 ffiversnm
450 4310 495 4376 ab
510 4307 592 4376 aliis
607 4307 789 4376 ordinibus
800 4327 861 4374 seu
873 4303 1063 4394 speciebus,
1074 4297 1222 4367 materia

75 4419 170 4484 unna
191 4439 259 4484 non
275 4417 338 4486 dat
353 4415 596 4507 perlectionem
624 4413 819 4506 specificam
835 4416 872 4480 et
885 4410 1161 4500 distinguentem
1176 4403 1220 4468 ab
