3280 5070
902 463 940 478 -
961 431 1022 493 612
1042 463 1080 478 -

403 539 567 632 praevise
589 539 714 610 merita
735 561 804 610 non
826 543 881 610 est
903 559 1090 630 expressa,
1115 537 1217 608 nulla
1238 544 1324 611 sunt
1352 537 1391 610 in
1422 537 1575 609 omnibus

402 649 538 739 linguis
562 649 681 734 verba,
707 648 835 740 quibus
857 670 899 718 ea
920 648 1068 740 exprimi
1091 647 1215 739 possit.

470 757 520 826 Π.
548 757 769 848 Argumenta
800 757 926 850 quibus
957 755 1156 827 adversarii
1184 779 1283 828 suam
1311 754 1514 848 opinionem
1540 753 1576 824 de

403 865 722 960 praedestinatione
734 864 779 934 ad
791 865 941 956 gloriam
956 871 1038 934 ante
1053 865 1218 955 praevise
1233 863 1359 934 merita
1371 863 1444 932 sibi
1455 861 1577 934 etaliis
1635 885 1636 892 ¹

404 974 613 1066 persuadere
636 978 826 1059 conantur,
854 973 887 1042 1⁰
911 974 1164 1066 depromuntur
1186 997 1228 1043 ex
1251 971 1469 1043 testimoniis
1493 970 1578 1042 Sori-

405 1089 530 1174 pturee
554 1079 702 1150 maxime
725 1103 768 1152 ex
790 1081 889 1150 Rom.
914 1079 987 1166 IX,
1014 1086 1050 1150 et
1072 1081 1164 1173 qnod
1191 1102 1273 1150 sene
1296 1077 1518 1164 mirandum,
1541 1101 1579 1148 ex

403 1189 496 1280 Eph.
512 1189 542 1258 1.
563 1188 617 1258 11.
638 1212 706 1282 sq.;
731 1187 860 1258 Matth.
883 1188 1017 1258 XXIV.
1036 1188 1092 1258 22.
1108 1189 1172 1277 24,
1198 1189 1287 1258 Lne.
1305 1187 1392 1257 XII.
1408 1187 1477 1274 δὴ
1502 1187 1576 1255 Aet

404 1297 508 1366 XIII.
525 1297 590 1384 485
609 1303 684 1366 tum
701 1319 744 1366 ex
767 1295 928 1366 doctrina
942 1295 1141 1388 Augustini
1159 1297 1198 1366 in
1213 1296 1318 1366 libris
1333 1295 1512 1366 edversns
1527 1293 1577 1363 Se·
1636 1317 1637 1320 ¹

404 1405 658 1497 mipelagianos
682 1411 850 1495 negantes
880 1405 1023 1474 initium
1046 1405 1128 1475 fidei
1155 1410 1193 1474 et
1218 1401 1580 1496 perseverantiamin

405 1513 473 1584 fide
496 1536 571 1584 esse
593 1513 684 1582 dona
705 1513 772 1582 Dei
794 1518 899 1606 atqua
922 1511 1007 1582 adeo
1029 1535 1104 1584 esse
1127 1511 1404 1604 praedestinata.

471 1623 523 1692 At
538 1621 630 1692 enim
649 1623 686 1708 o)
701 1643 765 1692 nae
780 1643 823 1692 ex
841 1621 1027 1714 Soriptura
1041 1645 1105 1694 nee
1120 1645 1163 1693 ex
1179 1621 1254 1694 ullo
1268 1627 1415 1693 vetusto
1436 1621 1579 1692 Deotore

404 1733 591 1823 proferunt
614 1729 673 1800 vel
696 1731 853 1820 proferre
882 1737 1029 1822 possunt
1055 1730 1265 1801 sententiam
1295 1729 1430 1816 ullam,
1456 1730 1497 1800 in
1518 1749 1579 1822 qua

405 1841 547 1910 ditatur
563 1838 642 1908 vita
658 1845 801 1908 aeterna
824 1861 884 1932 per
902 1863 938 1910 sa
954 1845 991 1910 et
1005 1839 1149 1910 seorsim
1165 1843 1321 1930 spectata
1336 1837 1505 1908 omnibus
1519 1835 1578 1906 sel·

406 1947 533 2020 vendis
556 1947 810 2040 praedestinari
833 1955 916 2018 ants
938 1949 1102 2040 praevisa
1124 1969 1228 2040 opera
1250 1953 1288 2018 et
1309 1948 1445 2017 merita
1468 1968 1579 2038 super

405 2055 598 2126 naturalia.
623 2056 748 2125 Patres
772 2061 895 2126 eontra
918 2055 1022 2126 multi
1045 2062 1083 2126 et
1103 2055 1234 2126 diserte
1256 2055 1402 2141 docent,
1430 2053 1578 2148 praemit

405 2163 501 2232 vitae
523 2169 685 2233 aeternae
701 2185 722 2230 a
738 2163 811 2232 Deo
831 2162 1086 2254 praedestinari
1101 2163 1158 2250 iis,
1177 2185 1324 2256 qnorum
1339 2161 1475 2232 merita
1488 2181 1577 2252 prae

405 2271 518 2358 vidit,
544 2275 580 2340 et
602 2293 671 2340 non
692 2269 949 2362 praedestinari
971 2271 1042 2340 uisi
1064 2269 1240 2362 praevisis
1262 2269 1414 2340 meritis.

473 2379 507 2464 I)
532 2377 666 2448 'I'extus
681 2401 798 2448 omnes
815 2401 901 2471 quos
924 2379 1108 2470 proderunt
1130 2377 1338 2463 adversarii,
1357 2377 1577 2448 oonsiderant

405 2487 573 2578 abruptos
595 2507 637 2554 ex
655 2486 877 2556 oontextibns
899 2485 1000 2556 nulla
1023 2485 1146 2556 habita
1159 2487 1296 2558 ratione
1310 2485 1411 2577 soopi
1427 2483 1576 2556 auotoris

405 2601 442 2664 et
464 2595 643 2666 doetrinae
661 2594 697 2662 in
713 2593 796 2664 aliis
817 2594 916 2664 loeis.
944 2595 1108 2686 Spectato
1124 2596 1216 2666 enim
1231 2619 1332 2686 soopo
1354 2599 1393 2665 et
1418 2599 1575 2666 eontextu

404 2704 442 2772 in
465 2725 542 2795 eap.
557 2703 623 2772 IX.
638 2705 752 2790 Rom,
771 2704 1000 2798 quantumvis
1023 2705 1061 2774 in
1082 2727 1122 2775 eo
1145 2705 1259 2776 multa
1279 2699 1476 2774 videsritnr
1497 2701 1574 2772 diffi-

405 2811 489 2882 oilia
504 2819 540 2882 et
556 2813 714 2899 obseura,
729 2813 798 2883 duo
814 2820 899 2883 sunt
913 2813 1051 2883 omuino
1066 2813 1314 2885 evidentia.1n
1329 2811 1460 2904 primis
1474 2833 1574 2881 sermo

404 2919 454 2988 ibi
477 2925 532 2990 est
554 2942 624 2991 non
647 2921 688 2992 de
704 2920 1023 3012 praedestinatione
1037 2921 1082 2992 ad
1099 2921 1210 2991 vitam
1225 2927 1405 2992 aeternam
1424 2924 1574 3013 spectata

404 3050 558 3098 seorsum
574 3049 596 3095 a
610 3029 929 3120 praedestinatione
951 3030 1101 3121 gratiae,
1118 3051 1182 3100 nee
1197 3029 1273 3098 ullo
1289 3027 1389 3098 modo
1400 3029 1448 3099 de
1464 3027 1573 3098 ordine

403 3137 497 3206 inter
520 3157 625 3206 unam
640 3142 676 3206 et
692 3135 860 3226 eltsrem3
887 3137 947 3208 sed
963 3160 1074 3208 sermo
1089 3143 1145 3208 est
1159 3137 1201 3208 de
1216 3135 1381 3227 gratuita
1396 3133 1573 3205 vocatione

404 3267 445 3314 so
468 3243 588 3334 gratia
609 3243 693 3312 fidei
715 3249 752 3314 et
773 3244 972 3336 adoptionis
987 3245 1024 3314 in
1039 3244 1133 3314 filios
1148 3253 1185 3316 et
1198 3242 1343 3314 heredes
1358 3243 1450 3314 novi
1466 3243 1573 3312 Teste

404 3351 524 3421 menti.
551 3351 641 3422 Tum
665 3352 797 3424 direote
820 3353 870 3424 ibi
892 3376 961 3422 non
983 3361 1038 3424 est
1059 3377 1170 3424 sermo
1193 3353 1235 3424 de
1258 3351 1571 3444 praedestinatione

404 3463 577 3554 gratuita,
593 3461 652 3532 ead
668 3462 710 3532 de
726 3461 889 3552 gratuita
905 3461 1092 3533 collatione
1104 3469 1140 3532 at
1151 3464 1348 3548 donatione,
1363 3462 1426 3532 oui
1441 3481 1570 3552 respon

403 3572 464 3640 det
479 3569 763 3660 praedestinatio.
779 3569 850 3654 Qui
865 3593 949 3662 ergo
964 3571 1108 3657 diosret,
1122 3570 1198 3640 illis
1212 3571 1329 3642 verbis
1341 3591 1378 3641 v.
1390 3567 1516 3640 11-13.
1525 3567 1567 3654 (1)

404 3677 555 3748 indioari
577 3677 931 3769 praedestinationem
954 3679 999 3748 ad
1022 3679 1172 3770 glorium
1196 3679 1290 3752 eitra
1311 3679 1487 3750 intuitum
1501 3697 1566 3768 ope·

403 3811 483 3856 rum
512 3786 855 3878 supernaturalium,
881 3788 1076 3857 necessario
1106 3789 1248 3858 deberet
1275 3789 1450 3857 affirmare
1472 3785 1566 3856 etiem

404 3895 622 3964 donationem
638 3894 773 3984 gloriae
784 3895 861 3965 sine
872 3894 1007 3966 intuitu
1020 3896 1223 3966 merItorum
1240 3893 1563 3988 supernaturalium,

405 4001 496 4093 quod
519 4001 676 4092 dogmati
699 4001 872 4072 catholieo
894 4009 1084 4094 repugnat.
1110 4005 1235 4074 Patres
1251 4003 1375 4074 deinde
1391 4003 1562 4094 Origenes,

404 4107 685 4198 chrysostomus,
712 4109 969 4197 Theodoretus,
995 4111 1242 4199 Oeonmenins,
1267 4110 1561 4204 Theophynetm

466 4286 509 4364 (1)
529 4291 626 4348 «oum
645 4294 720 4350 enlm
739 4294 863 4350 nondum
876 4297 940 4352 nati
953 4297 1089 4366 fuissent,
1103 4299 1155 4352 eut
1173 4295 1286 4366 sliqnid
1304 4297 1373 4352 boni
1385 4293 1561 4366 munem

403 4381 471 4436 mali
484 4379 530 4455 (ut
543 4383 695 4439 seeundum
712 4385 879 4441 eleotleuem
892 4389 1069 4456 propositum
1080 4389 1133 4442 Dei
1144 4384 1294 4460 muneret),
1311 4405 1369 4444 uon
1381 4405 1416 4444 ex
1428 4385 1557 4457 operibus·

401 4469 452 4524 sed
471 4486 506 4525 ex
529 4477 648 4528 rotante
670 4473 777 4534 dtetun
795 4481 842 4530 est
853 4477 895 4531 et:
909 4479 978 4546 quis
990 4478 1081 4534 maior
1094 4477 1205 4534 sarriet
1217 4479 1331 4546 niuori,
1346 4478 1422 4544 stent
1435 4475 1557 4543 scriptu

402 4561 456 4614 est:
477 4561 561 4616 Iseob
579 4563 680 4633 dilesI,
701 4564 777 4620 Esau
796 4569 891 4620 snum
909 4565 974 4622 odio
992 4567 1091 4622 habnt.
1108 4589 1121 4618 ι
