3230 5072
894 377 933 392 ..
954 345 1015 408 448
1035 377 1073 392 ..

394 453 460 522 bus
482 449 780 520 constituentibus
802 449 839 518 b.
854 473 885 520 s.
899 449 938 520 in
960 474 1058 518 senos
1073 452 1254 540 componito
1270 472 1351 519 oum
1374 447 1573 539 praedeter-
1609 539 1610 546 ἵ

394 559 583 630 minutione
606 580 673 627 non
697 565 814 648 posset
836 579 905 626 non
928 558 1026 651 sequi
1043 563 1146 627 sotus
1162 556 1333 626 secundus
1350 554 1570 624 traditionis.

460 663 617 734 Soientis
639 667 758 757 itsque
782 665 858 749 Dei,
883 685 986 755 qusm
1008 664 1074 732 hae
1097 663 1191 732 thesi
1218 661 1461 746 defendimus,
1488 660 1574 728 slte-

391 773 468 841 rius
492 777 547 840 est
568 771 728 840 rationis.
750 770 869 840 Sermo
892 771 984 839 enim
1008 770 1107 838 nobis
1137 777 1192 840 set
1215 770 1316 838 unios
1346 769 1390 838 ds
1424 767 1575 837 scientis
1609 813 1610 832 1

391 879 598 948 existentias
614 885 756 948 actuum
780 879 969 948 liberorum
986 877 1123 947 orestes
1138 876 1347 958 voluntatis,
1367 875 1432 968 qni
1458 877 1575 944 forent
1609 879 1610 924 l

393 987 458 1054 sub
470 985 678 1070 conditione,
694 1009 840 1078 queoum
857 1009 982 1055 nexum
999 987 1136 1079 quidem
1151 984 1283 1054 hebent
1296 991 1481 1076 tamquam
1499 1007 1573 1052 oum

393 1115 459 1162 sus
481 1091 691 1177 conditione,
717 1115 786 1184 qus
808 1094 923 1184 posits
946 1095 1073 1178 forent,
1089 1114 1157 1185 qun
1181 1093 1323 1162 subluto
1344 1114 1414 1160 non
1442 1093 1572 1174 forem,

393 1223 460 1268 non
482 1205 599 1270 temen
621 1199 752 1269 hubent
774 1224 900 1271 nexum
924 1201 1157 1270 neeesssrium
1179 1222 1242 1269 nso
1272 1222 1314 1269 ex
1338 1201 1419 1289 ipss
1444 1207 1574 1267 nstnrs

394 1307 604 1378 conditionis
615 1308 853 1394 infallibilem,
870 1317 974 1401 utque
990 1309 1075 1378 adeo
1087 1308 1192 1378 etism
1204 1331 1246 1376 su
1265 1308 1470 1378 oonditione
1495 1329 1573 1397 sup

393 1415 508 1506 posits
536 1421 676 1506 possent
704 1439 773 1486 non
803 1439 890 1486 esse.
927 1417 1028 1500 Quod
1059 1439 1142 1488 vero
1172 1417 1238 1486 snb
1267 1415 1334 1484 tuli
1371 1415 1573 1484 eonditions

393 1522 510 1613 potins
532 1529 649 1593 essent
671 1545 773 1615 quum
796 1547 864 1592 non
887 1531 1014 1606 essent,
1029 1547 1097 1593 non
1120 1523 1262 1593 eliunds
1285 1531 1340 1592 est
1361 1523 1569 1604 infsuibile,

394 1651 497 1720 quem
520 1630 610 1724 quod
636 1653 756 1699 verum
779 1638 844 1716 est,
869 1630 1084 1700 voluntatem
1108 1631 1263 1700 subtuli
1293 1629 1500 1700 conditione
1530 1631 1572 1698 ud

393 1735 457 1806 hos
480 1737 597 1828 potius
620 1747 721 1808 sotus
745 1761 781 1808 ss
805 1738 1115 1807 determinaturum
1129 1761 1216 1824 esse,
1234 1761 1310 1808 oum
1326 1759 1439 1828 seque
1456 1745 1571 1828 posset

392 1847 438 1916 sd
461 1870 518 1916 eos
540 1869 577 1914 se
599 1871 666 1916 non
691 1848 922 1917 determinare
946 1847 1002 1916 vel
1025 1847 1256 1917 determinare
1279 1847 1324 1916 ed
1347 1847 1452 1916 ulios.
1471 1847 1570 1916 Unde

393 1977 461 2022 non
483 1954 582 2023 modo
605 1955 680 2045 ipss
703 1954 856 2024 conditio
879 1955 944 2023 sub
967 1977 1036 2046 quo
1059 1956 1187 2039 forent,
1205 1961 1259 2022 est
1274 1953 1410 2045 aliquid
1436 1953 1568 2022 ontolo·

393 2063 469 2152 gine
492 2063 708 2152 eontingsns,
724 2061 784 2131 sed
807 2061 1013 2153 contingens
1035 2069 1089 2131 est
1110 2062 1216 2132 etism
1233 2083 1343 2130 nexus
1357 2062 1568 2131 existentias

394 2177 534 2240 sotuum
558 2193 635 2238 oum
658 2168 855 2238 conditione
874 2169 937 2256 (1);
962 2178 999 2239 et
1020 2169 1210 2239 nenessitas
1232 2169 1445 2238 existentias
1469 2170 1566 2240 nulls

393 2283 458 2362 est,
475 2277 545 2346 nisi
568 2299 767 2368 consequens
789 2299 858 2346 non
881 2277 980 2346 modo
1003 2277 1048 2346 sd
1064 2276 1335 2367 suppositionem
1351 2298 1492 2362 mosee,
1512 2301 1563 2347 ve-

393 2408 471 2454 rum
494 2383 598 2453 etium
621 2382 665 2451 sd
690 2383 962 2474 suppositionem
985 2383 1073 2452 festi
1088 2383 1306 2471 existentium
1325 2391 1501 2477 quatenus
1516 2387 1564 2453 ni·

394 2489 521 2560 mirum
543 2487 634 2580 quod
656 2496 722 2574 est,
737 2511 805 2557 non
827 2494 943 2578 potest
964 2487 1070 2556 simul
1093 2511 1162 2556 non
1183 2510 1270 2558 esse.

459 2593 527 2664 Est
549 2615 609 2685 per
633 2617 669 2664 se
693 2595 781 2664 sutis
804 2595 1039 2681 menifestum,
1057 2595 1198 2686 perinde
1221 2617 1296 2666 esse
1320 2601 1440 2664 utrum
1464 2619 1562 2689 quus·

392 2703 461 2774 etio
483 2703 695 2772 instituetur
718 2704 759 2772 de
782 2711 877 2788 sotu,
896 2703 956 2795 qni
979 2725 1166 2795 numqaum
1188 2725 1226 2772 re
1242 2703 1320 2794 ipss
1336 2703 1481 2772 futurus
1495 2711 1559 2788 est,

393 2812 477 2905 quie
488 2811 641 2881 conditio
653 2806 721 2879 non
735 2811 950 2898 semiustum
964 2833 1009 2878 sn
1022 2817 1134 2895 sotus,
1146 2810 1207 2902 qui
1219 2810 1358 2902 quidem
1376 2809 1561 2904 aliquando

392 2943 512 3012 rsupse
534 2918 733 2989 eonditione
757 2918 940 2988 verifioutu
962 2919 1108 2988 futurus
1120 2926 1189 3002 est,
1205 2918 1446 2988 consideretur
1462 2919 1497 2987 in
1516 2917 1559 2986 si·

392 3051 460 3120 gno
483 3027 594 3118 priori
617 3027 661 3096 sd
684 3027 954 3118 suppositionem
977 3026 1209 3096 verifioundes
1224 3025 1447 3095 nonditionis.
1466 3025 1559 3096 Siout

391 3135 539 3206 enimes
555 3135 689 3204 duobus
707 3133 1002 3225 propositionibus
1029 3133 1238 3204 conditionis
1261 3156 1452 3226 numquam
1474 3133 1557 3202 veri·

391 3241 559 3312 fioundus:
577 3240 608 3310 si
625 3240 729 3331 Tyrii
751 3247 788 3310 st
808 3239 943 3310 Sidonii
960 3240 1120 3310 viderent
1133 3241 1237 3330 signs
1256 3239 1404 3324 Christi,
1426 3253 1555 3332 operm

392 3348 654 3442 poenitentium,
671 3374 738 3415 noo
770 3362 910 3438 operest
933 3349 1193 3438 poenitentiam:
1211 3349 1263 3418 itu
1274 3371 1317 3417 sx
1331 3347 1554 3418 dusbnssliis

393 3455 625 3526 verificandos
648 3453 868 3524 conditionis:
884 3454 915 3524 si
938 3455 1187 3526 Corozsimitse
1212 3463 1249 3526 et
1272 3455 1489 3524 Betssiditss
1508 3453 1553 3520 vi·

391 3563 515 3634 derent
535 3564 651 3632 eodem
676 3561 791 3652 signs,
810 3577 950 3653 operest
968 3563 1227 3653 poenitentium,
1245 3587 1311 3629 ooo
1327 3577 1470 3653 operest
1484 3581 1550 3652 pos

389 3671 591 3755 nitentium,
610 3691 679 3740 uns
694 3671 887 3742 necessario
912 3692 995 3740 vers
1016 3679 1071 3739 est
1087 3677 1123 3740 et
1138 3669 1251 3740 slters
1266 3670 1370 3754 falsu,
1389 3669 1548 3760 praesuin-

388 3779 499 3851 dendo
528 3777 668 3847 omnino
692 3799 714 3845 s
737 3778 824 3846 reali
852 3777 1098 3848 existentiaet
1121 3778 1339 3869 praevisione
1366 3778 1546 3870 signorum.

386 3885 563 3972 Quamdiu
579 3889 697 3954 entem
713 3885 799 3954 huso
816 3885 970 3954 oonditio
993 3885 1130 3954 neutris
1160 3885 1370 3976 supponitur
1401 3903 1547 3954 oonessse

386 3995 443 4066 vel
461 3995 613 4087 positive
637 3999 777 4084 negate,
791 3993 971 4064 evidenter
987 3993 1270 4085 cognoscibilitss
1286 3994 1451 4064 veritatis
1466 3997 1544 4060 uno

453 4176 494 4252 (1)
513 4181 634 4248 Propter
653 4179 726 4232 buno
738 4179 878 4232 tutionem
893 4177 921 4232 Β.
933 4177 1054 4232 'lhonm
1073 4179 1183 4246 ultique
1195 4177 1367 4233 Sobolsstiol
1388 4183 1540 4232 veteresne

388 4272 464 4326 mins
485 4271 645 4324 futurorum
664 4267 891 4334 eontingsntlum
913 4269 1008 4322 solent
1028 4269 1195 4334 intelligere
1216 4269 1317 4322 futuru
1337 4269 1436 4335 libore,
1455 4268 1539 4321 nur·

389 4365 484 4416 sutem
503 4375 620 4428 quornm
640 4373 731 4412 nexus
741 4373 803 4410 oum
813 4371 898 4410 osnes
910 4358 1094 4424 qusntnnvis
1111 4358 1298 4423 eontingsnts
1309 4363 1356 4412 sut
1370 4355 1536 4416 memmius,

389 4451 541 4519 sppsllsnt
557 4449 657 4502 futuru
675 4447 846 4501 nsossssris.
