3230 5072
896 371 934 385 -
955 339 1015 400 354
1037 371 1074 384 -

403 445 569 530 adiuncta
592 445 787 534 negatione,
805 468 874 514 non
889 467 963 515 esse
979 445 1243 514 immensitatem
1266 467 1330 535 per
1351 444 1485 513 modum
1499 445 1554 514 dii·

403 553 565 637 fusionis,
592 553 684 620 sieut
706 553 897 620 aeternitas
920 559 1058 620 nonest
1077 575 1138 642 per
1162 552 1423 638 successionem
1449 575 1555 620 oanan·

398 661 485 730 'dum
509 667 624 728 tamen
648 666 713 744 est,
740 666 781 728 ut
803 660 834 728 si
857 660 934 729 fieri
958 664 1083 750 potest,
1103 667 1304 750 oonoeptum
1326 660 1556 728 immensitatis
1609 654 1610 657 ’

403 769 626 836 informemus
649 766 754 856 paulo
776 767 1027 856 expolitionem,
1045 789 1087 835 ex
1104 790 1170 858 quo
1192 766 1362 835 rationem
1385 767 1494 856 ipsam
1515 769 1556 834 in·
1609 839 1610 846 χ

402 874 616 964 alligamus,
636 897 698 943 our
721 897 762 944 ea
785 897 847 944 uee
869 875 918 943 sit
934 896 996 943 nee
1018 896 1092 943 esse
1116 873 1226 964 possit
1247 873 1449 942 diffusionis
1463 883 1497 942 et
1510 897 1555 942 ex·
1609 949 1610 954 ἵ

403 977 572 1050 tensionis
593 982 719 1051 instar.
1609 981 1610 986 ’

468 1089 514 1156 2⁰.
541 1088 686 1171 Quando
716 1090 910 1180 cogitemus
941 1089 1147 1159 obieotivam
1178 1089 1362 1158 veritatem
1384 1089 1423 1156 in
1450 1089 1556 1156 ordine

402 1197 662 1286 metaphysioo,
688 1219 749 1266 sen
773 1199 863 1289 quod
887 1197 977 1266 idem
1000 1205 1073 1282 eet,
1099 1197 1233 1288 quando
1256 1197 1453 1286 cogitemus
1473 1197 1556 1286 leges

403 1303 562 1372 absolute
578 1305 805 1390 necessarias,
831 1304 958 1396 quibus
974 1304 1094 1372 subest
1108 1310 1143 1372 et
1161 1304 1314 1392 regitur,
1333 1302 1500 1394 quidquid
1512 1309 1556 1370 est

403 1411 461 1480 vel
485 1433 559 1479 esse
583 1415 709 1502 potest,
729 1410 834 1479 facile
857 1410 1091 1500 intelligimus
1108 1431 1166 1482 ees
1188 1409 1357 1478 veritates
1379 1410 1456 1478 sive
1477 1409 1557 1499 leges
1609 1493 1610 1499 ἵ

402 1517 596 1607 ontologioe
619 1518 753 1608 priores
768 1541 842 1586 esse
859 1524 895 1586 et
910 1517 1178 1608 independentes
1194 1519 1237 1585 eb
1252 1517 1411 1586 omuibus
1433 1516 1556 1586 relatio
1609 1525 1610 1530 ’

401 1625 506 1692 nibus
518 1623 586 1692 loci
599 1629 636 1692 et
647 1624 768 1714 spetii;
788 1630 910 1694 oontm
925 1646 1007 1693 vero
1022 1624 1135 1692 looum
1147 1631 1183 1693 et
1194 1624 1348 1714 spatium
1367 1623 1414 1690 iis
1433 1623 1556 1712 legibue

402 1732 542 1800 subesse
564 1735 599 1798 et
621 1731 697 1800 illis
716 1731 795 1821 regi
811 1731 873 1819 (1).
900 1731 993 1814 Quia
1017 1731 1129 1820 igitur
1152 1731 1216 1799 ille
1238 1731 1504 1820 independentie
1522 1731 1557 1796 ab
1609 1817 1610 1822 ἵ

401 1837 599 1906 huiusmodi
621 1837 851 1906 relationibus
873 1838 972 1906 nobis
987 1844 1042 1906 est
1061 1837 1257 1906 immediate
1279 1839 1437 1923 evidens,
1461 1839 1556 1928 ipsam
1609 1849 1610 1854 ’

402 1944 636 2034 quaestionem
650 1943 845 2012 iudioemns
859 1943 1056 2028 absurdam,
1071 1947 1191 2012 utrum
1206 1943 1264 2014 bia
1278 1944 1336 2014 vel
1350 1945 1440 2030 illio,
1454 1951 1554 2014 utmn
1609 1957 1610 1963 ’

401 2049 505 2119 etiem
521 2055 623 2120 extre
645 2051 752 2120 huius
774 2051 933 2119 universi
948 2051 1035 2119 fines
1057 2057 1093 2118 et
1111 2051 1227 2140 spatie
1249 2073 1356 2142 aeque
1380 2073 1497 2121 verum
1516 2053 1555 2120 sit
1609 2065 1610 2146 J

401 2180 432 2227 e.
450 2183 485 2248 g.
501 2158 590 2227 idem
605 2181 674 2228 uon
698 2183 796 2249 posse
812 2159 917 2229 simul
932 2181 1006 2228 esse
1021 2163 1058 2228 et
1071 2181 1140 2227 non
1155 2181 1241 2242 esse,
1260 2160 1423 2250 aequalia
1444 2183 1554 2252 aequa
1609 2157 1610 2160 ’

401 2265 495 2333 libus
518 2265 673 2334 addendo
703 2267 793 2336 effiei
823 2287 973 2360 summes
995 2266 1155 2358 aequales
1178 2273 1244 2335 ete.
1271 2267 1417 2336 Seilieet
1442 2269 1553 2336 verita-

401 2377 454 2440 tes
469 2373 683 2442 neaessariee
701 2378 738 2442 et
754 2373 923 2443 essentiae
946 2396 1008 2462 per
1030 2397 1066 2442 se
1090 2379 1265 2463 spectatae
1288 2383 1372 2442 sunt
1394 2383 1552 2466 exemptae
1609 2387 1610 2394 ’

401 2479 445 2546 ab
477 2477 634 2546 omnibns
655 2479 725 2548 loei
753 2480 1008 2564 relationibus,
1033 2479 1146 2571 iisque
1169 2486 1306 2548 constat
1334 2502 1399 2548 sue
1429 2481 1553 2573 propria

400 2586 516 2670 ratio,
541 2587 647 2655 etiam
671 2588 731 2655 ubi
753 2587 874 2657 nullus
897 2587 947 2656 sit
968 2587 1088 2671 loeus,
1114 2587 1250 2656 nullum
1280 2590 1452 2676 spatium,
1475 2587 1551 2656 nihil

401 2693 492 2784 quod
515 2693 655 2763 <lictatur¹
685 2695 740 2761 bio
763 2699 825 2762 aut
855 2695 943 2762 illie.
971 2694 1011 2762 Si
1032 2699 1148 2762 autem
1171 2699 1227 2763 est
1254 2695 1385 2786 aliquis
1415 2697 1505 2765 loeus
1523 2701 1551 2762 et

400 2801 541 2892 aliquod
564 2803 716 2892 spatium
740 2825 821 2871 eene
844 2802 935 2870 ratio
948 2853 951 2860 ⁴
966 2801 1132 2872 veritatis
1155 2802 1261 2870 etiam
1283 2801 1361 2872 illie
1391 2803 1460 2872 sibi
1487 2826 1549 2872 oon·
1609 2817 1610 2822 ’

400 2909 521 2993 stabit,
538 2931 607 2976 non
630 2909 732 2999 quasi
754 2909 888 2978 veritas
911 2909 955 2977 ed
977 2908 1090 2978 looum
1114 2931 1149 2977 se
1172 2915 1334 2994 moveret,
1355 2909 1414 2978 vel
1436 2911 1473 2978 in
1492 2909 1551 2978 loeo
1609 3001 1610 3004 Ἴ

400 3019 688 3106 circumscriptae
709 3021 772 3084 aut
795 3014 970 3104 definitive
991 3021 1093 3104 esset;
1112 3015 1172 3084 sed
1187 3016 1289 3083 immo
1306 3015 1383 3085 ideo
1406 3018 1550 3086 veritatis

400 3123 492 3192 ratio
514 3123 641 3216 ubique
665 3123 782 3193 eedem
805 3129 870 3207 est,
897 3124 980 3215 quie
1003 3123 1039 3190 in
1063 3145 1099 3192 se
1122 3122 1199 3212 ipse
1221 3121 1455 3214 independens
1476 3131 1550 3194 esta
1609 3213 1610 3220 ἵ

400 3230 573 3299 limitibus
596 3231 754 3298 omnibus
777 3209 958 3298 loodlieus.
985 3231 1058 3296 lam
1083 3252 1165 3299 vero
1187 3229 1265 3320 quis
1287 3253 1355 3298 non
1378 3233 1486 3316 videt,
1507 3253 1549 3297 ee

263 3385 267 3396 .
401 3359 468 3430 que
490 3360 564 3406 esse
587 3336 776 3406 absurdum
799 3337 836 3404 in
860 3337 1094 3427 quaestionem
1117 3357 1241 3405 vocare
1263 3344 1381 3406 utrum
1404 3361 1456 3423 ea,
1480 3358 1550 3429 qnae

401 3451 456 3516 est
478 3447 556 3534 ipsa
578 3446 706 3512 veritae
728 3452 764 3514 et
785 3445 886 3516 radix
911 3467 951 3514 ao
974 3445 1235 3512 fundamentum
1259 3445 1368 3512 omnis
1390 3447 1548 3526 veritatis,

401 3552 459 3620 hie
482 3551 532 3620 sit
552 3534 612 3620 vel
632 3551 721 3620 illie.
739 3552 807 3620 Est
830 3555 908 3642 ipsa
930 3555 1058 3620 veritas
1084 3549 1116 3638 (ἡ
1132 3547 1348 3638 antealtaria)
1375 3554 1550 3643 ontologioe
1609 3539 1610 3574 ἢ

400 3659 497 3750 prior
520 3659 613 3727 omni
629 3681 679 3744 eo,
694 3659 785 3750 quod
807 3659 939 3728 dieitur
956 3660 1010 3726 aa
1025 3658 1083 3728 vel
1098 3658 1188 3724 illic:
1205 3659 1314 3726 omnis
1329 3659 1438 3746 locus,
1457 3662 1550 3729 omnis

401 3765 504 3852 situs,
518 3789 616 3835 omne
632 3767 784 3856 spatium
806 3790 872 3834 non
890 3767 1001 3836 solum
1016 3767 1053 3834 in
1069 3767 1234 3836 realitate
1251 3789 1325 3851 aue,
1344 3769 1375 3836 si
1391 3767 1548 3860 quambe-

400 3875 468 3958 bet,
488 3873 546 3942 sed
561 3873 599 3940 in
614 3872 692 3962 ipsa
707 3895 771 3940 sne
786 3873 1021 3962 possibilitate
1036 3873 1079 3940 ab
1095 3894 1136 3940 ea
1152 3873 1288 3961 pendet
1306 3879 1342 3941 et
1358 3874 1435 3945 ideo
1454 3899 1492 3944 ee
1505 3879 1548 3940 est

400 4001 507 4068 supra
518 4001 634 4048 omnes
646 3985 682 4048 et
692 3985 794 4048 extra
805 4001 921 4047 omnes
932 3977 1131 4048 huiusmodi
1142 3978 1339 4047 relationes.
1350 3977 1545 4070 «Etrespexi

401 4084 484 4170 elia,
504 4089 541 4152 et
555 4085 629 4154 vidi
645 4085 712 4153 tibi
727 4085 860 4170 debere,
876 4085 960 4176 quie
976 4091 1070 4170 sunt;
1085 4085 1171 4152 etin
1187 4091 1222 4153 te
1238 4093 1363 4154 cuneta
1379 4088 1483 4166 linita.
1497 4083 1542 4152 sed

401 4191 506 4260 aliter
520 4215 589 4260 nou
605 4191 705 4283 quasi
719 4191 757 4260 in
772 4192 859 4277 loeo,
879 4193 941 4262 sed
954 4192 1037 4282 quia
1050 4198 1092 4262 tu
1107 4213 1144 4260 ee
1159 4192 1371 4264 omnitenens
1387 4217 1482 4262 mauu
1496 4212 1540 4260 re
1577 4212 1578 4215 ¹

466 4425 509 4501 (1)
526 4427 630 4482 Eadem
649 4429 736 4482 etiam
755 4430 887 4484 releuant
905 4429 939 4484 de
958 4433 1100 4499 tempore,
1121 4434 1155 4484 ut
1172 4430 1258 4485 laoila
1273 4447 1325 4500 per
1342 4447 1373 4487 aa
1391 4435 1471 4502 patet
