3394 5056
637 401 675 415 ..
699 369 737 428 17
758 401 795 415 ..

131 473 184 542 uis
205 472 335 542 mame
358 471 525 561 Virginis
547 471 653 541 etiam
684 480 765 542 ante
795 473 968 563 dogmatis
998 471 1234 541 definitionem
1258 475 1302 541 ab

129 581 309 674 aliquibus
331 580 401 649 fide
425 580 548 648 divina
562 579 646 650 licet
661 582 812 650 nondum
829 583 896 650 fide
913 577 1087 650 catholica
1103 580 1152 669 (b.
1169 603 1198 648 e.
1217 605 1301 649 non·

130 688 208 756 dnm
231 695 413 779 tamqnam
444 686 568 775 dogma
591 711 653 776 pro
685 689 842 757 omnibus
873 689 917 756 ad
950 688 1195 776 obligationem
1218 689 1300 758 fidei

126 795 360 885 propositum)
382 793 478 862 credi
499 795 653 884 potuerit
669 797 757 882 (vid.
777 795 812 864 S.
823 797 994 886 Alphona
1010 796 1158 884 Lignori
1175 795 1296 864 Theol.

125 903 250 972 bloral.
277 901 409 972 LVII.
436 926 466 972 o.
484 902 517 970 2.
543 927 578 972 n.
602 903 681 972 262.
708 913 743 972 et
768 911 927 974 auctores
954 903 1004 970 ibi
1027 905 1188 990 citatos).
1214 905 1300 972 Ani-

126 1010 417 1080 madvertendum
438 1015 576 1094 tamen,
602 1010 687 1080 hoec
709 1010 787 1101 ipsa
811 1033 898 1103 quae
918 1011 996 1080 heic
1017 1010 1125 1079 tertio
1150 1010 1225 1078 loco
1248 1010 1299 1078 di·

124 1118 259 1203 ximus,
286 1141 309 1184 s
331 1117 493 1208 pluribus
514 1117 687 1207 theologis
710 1119 827 1205 refici,
858 1119 1042 1208 praecipue
1067 1141 1149 1185 vero
1176 1139 1298 1186 caven-

122 1226 226 1310 dum,
252 1248 298 1292 ne
320 1224 410 1293 hanc
438 1224 630 1293 doctrinam
657 1233 784 1293 temere
807 1226 1032 1294 extendamus
1055 1225 1100 1292 ad
1123 1225 1298 1314 opiniones

121 1356 184 1401 seu
213 1332 436 1416 sententias,
466 1332 504 1400 in
538 1333 665 1424 quibus
698 1331 853 1421 theologi
884 1332 992 1400 libere
1019 1333 1156 1399 omuino
1183 1332 1220 1400 in
1246 1333 1297 1400 di·

121 1461 228 1508 versa
254 1441 409 1522 abeunt,
442 1445 480 1508 et
507 1439 626 1508 nullus
648 1445 704 1508 est
726 1439 867 1508 moralis
890 1441 927 1508 in
951 1439 1109 1508 Ecclesia
1130 1439 1196 1508 Dei
1220 1461 1297 1508 con-

122 1568 260 1616 musas.

188 1649 229 1738 d)
257 1652 419 1744 Denique
448 1652 541 1722 haud
565 1675 644 1722 raro
667 1653 829 1723 deductio
858 1653 1009 1722 alicuius
1040 1653 1231 1722 sententiae
1254 1675 1296 1722 ex

122 1759 228 1826 verbo
250 1757 320 1826 Dei
342 1757 603 1848 probabilitatis
625 1759 755 1828 limites
777 1783 847 1828 non
861 1759 1010 1846 excedit3
1029 1765 1104 1827 tum
1120 1781 1203 1827 vero
1219 1781 1296 1827 con-

122 1866 228 1933 stitui
251 1865 462 1934 senteutiam
485 1887 547 1934 seu
562 1867 755 1956 opinionem
783 1867 1014 1955 theologicam
1038 1889 1077 1934 eo
1101 1865 1210 1950 modo,
1229 1889 1296 1958 quo

123 1971 275 2042 secundo
290 1971 366 2041 loco
389 1971 554 2058 diximus,
580 1974 668 2042 eatis
691 1997 752 2064 per
776 1997 811 2044 se
835 1975 977 2043 evidens
1000 1981 1065 2043 est.

190 2078 372 2162 Quamdiu
396 2079 449 2148 ita
471 2081 712 2150 consideratur
736 2081 909 2172 theolopic
920 2083 1076 2171 positiva
1088 2131 1098 2164 ,
1124 2087 1297 2173 quatenns

126 2187 181 2255 vel
204 2186 379 2255 veritates
400 2186 483 2254 fidei
506 2208 548 2254 ex
570 2188 675 2256 verbo
697 2185 763 2258 Dei
785 2188 914 2278 scripto
938 2194 1001 2256 aut
1016 2186 1149 2256 tradito
1165 2187 1295 2276 praesi-

124 2293 193 2362 diis
203 2299 241 2364 ct
251 2293 438 2384 principiis
450 2293 718 2364 hermeneuticis
734 2296 959 2379 demonstrat,
976 2295 1031 2363 vel
1044 2301 1221 2382 tamqnam
1238 2317 1295 2363 ve·

124 2401 249 2470 titubes
275 2402 313 2470 in
337 2401 443 2471 verbo
464 2403 529 2471 Dei
553 2409 733 2472 contentas
757 2403 951 2492 probabiles
974 2402 1102 2489 reddit;
1127 2425 1196 2469 non
1220 2402 1295 2471 sine

124 2531 229 2579 causa
250 2509 429 2580 Aureolus
452 2510 555 2596 dixit,
581 2511 749 2580 articulos
772 2511 854 2580 fidei
878 2533 945 2578 non
960 2533 1034 2578 esse
1047 2509 1220 2600 principia
1235 2510 1295 2580 sed

123 2617 362 2686 conclusiones
384 2617 591 2708 theologiae.
618 2617 722 2686 Patet
752 2617 857 2686 etiam
880 2639 922 2686 ex
946 2616 1074 2700 dictis,
1100 2639 1166 2707 quo
1190 2638 1293 2684 sensu

124 2748 244 2794 verum
269 2724 341 2808 sit,
367 2725 459 2816 qnod
481 2724 572 2794 idem
602 2725 783 2794 contendit
803 2723 992 2808 Aureolus,
1018 2723 1203 2792 veritatem
1225 2745 1294 2790 nou

124 2830 358 2900 demonstrari
368 2830 406 2898 in
417 2831 595 2922 theologia
606 2833 650 2900 ad
662 2832 874 2921 gignendum
891 2853 1081 2913 assensum,
1096 2830 1156 2898 sed
1168 2829 1212 2897 ad
1225 2849 1293 2896 ma-

124 2939 229 3007 iorem
244 2939 324 3008 eius
339 2937 618 3008 declarationem:
642 2937 808 3006 «habitus
821 2938 1052 3027 theologicus,
1071 2936 1189 3028 iuquit
1204 2936 1289 3024 ipsc,

124 3051 269 3114 nonest
297 3045 509 3114 adbaesivus
533 3045 592 3114 sed
615 3045 852 3114 tantummodo
876 3043 1146 3114 declarativuso
1173 3041 1233 3130 (in
1256 3041 1288 3110 1.

124 3152 219 3222 Sent.
238 3151 375 3243 prolog.
393 3174 425 3220 a.
444 3153 477 3220 3.
494 3175 575 3243 pag.
595 3152 649 3221 13.
671 3157 777 3244 sqq.).

188 3261 236 3329 2⁰.
255 3261 352 3330 Haec
375 3261 534 3353 quamvis
556 3261 609 3330 ita
624 3261 709 3345 sint,
727 3261 867 3351 proprie
882 3267 998 3330 tamen
1014 3266 1150 3329 veteres
1168 3260 1291 3328 Docto·

124 3391 179 3438 res
190 3368 398 3460 praeoculis
413 3369 541 3438 habent
559 3369 765 3458 theolopicm
780 3369 1037 3457 speculativam,
1049 3368 1186 3460 qnando
1202 3367 1292 3436 hanc

124 3477 254 3546 babent
277 3476 512 3568 quaestionem
535 3476 576 3544 de
599 3475 799 3544 discrimine
833 3497 996 3544 assensus
1018 3475 1100 3543 fidei
1123 3481 1159 3544 et
1181 3497 1290 3543 ossen·

124 3610 179 3652 ece
196 3585 393 3674 cbeolopici.
411 3583 569 3674 Spectari
582 3583 717 3653 scilicet
732 3585 832 3653 debet
848 3583 941 3652 siout
956 3584 994 3652 in
1010 3583 1166 3650 omnibns
1183 3583 1291 3651 scien·

124 3691 186 3760 tiis
196 3691 250 3759 ita
261 3690 368 3758 etiam
379 3688 417 3758 in
430 3689 619 3778 theologia,
635 3695 793 3781 utsupra
806 3689 969 3774 diximus,
994 3696 1136 3758 mutuus
1159 3690 1290 3758 verita·

124 3805 197 3867 tum
214 3819 340 3883 nexus,
358 3797 611 3890 earundemque
625 3797 747 3866 saltem
765 3798 877 3889 quoad
890 3805 1043 3866 nostram
1060 3797 1291 3886 cognitionem

123 3913 158 3976 et
171 3907 209 3975 in
225 3906 349 3975 ordine
359 3904 474 3995 logico
487 3905 714 3996 dependentia
725 3909 830 3975 unius
842 3906 885 3973 ab
901 3905 1024 3975 altera.
1040 3905 1229 3988 Veritates,
1249 3926 1291 3972 ex

124 4015 249 4106 quibus
270 4012 362 4081 aliae
385 4012 508 4080 saltem
531 4013 568 4080 in
592 4013 711 4082 ordine
735 4013 944 4102 cognitionis
979 4018 1118 4081 nostrae
1141 4011 1292 4104 pendent

124 4129 157 4190 et
177 4143 199 4188 a
220 4119 321 4188 nobis
359 4117 633 4208 intelliguntur,
660 4127 743 4188 sunt
772 4127 809 4190 et
841 4121 1063 4210 appellantur
1092 4122 1286 4210 principio.

123 4229 391 4319 Principiorum,
404 4233 574 4319 quatenus
589 4249 657 4296 uon
673 4251 714 4297 ex
731 4227 812 4296 aliis
828 4229 1002 4319 prioribus
1017 4229 1077 4298 sed
1092 4252 1134 4297 ex
1151 4251 1187 4297 se
1202 4228 1290 4318 ipsis

122 4343 392 4428 cognoscuntur,
419 4335 611 4402 intellectus
629 4335 761 4405 dicitur
776 4359 850 4404 esse
873 4358 894 4403 a
917 4337 1095 4406 veteribus
1117 4359 1185 4403 non
1212 4357 1290 4424 pro-

122 4447 193 4536 prie
215 4445 380 4524 amentia,-
405 4441 489 4511 baec
510 4443 601 4512 anim
617 4450 671 4512 est
686 4451 781 4514 certa
797 4443 950 4535 cognitio
966 4467 1007 4512 ex
1024 4443 1139 4512 causis
1156 4465 1216 4511 seu
1230 4464 1288 4530 ge·

262 4569 422 4624 aramue
1130 4571 1148 4622 2
