3280 5070
558 399 596 414 -·-
617 369 675 430 571
690 399 736 416 -·-

69 472 181 539 eleetos
203 473 309 562 clepit
331 473 424 560 (1)...
442 474 520 544 Non
535 474 639 544 electi
662 481 758 557 sunt,
785 473 868 564 quia
891 472 971 540 boni
988 472 1151 558 fuerunt3
1170 476 1233 565 qni

69 581 142 646 loni
164 597 382 664 nonensem,
406 584 479 648 nisi
502 583 600 650 electi
623 598 771 650 essent...
795 581 890 664 Quid
913 603 997 670 ergo
1019 580 1153 650 dicturi
1176 603 1232 648 su·

69 709 137 756 mus
153 688 337 772 audiendo,
354 712 422 756 non
441 713 503 758 vos
520 713 572 758 me
587 688 771 779 elegistis?
787 688 857 756 nisi
875 687 957 780 quie
980 687 1064 755 mali
1080 709 1229 772 eremus,

67 802 98 862 et
119 796 217 862 electi
240 821 365 878 eumue,
390 813 429 864 ut
448 798 528 864 boni
547 822 611 886 per·
626 800 781 887 pretium
796 819 856 862 nos
873 797 1034 882 elipentie
1049 820 1229 865 eseemum

67 899 262 970 Sententiae
285 903 480 993 descriptae
503 927 565 994 per
595 927 630 972 se
655 912 740 972 suut
770 902 1003 988 clarissimne;
1030 924 1151 970 verum
1176 901 1233 970 hio

67 1009 191 1076 iterum
215 1009 373 1078 lubentes
398 1009 629 1096 concedimus,
655 1011 748 1102 apud
771 1011 1011 1100 Augustinum
1030 1009 1232 1080 electionem

67 1115 182 1206 utique
206 1117 242 1184 in
267 1115 354 1185 locis
370 1117 453 1185 aliis
469 1117 574 1185 otiam
590 1119 716 1186 referri
733 1117 777 1186 ad
795 1117 919 1186 donum
938 1116 1229 1206 perseverantiae,

67 1223 162 1289 immo
186 1230 223 1291 et
248 1224 401 1313 gloriee;
431 1231 473 1292 ut
495 1224 632 1315 inipso
657 1225 748 1292 libro
772 1225 882 1292 citato
909 1224 950 1292 de
966 1223 1088 1292 Praed.
1105 1223 1168 1294 SS.
1195 1225 1231 1293 in

65 1333 224 1400 extremis
248 1333 431 1402 sententiis
454 1333 582 1422 cepitis
596 1333 695 1402 XVI.
714 1341 750 1401 et
771 1332 869 1400 alibi.

126 1439 172 1508 θ’.
199 1439 299 1522 Quod
323 1447 460 1529 spectat
483 1448 655 1530 postremo
679 1440 939 1508 adlocutiones
966 1439 1166 1528 desumptae
1188 1462 1230 1509 ex

66 1548 228 1636 Apostolo
242 1548 365 1632 Paulo,
380 1549 441 1616 ubi
453 1549 654 1638 appellatur
669 1553 800 1615 vocatio
813 1546 992 1614 secundum
1002 1550 1229 1636 propositum,

65 1657 190 1721 noootio
213 1657 289 1720 eine
308 1658 540 1743 poenitemini
563 1677 630 1722 non
655 1654 753 1722 modo
776 1653 973 1737 Iansenius,
992 1654 1052 1722 sed
1075 1652 1231 1743 theologi

65 1762 162 1829 etiem
188 1762 354 1852 catholici
386 1786 454 1832 non
484 1765 588 1854 pauci
619 1767 800 1850 statuunt,
826 1763 877 1830 ab
899 1763 1103 1852 Augustino
1132 1761 1233 1830 nulla

66 1865 147 1934 done
171 1868 243 1936 dici
273 1868 553 1957 praedestinato,
577 1870 649 1936 nisi
673 1892 761 1960 quae
792 1871 1022 1938 conferuntur
1054 1868 1232 1936 seeundum

63 1980 285 2066 propositum
298 1982 513 2068 propositum
528 1984 642 2048 autem
661 1978 763 2046 aiunt
775 2000 878 2068 penes
890 1977 1131 2067 Augustinum
1147 2001 1232 2048 eem-

66 2105 120 2169 per
132 2084 289 2174 intelligi
308 2083 655 2174 praedestinationem
671 2084 889 2174 od'plo'riom5
900 2085 992 2154 unde
1005 2084 1229 2168 concludunt,

66 2187 148 2255 done
178 2191 295 2258 omnio
326 2199 471 2259 eotenus
502 2190 613 2258 solnm
646 2190 718 2259 dici
746 2190 1025 2280 praedestinate,
1059 2195 1231 2282 quatenns

66 2297 327 2382 proficiscantur
351 2321 393 2365 ec
413 2301 590 2386 proposito
614 2299 639 2366 i.
659 2299 895 2366 enecandum
920 2321 1037 2366 eorum
1061 2297 1231 2387 interpre-

65 2403 224 2472 tationem
250 2427 291 2472 ex
323 2405 547 2474 antecedente
578 2404 760 2473 voluntate
790 2405 920 2474 efficaci
943 2413 979 2474 et
1002 2429 1044 2472 en
1075 2406 1232 2472 absoluto

64 2507 376 2596 praedestinatione
399 2511 445 2578 od
466 2511 629 2602 pluriam.
654 2513 706 2578 At
729 2534 811 2580 vero
827 2517 903 2579 tote
918 2511 1004 2580 haec
1020 2513 1162 2582 videtur
1181 2513 1230 2580 in·

66 2618 268 2706 terpretetio
283 2619 733 2708 praeconceptosystemeti
748 2619 1096 2704 accommodaturos
1113 2627 1229 2688 eutem

66 2746 101 2790 ex
124 2726 238 2814 ipsius
262 2726 668 2816 Augustini'sententiis
691 2731 727 2793 et
749 2725 969 2794 contextibus
992 2725 1154 2795 deducte.

136 2832 328 2902 Verissime
359 2832 497 2924 quidem
527 2834 741 2920 propositum
770 2839 808 2900 et
834 2831 1107 2921 praedestinatio
1138 2833 1231 2922 opud

66 2939 300 3030 Augustinum
323 2963 522 3032 synonyma
544 2963 618 3009 esse
641 2941 820 3011 dicuntur.
847 2940 895 3010 Et
918 2941 994 3010 ideo
1018 2941 1113 3010 sicut
1132 2964 1232 3029 proe-

67 3044 246 3116 destinotr'o
267 3047 312 3118 'ex
336 3049 595 3134 demonstretis,
621 3048 674 3118 ite
698 3049 803 3117 etiam
825 3051 1037 3139 propositam
1052 3049 1233 3138 significat

67 3159 235 3224 aeternam
260 3156 513 3225 misericordem
531 3156 596 3228 Dei
613 3155 828 3224 voluntatem
854 3155 1053 3224 conferendi
1070 3154 1160 3223 dona
1175 3179 1232 3224 su·

69 3263 303 3348 pernaturalia
325 3265 362 3331 in
385 3271 551 3354 tempore,
577 3287 665 3356 qnae
690 3265 855 3332 voluntas
878 3286 945 3330 non
972 3263 1020 3331 sit
1043 3263 1155 3332 solum
1172 3284 1231 3330 an·

67 3371 218 3440 teoedeus
240 3378 278 3440 et
301 3371 540 3440 conditionate
562 3373 691 3440 effeotu
714 3371 888 3456 cariture3
915 3369 974 3440 sed
998 3370 1047 3437 sit
1069 3369 1233 3438 voluntas

68 3476 189 3562 efficax,
216 3479 253 3547 h.
271 3502 302 3546 a.
321 3480 437 3569 reipsa
461 3479 612 3548 efficiens
636 3501 736 3546 suum
754 3479 954 3546 terminum.
973 3477 1073 3560 Quod
1090 3499 1174 3567 orgo
1190 3475 1233 3546 de

69 3586 378 3672 praedestinatione
401 3585 567 3668 diximus,
594 3587 683 3654 idem
708 3587 804 3654 valet
819 3586 861 3654 de
878 3585 935 3654 hie
958 3584 1041 3652 aliis
1057 3584 1229 3672 formulis3

68 3691 184 3762 inusn
207 3703 328 3784 n'empe
351 3693 517 3786 loquendi
540 3694 806 3782 Augustiniano
830 3695 937 3762 etiem
960 3696 1173 3782 propositori
1197 3698 1234 3760 at

70 3802 189 3867 oocotio
214 3804 289 3868 eine
309 3804 525 3890 poenitentia
556 3808 628 3870 torn
653 3801 724 3869 late
749 3808 866 3891 petet,
893 3823 994 3894 quam
1021 3799 1234 3890 multiplicia

71 3917 143 3976 runt
163 3909 254 3978 done
278 3908 584 4000 supernaturalia,
611 3931 699 4000 qnae
724 3908 923 3977 hominibus
945 3930 1014 3976 non
1038 3906 1150 3975 solum
1173 3928 1235 3997 par
1344 3969 1347 3976 .

127 4105 167 4178 (1)
184 4108 357 4162 Potentibus
375 4108 518 4162 marinis
537 4123 634 4162 ornnes
654 4108 724 4161 libri
738 4123 806 4162 mss.
821 4113 850 4161 et
863 4107 935 4161 editi
950 4093 1060 4160 habirit
1072 4110 1172 4159 elector
1185 4109 1235 4160 ete

73 4197 117 4260 ott,
133 4200 214 4253 unico
233 4199 413 4266 Remigienel
425 4216 477 4253 ms.
492 4205 618 4267 excepto,
637 4203 788 4253 contextus
800 4200 863 4266 ipse
876 4199 950 4253 hanc
970 4200 1121 4252 lectionem
1141 4202 1236 4266 postu·

75 4283 118 4352 let;
136 4289 325 4342 nihilominus
344 4289 392 4341 illi
411 4289 537 4343 editores
557 4290 730 4344 auctoritato
748 4289 834 4341 nnius
860 4305 911 4342 ms.
935 4292 1044 4342 textum
1065 4289 1159 4342 nescio
1179 4305 1233 4355 quo

75 4377 180 4432 oonessio
193 4381 343 4432 muwunt
352 4379 383 4430 ln
394 4379 468 4432 hano
480 4379 601 4433 ultorem
614 4380 764 4432 lectionem
777 4380 878 4431 electus
890 4379 984 4446 clepit.
998 4379 1043 4431 An
1058 4377 1133 4432 torte
1146 4378 1234 4431 nimie

76 4465 179 4520 evidens
197 4472 269 4533 eret,
291 4467 366 4534 epod
384 4467 577 4534 annotinum
595 4483 691 4521 omnen
710 4465 858 4520 credentes
878 4467 935 4520 dlol
955 4469 1074 4520 electori
