3280 5070
555 379 591 393 -
614 347 674 408 587
696 359 755 394 -·

57 451 111 518 rie
128 449 335 541 simpliciter
351 451 480 521 cedunt
496 453 560 522 snb
576 453 712 522 merito.
729 451 884 520 Primum
902 475 985 522 vero
1000 455 1137 526 scilicet
1153 479 1228 549 pro·

58 558 217 648 positum,
230 581 268 628 eo
280 559 354 649 ipso
367 560 457 651 qnod
470 568 649 629 aeternum
663 569 716 628 est
728 559 878 645 (scilicet
890 567 1061 653 quatenus
1077 572 1131 632 est
1143 588 1228 655 pure

57 675 232 734 aeternnm
256 673 292 734 et
313 668 465 735 essentia
488 667 631 752 divina,
658 667 872 756 praecisione
903 669 998 737 fucta
1021 691 1042 737 a
1066 671 1228 741 terminis

57 771 272 859 connotatis;
298 795 398 841 secus
420 773 597 842 diceretur
620 773 809 841 absurdum
832 783 906 839 tum
936 776 1129 863 generatim
1152 783 1227 845 tum

56 878 232 966 speciatim
248 878 360 970 quoad
377 879 492 947 odium
517 883 711 964 aeternum)
735 877 894 946 meritum
921 878 1046 950 habere
1068 905 1136 950 non
1153 891 1227 972 pot·

55 995 114 1053 est.
142 985 323 1068 Quantum
362 1010 446 1056 vcro
477 987 520 1055 ad
545 987 714 1071 medium,
741 987 831 1078 quod
864 994 918 1055 est
951 990 1167 1078 gratificatio
1189 998 1227 1060 et

55 1092 246 1178 obduratio,
272 1094 476 1163 differenter
500 1103 554 1163 est
577 1095 815 1181 indicandum,
841 1115 920 1162 nam
938 1097 1121 1166 obduratio
1145 1097 1226 1165 sirn-

55 1197 190 1288 pliciter
215 1201 310 1271 cadit
332 1202 396 1270 sub
419 1202 585 1272 demerito
609 1203 684 1272 sive
708 1203 772 1272 sub
787 1205 877 1274 malo
892 1206 1027 1288 merito,
1046 1206 1222 1295 gratifica*

53 1307 99 1374 tio
113 1331 270 1377 veronen
287 1307 495 1398 simpliciter
507 1312 572 1378 snb
584 1312 706 1378 merito
722 1335 783 1380 neo
800 1312 1008 1403 simpliciter
1025 1321 1139 1380 extra.
1157 1311 1225 1380 Est

53 1415 137 1481 enim
163 1416 325 1484 meritum
342 1416 500 1506 congrui,
519 1418 631 1506 digni,
650 1427 686 1484 et
701 1418 877 1508 condigni.
896 1419 1058 1488 Meritum
1076 1420 1223 1508 congrui

53 1525 119 1606 est,
145 1523 284 1612 quando
307 1531 467 1611 peccator
491 1529 567 1612 (per
589 1523 761 1590 auxilinm
785 1525 923 1612 gratiae
946 1524 1111 1611 actualis)
1136 1525 1225 1593 facit

53 1627 137 1718 quod
161 1629 200 1696 in
224 1651 261 1698 se
284 1637 338 1697 est
360 1639 395 1699 et
418 1652 482 1718 pro
512 1651 571 1716 sc;
598 1629 758 1697 meritum
790 1629 914 1718 digni,
941 1615 1077 1721 quando
1108 1629 1223 1698 iustus

54 1735 134 1802 lacit
158 1759 223 1825 pro
247 1735 329 1823 alio;
357 1737 518 1805 meritum
541 1736 718 1826 condigni,
745 1737 883 1829 qnando
906 1738 1022 1805 iustus
1047 1737 1136 1806 facit
1159 1759 1221 1828 pro

53 1863 84 1908 se
96 1842 181 1932 ipso.
197 1843 483 1933 Respondendum
497 1852 551 1913 est
567 1866 650 1933 ergo
663 1843 706 1913 ad
720 1845 968 1935 quaestionem,
984 1852 1105 1914 utrum
1124 1867 1221 1934 prae·

53 1947 239 2019 destinatio
255 1960 290 2019 et
306 1951 503 2041 reprobatio
523 1951 651 2020 cadant
667 1953 732 2020 sub
749 1952 885 2034 merito,
903 1953 994 2043 quod
1014 1951 1222 2042 simpliciter

53 2053 217 2147 loquendo
240 2067 407 2150 qnantum
431 2059 475 2127 ad
499 2058 691 2148 principale
715 2057 953 2145 significatum
974 2063 1155 2150 (quantum
1175 2059 1220 2128 ad

52 2172 159 2231 actum
183 2163 344 2233 divinum
369 2166 404 2232 in
429 2170 499 2250 se),
525 2173 650 2234 neutra
673 2165 768 2234 cadit
791 2166 856 2232 sub
880 2167 1026 2252 merito;
1053 2173 1221 2258 quantum

54 2293 127 2337 vero
150 2271 196 2340 ad
226 2277 448 2341 connotatum
476 2273 672 2362 reprobatio
698 2271 793 2339 cadit
820 2272 883 2339 sub
906 2272 1029 2339 merito
1055 2272 1219 2362 simplici·

52 2385 111 2461 ter,
129 2380 404 2468 praedestinatio
427 2403 509 2449 vcro
533 2381 720 2448 secundum
737 2380 820 2471 quid
839 2407 855 2440 n
874 2379 1097 2470 (simpliciter
1119 2389 1155 2448 et
1178 2379 1219 2449 de

54 2486 217 2576 condigno
241 2471 351 2579 quoad
368 2487 530 2577 gloriam,
556 2488 597 2556 de
621 2509 775 2576 congruo
792 2486 904 2577 quoad
922 2487 1218 2576 gratificationem

54 2615 104 2662 seu
119 2596 273 2684 gratiam
297 2595 571 2664 sanctificantem
595 2594 776 2684 supposita
797 2600 912 2662 tannen
929 2594 1048 2682 gratia
1071 2593 1215 2680 actuali,

53 2723 130 2789 quae
154 2703 269 2790 prima
290 2725 359 2770 non
384 2709 587 2792 potestesse
609 2702 679 2769 nisi
705 2723 795 2769 mere
810 2701 985 2790 gratuita)
1002 2699 1034 2769 1.
1055 2701 1139 2769 dist.
1156 2702 1214 2770 41.

54 2831 82 2896 q.
99 2807 129 2874 1.
146 2807 238 2876 Vide
255 2815 291 2876 et
306 2808 433 2877 ibidem
449 2833 482 2900 q.
501 2808 535 2876 2.

110 2912 213 2983 Clare
229 2916 347 3006 itaque
364 2925 437 2984 tum
455 2916 492 2984 S.
504 2915 655 2984 Thomas
670 2920 745 2982 tum
766 2915 803 2984 S.
816 2915 1064 2982 Bonaveutura
1079 2913 1214 2998 docent,

54 3020 157 3088 omnia
180 3021 271 3090 dona
294 3023 539 3114 subsequentia
562 3030 639 3111 post
662 3022 809 3112 primam
833 3020 984 3110 gratiam
1001 3043 1146 3110 prorsus
1163 3043 1216 3088 eo·

54 3123 116 3194 dem
136 3133 274 3198 rarione
297 3130 552 3220 praedestinari
575 3151 615 3198 ex
642 3131 776 3198 meritis
792 3129 964 3219 praevisis
979 3129 1144 3219 congruis
1162 3128 1216 3198 vel

55 3235 251 3327 condignis,
276 3239 370 3306 sicut
392 3238 428 3304 in
452 3245 605 3327 tempore
629 3237 876 3322 corrferuntur;
902 3243 938 3304 et
961 3257 1002 3304 ex
1027 3235 1124 3305 modo
1148 3257 1216 3326 quo

56 3359 85 3406 se
103 3339 232 3410 babent
254 3343 344 3410 dona
366 3343 404 3410 in
427 3343 503 3433 ipsa
528 3343 725 3425 collatione,
752 3340 965 3410 concludunt
979 3342 1022 3409 ad
1047 3341 1213 3426 ordinem,

56 3467 111 3534 quo
132 3447 251 3516 eadem
274 3449 510 3539 disponuntur
533 3449 571 3516 in
596 3447 925 3539 praedestinatione.

110 3553 154 3622 3⁰.
180 3553 282 3638 Quod
305 3554 496 3647 spectatad
508 3555 767 3645 promerendam
780 3559 842 3626 aut
854 3554 1106 3644 impetrandam
1120 3576 1217 3644 prae·

56 3657 309 3730 destinationem
322 3661 439 3745 alteri,
458 3671 540 3730 ante
556 3661 671 3730 omnia
683 3667 817 3729 certum
829 3682 870 3728 ac
883 3669 998 3728 ratum
1014 3681 1089 3728 esse
1099 3659 1213 3743 debet,

57 3767 166 3836 merita
178 3767 312 3838 Christi
329 3767 570 3858 Redemptoris
586 3790 659 3837 esse
675 3790 815 3836 causam
834 3768 1047 3836 meritoriam
1065 3765 1215 3834 omnium

56 3872 227 3944 effectuum
255 3873 597 3964 praedestinationis,
630 3878 736 3965 utque
767 3874 851 3941 adeo
884 3868 1214 3960 praedestinationis

58 3981 192 4049 omnium
216 3981 395 4049 hominum
418 3981 755 4071 praedestinatorum
779 3979 871 4070 pr.
892 3980 922 4046 1.
945 3977 1047 4064 4-11;
1066 3977 1099 4046 2.
1121 3977 1213 4045 Tim.

57 4082 81 4151 l.
96 4087 125 4156 9.
141 4095 207 4158 etc.
226 4089 415 4179 Supposita
431 4087 496 4156 hac
513 4108 619 4157 causa
641 4088 822 4156 meritoria
846 4085 1044 4154 universali
1068 4089 1215 4176 possunt

61 4191 110 4260 alii
123 4195 203 4264 aliis
214 4197 403 4286 impetrare
415 4197 552 4285 gratias
566 4195 791 4284 multiplices,
803 4203 840 4262 et
852 4194 896 4261 ad
910 4193 993 4262 illas
1006 4213 1214 4284 consequeu-

61 4297 110 4369 das
123 4310 294 4396 tamquam
309 4304 546 4372 instrumenta
561 4307 597 4372 et
614 4301 883 4371 collaboratores
901 4300 966 4370 Dei
982 4297 1118 4390 aliquid
1135 4321 1213 4368 oon·

62 4405 146 4478 terre.
160 4411 306 4480 Gratiae
331 4422 448 4481 autem
472 4433 561 4502 quae
581 4410 716 4476 intuitu
732 4407 992 4496 impetrationis
1013 4405 1070 4474 rel
1094 4425 1210 4494 coope-
