3230 5072
511 365 549 382 ..
570 333 630 396 383
650 365 688 382 -

35 437 64 504 in
84 435 153 505 alio
175 441 293 507 autem
313 437 456 508 videtur
479 438 528 524 id,
546 440 635 530 quod
663 439 804 510 videtur
818 461 880 530 per
907 441 1053 532 speciem
1081 443 1190 512 couti·

32 545 148 631 nentis;
168 545 266 616 sicut
281 569 359 616 cum
387 567 468 636 pars
484 547 626 620 videtur
641 549 678 617 in
695 552 769 616 toto
785 571 845 639 per
861 548 1007 639 speciem
1034 549 1187 618 totius...

31 651 80 722 Sic
101 652 220 743 igitur
241 653 423 723 dicendum
446 660 511 740 est,
537 655 628 746 qnod
652 657 746 724 Deus
768 677 804 724 se
828 656 943 746 ipsum
966 657 1065 726 videt
1090 657 1128 724 in
1154 679 1190 726 sc

29 757 106 848 ipso,
133 759 222 851 quia
243 780 280 829 se
302 760 414 850 ipsum
438 761 536 830 videt
558 783 619 851 pen
642 761 827 831 essentiam
851 784 961 849 suam,
979 763 1051 832 alia
1073 770 1189 834 autem

29 887 98 934 sse
120 887 193 934 non
216 866 254 933 in
276 866 377 956 ipsis,
395 867 455 936 sed
478 868 516 936 iu
539 890 575 936 se
592 868 678 958 ipso,
696 869 734 936 in
762 875 929 961 quantum
959 871 1191 940 essentiatus

27 972 178 1042 continet
199 972 466 1043 similitudinem
493 973 642 1044 aliorum
657 976 701 1042 ab
716 975 792 1066 ipso
806 1002 823 1038 n
838 975 874 1044 S.
890 974 1011 1044 Thom.
1029 975 1061 1044 1.
1081 1002 1114 1069 q.
1131 977 1186 1046 14.

26 1099 54 1144 a.
72 1081 104 1146 ὅ.
123 1081 179 1148 At
202 1103 284 1150 vero
306 1081 337 1148 si
361 1081 538 1170 particula
563 1085 599 1148 io
623 1105 657 1149 ss
671 1085 758 1171 ipsis
772 1087 998 1152 connectatur
1015 1105 1092 1152 oum
1110 1086 1188 1153 sub·

26 1185 190 1271 stantivo,
217 1186 269 1255 ita
291 1191 334 1255 ut
355 1211 408 1254 res
431 1189 469 1252 in
490 1211 524 1254 ss
555 1189 662 1277 ipsis,
686 1209 753 1255 non
784 1194 899 1258 autem
931 1187 1041 1257 solum
1073 1211 1188 1258 rerum

25 1292 198 1382 exemplar
224 1297 261 1361 et
282 1293 497 1384 archetypus
526 1293 562 1362 in
593 1293 744 1363 essentia
773 1293 914 1380 divina,
939 1294 1189 1386 intelligantur

26 1419 90 1467 esse
114 1401 290 1470 obiectum
313 1401 472 1492 quamvis
502 1401 683 1471 materiale
705 1406 842 1472 tantum
865 1408 902 1472 et
926 1402 1102 1493 cognitum
1125 1425 1188 1494 per

27 1507 254 1595 cognitionem
269 1508 496 1600 adaequatam
523 1508 692 1578 essentiae
709 1509 861 1596 diviuae;
879 1509 944 1578 hoc
960 1532 1061 1578 seusu
1079 1531 1100 1578 a
1116 1510 1187 1580 Dec

26 1623 276 1702 cognoscuntur
301 1637 355 1684 res
370 1615 532 1706 singulae
551 1615 588 1684 in
611 1616 762 1707 seipsis.
780 1617 868 1687 Nam
888 1645 904 1682 c
923 1619 954 1686 si
980 1617 1110 1708 aliquis
1133 1639 1186 1688 oo·

27 1745 187 1810 gnoscens
210 1730 396 1814 cognoscat
419 1723 596 1813 cognitum
613 1725 799 1794 secundum
824 1747 892 1792 esse
914 1725 1006 1816 quod
1028 1723 1134 1794 hebet
1148 1725 1186 1794 in

28 1837 266 1919 cognoscente,
291 1831 520 1900 nihilominus
543 1831 723 1921 cognoscit
744 1831 857 1922 ipsum
886 1831 1074 1901 secundnm
1105 1855 1184 1914 esso,

29 1939 108 2025 quod
131 1939 240 2008 hebet
261 1945 362 2010 extra
385 1945 657 2029 cognoscentem:
683 1939 776 2009 sicut
790 1938 992 2008 intellectus
1009 1940 1187 2030 cognoscit

29 2040 170 2132 lapidem
179 2046 368 2115 seeundum
379 2069 454 2116 esse
466 2047 705 2137 intelligibile,
717 2047 808 2139 quod
820 2045 926 2115 habet
936 2046 973 2114 in
986 2045 1182 2132 intellectu,

29 2147 58 2216 in
69 2160 236 2242 qnantum
249 2154 404 2242 (reflexa)
414 2154 592 2244 cognoscit
604 2177 640 2223 se
656 2153 869 2244 intelliger03
883 2154 942 2222 sed
958 2153 1185 2224 nihilomiuus

30 2262 198 2348 cognoscit
212 2282 287 2330 esse
307 2261 436 2352 lapidis
459 2261 496 2330 in
512 2261 655 2352 proprie
669 2266 840 2330 nature...
859 2259 918 2330 Sic
937 2260 1050 2352 igitur
1072 2261 1186 2332 ‹licen-

28 2362 98 2434 dum
113 2375 180 2454 est,
199 2368 291 2461 quod
313 2369 408 2439 Deus
424 2391 492 2438 nou
506 2370 617 2438 solum
632 2368 812 2458 cognoscit
827 2387 883 2437 res
898 2391 972 2438 esse
987 2368 1027 2437 in
1044 2389 1080 2436 se
1095 2368 1182 2460 ipso,

30 2471 79 2540 sed
100 2497 162 2564 per
184 2473 222 2544 id
246 2474 336 2566 quod
359 2475 396 2544 iu
420 2497 456 2544 se
484 2475 559 2566 ipso
588 2475 743 2544 continet
764 2497 841 2560 res,
866 2475 1045 2565 cognoscit
1067 2498 1122 2542 eus
1146 2477 1185 2542 in

29 2585 161 2669 proprio
188 2599 329 2678 notura,
353 2589 389 2653 et
412 2589 512 2653 tanto
536 2583 726 2675 perfectius
753 2588 883 2676 quanto
909 2581 1099 2673 perfectius
1130 2587 1186 2651 est

30 2690 283 2783 unumquodque
318 2692 355 2760 in
389 2691 464 2780 ipso
482 2718 498 2754 o
517 2690 554 2760 S.
575 2691 641 2760 uh.
661 2690 693 2759 1.
712 2715 744 2783 q.
766 2691 820 2762 14.
840 2711 872 2758 a.
892 2691 925 2758 6.
946 2689 989 2758 eol
1014 2688 1046 2775 13
1072 2714 1106 2779 q.
1124 2687 1181 2756 20.

31 2795 101 2863 oa.
120 2797 214 2886 ad23
234 2823 267 2891 q.
286 2799 341 2866 57.
359 2819 392 2867 a.
409 2799 443 2886 85
463 2798 626 2868 devenit.
648 2825 681 2891 q.
700 2799 733 2867 2.
752 2819 785 2867 a.
802 2798 837 2868 4.
857 2797 950 2866 adli.

84 2902 173 2973 Saue
189 2908 225 2991 u)
242 2904 272 2972 si
291 2905 385 2974 Deus
402 2910 624 2995 cognosceret
639 2927 706 2971 esse
720 2926 848 2989 rernm,
867 2903 978 2972 solum
995 2901 1182 2972 secundum

31 3011 106 3097 qnod
129 3011 320 3082 eminenter
342 3017 426 3082 sunt
448 3013 486 3081 in
518 3013 611 3097 Deo,
637 3034 705 3080 nou
729 3017 950 3102 cognosceret
979 3008 1093 3101 ipsum
1117 3032 1185 3077 esse

31 3127 169 3189 oratum
197 3120 255 3189 vel
270 3119 433 3212 possibile
456 3119 516 3190 sed
531 3120 638 3190 solam
654 3141 752 3188 snam
768 3119 964 3188 essentiam.
979 3117 1075 3186 Illud
1090 3117 1181 3187 enim

31 3221 102 3294 Eas
122 3229 277 3297 eminens
299 3228 336 3297 in
360 3230 431 3297 Deo
446 3251 514 3296 non
530 3234 584 3297 est
601 3252 669 3295 ecce
684 3235 837 3296 creatum
854 3225 912 3296 vel
927 3225 1104 3316 possibile,
1123 3224 1183 3294 sed

31 3339 73 3401 eo
92 3337 167 3426 ipsa
191 3335 314 3406 divina
328 3337 492 3420 essentia,
511 3335 547 3404 in
564 3357 632 3428 qua
648 3341 823 3426 tamquam
840 3333 876 3401 in
894 3334 1027 3402 obiecto
1043 3331 1183 3402 formali

32 3443 194 3531 cognoscit
223 3443 357 3528 omnia,
384 3466 486 3534 qnam
516 3465 598 3512 vero
629 3465 696 3511 non
727 3441 833 3510 solam
865 3441 1061 3531 cognoscit:
1084 3470 1101 3505 c
1119 3463 1182 3510 neo

32 3541 158 3620 baberet
179 3573 232 3634 ea,
258 3573 346 3642 quae
369 3551 519 3621 nondum
543 3553 639 3620 iacta
661 3556 779 3634 erant,
803 3548 875 3617 nisi
899 3547 1182 3640 quemadmodum

32 3661 74 3723 tet
101 3657 174 3746 ipse
206 3681 275 3726 non
309 3659 425 3727 factus
450 3685 466 3720 n
492 3659 587 3748 Aug.
607 3653 731 3726 Genes.
750 3657 794 3726 ad
810 3654 884 3723 litt.
903 3654 948 3722 V.
967 3678 996 3723 o.
1017 3653 1071 3722 16.
1090 3653 1182 3722 Hinc
1261 3713 1267 3733 .

34 3763 136 3833 uultis
159 3765 196 3833 iu
219 3765 306 3834 locis
332 3767 462 3857 repetit
490 3766 734 3855 Augustinus,
760 3764 896 3856 qnando
927 3763 1096 3832 dicuntur
1125 3783 1181 3830 res

33 3887 130 3939 onnes
151 3895 226 3942 esse
249 3876 286 3939 io
310 3873 393 3956 Deo,
410 3873 474 3942 hoo
497 3873 765 3962 intelligendum
788 3893 863 3940 esse
879 3871 921 3940 de
937 3868 1125 3958 exemplari
1141 3889 1181 3936 so

36 3974 219 4049 viventibus
248 3980 356 4064 ideis,
382 3987 417 4049 et
439 3981 481 4050 dc
503 3981 646 4050 vivente
668 3980 842 4063 scientia,
868 3999 938 4070 que
968 3998 1036 4044 nou
1065 3996 1179 4044 rerum

35 4089 161 4154 netnms
183 4089 220 4156 in
243 4110 280 4156 se
303 4088 408 4157 habet
433 4088 623 4156 existentes
639 4089 682 4155 ab
698 4093 851 4170 aeterno,
870 4085 929 4154 sed
945 4083 1050 4152 habet
1064 4089 1180 4152 temen

37 4185 112 4278 ipsas
125 4217 177 4264 res
193 4195 231 4263 in
248 4217 311 4264 sua
333 4195 475 4265 notitia.
497 4225 513 4260 a
532 4195 570 4264 Si
597 4202 745 4264 noverat
759 4216 811 4279 ea,
830 4194 1033 4284 priusquam
1050 4193 1182 4260 faceret

37 4315 77 4384 2⁸5
89 4303 235 4389 proiecto
252 4303 455 4395 priusquam
468 4303 602 4387 fierent,
617 4302 710 4393 apud
721 4301 823 4370 illum
839 4305 941 4369 erant
952 4298 1068 4368 eodem
1083 4295 1181 4366 modo

37 4408 113 4489 nota,
125 4431 189 4499 quo
213 4409 418 4499 sempiterne
441 4415 545 4500 atque
561 4405 894 4478 incommutabiliter
908 4403 1038 4474 vivunt
1051 4408 1088 4472 et
1102 4400 1179 4470 vico
