3280 5070
909 431 944 442 -
968 399 1029 459 592
1050 433 1087 446 ..

413 499 504 570 illud
534 499 666 568 dictum
700 505 894 590 usurpent,
921 523 986 568 uon
1011 501 1120 570 aliurn
1149 525 1251 595 quam
1275 503 1370 572 bunc
1393 502 1426 570 ei
1449 523 1580 571 sensnm

412 607 625 679 subiiciunt:
652 629 712 697 per
736 607 801 675 Dei
829 607 1000 704 gratiamq.
1027 632 1114 700 quae
1138 610 1206 679 tibi
1230 634 1296 679 non
1321 611 1441 692 deest¹
1467 610 1520 676 tac
1542 630 1580 676 ea

412 715 539 808 quibus
563 715 736 805 praevisis
752 715 823 782 eris
840 716 1135 805 praedestinatus.
1161 717 1201 786 Si
1226 725 1453 810 peccatores,
1471 737 1581 784 rever·

411 831 486 891 tere
509 821 552 890 ed
577 819 765 907 iustitiam3
783 819 814 888 si
830 821 948 890 iustus
964 847 1012 907 es,
1032 846 1169 893 maneas
1191 826 1230 893 iu
1254 825 1447 892 sanctitate
1462 828 1499 890 et
1512 821 1583 888 noli

411 928 561 1019 amplius
586 951 739 1018 peccare.
767 928 963 998 Secundum
987 931 1081 1000 bunc
1105 954 1242 1000 sensnm
1267 930 1498 1020 consequitur
1522 927 1586 994 illa

411 1035 586 1129 sententia
601 1059 642 1104 ex
660 1035 792 1106 diserta
816 1037 978 1106 doctriua
994 1039 1030 1107 S.
1050 1039 1215 1130 Prosperi
1239 1039 1274 1106 in
1300 1037 1585 1128 responsionibus

411 1141 455 1210 ad
480 1141 645 1232 capitula
663 1173 678 1206 u
696 1143 985 1212 calumniantium
1010 1145 1192 1214 Gallorum
1207 1173 1246 1230 s,
1264 1145 1309 1213 ad
1325 1143 1506 1234 Excerpta
1521 1142 1585 1211 Ge

411 1248 607 1333 anensium,
626 1249 720 1317 etad
736 1249 955 1320 Obieotiones
979 1251 1243 1322 vincentianas.
1268 1253 1376 1320 allon
1400 1275 1442 1320 ex
1466 1273 1509 1319 eo
1531 1273 1585 1318 nc·

410 1355 607 1426 cessitatem
620 1356 787 1446 pereundi
804 1357 1014 1444 habueruut,
1031 1359 1114 1451 quia
1129 1357 1385 1450 praedestinati
1400 1381 1472 1425 non
1489 1365 1583 1442 sunt;

410 1463 469 1531 sed
493 1463 570 1532 ideo
594 1463 845 1560 praedestinati
868 1489 934 1534 nou
963 1475 1065 1552 sunt,
1092 1467 1175 1558 quia
1200 1467 1292 1534 tales
1319 1465 1435 1534 futuri
1458 1489 1505 1534 ex
1530 1487 1585 1532 vo

409 1569 568 1638 luntaria
592 1571 892 1660 praevaricatione
917 1573 1082 1663 praesciti
1106 1577 1232 1642 snut...
1250 1573 1328 1642 Non
1351 1575 1441 1641 enirn
1467 1569 1587 1640 relicti

409 1680 493 1744 suut
515 1697 537 1744 e
559 1677 641 1760 Deo,
667 1685 709 1746 ut
732 1679 971 1769 relinquerent
987 1680 1109 1766 Deum;
1129 1680 1188 1748 sed
1212 1680 1446 1772 reliquerunt,
1473 1685 1515 1748 et
1537 1700 1585 1746 rc·

408 1781 487 1850 licti
510 1789 606 1866 sunt,
633 1789 669 1852 et
691 1806 732 1852 ex
758 1786 844 1853 bono
867 1786 903 1854 in
930 1787 1056 1856 malum
1082 1788 1223 1878 propria
1247 1787 1430 1856 voluntate
1453 1786 1587 1855 mutati

408 1893 503 1958 suut:
529 1896 634 1982 atque
658 1891 700 1959 ob
723 1891 829 1962 boc...
855 1894 898 1960 ab
921 1915 960 1962 eo
983 1893 1045 1986 qni
1067 1893 1150 1962 illos
1172 1894 1264 1962 tales
1288 1893 1500 1983 praescivit,
1521 1916 1586 1962 nou

407 2005 492 2065 suut
514 1997 766 2087 praedestinati
783 2025 799 2060 n
818 2001 862 2069 ed
878 2025 953 2092 cap.
969 2001 1037 2070 111.
1053 1999 1148 2070 Gall.
1164 2001 1265 2070 Item:
1287 1999 1398 2092 aquia
1414 2001 1585 2090 praesciti

408 2111 491 2171 sunt
513 2103 651 2189 casuri,
674 2129 743 2174 nou
767 2116 852 2176 sunt
875 2107 1148 2200 praedestinati;
1175 2123 1281 2174 essent
1304 2123 1417 2174 cutem
1437 2107 1585 2196 praede

408 2212 548 2292 atinati,
562 2213 595 2278 ai
607 2227 713 2279 essent
724 2218 893 2281 reversuri
904 2229 936 2282 et
950 2218 987 2281 iu
999 2219 1185 2282 sanctitate
1195 2219 1351 2282 mensuri
1360 2242 1376 2275 s
1386 2215 1432 2284 ad
1443 2213 1582 2285 Obiect

408 2315 571 2388 Vincent.
586 2319 671 2388 XII.

473 2425 595 2496 Potest
616 2449 700 2516 ergo
723 2429 806 2498 dici:
832 2431 892 2522 qui
916 2437 970 2498 eat
993 2431 1029 2498 in
1053 2431 1285 2520 praescientia
1307 2431 1373 2498 Dei
1394 2432 1581 2520 reprobus,

407 2540 522 2622 potest
544 2535 723 2624 cooperari
732 2537 883 2625 'gratiae
906 2537 970 2620 ita,
997 2545 1039 2606 ut
1061 2537 1225 2606 voluntas
1241 2537 1306 2606 Dei
1322 2539 1530 2607 conferendi
1552 2539 1582 2608 ei

407 2641 558 2730 gratiam
582 2649 673 2710 esset
695 2643 983 2732 praedestineti03
1000 2665 1105 2738 eoque
1121 2645 1196 2734 ipso
1212 2643 1249 2712 in
1264 2645 1332 2713 Dei
1347 2645 1583 2734 praescientis

407 2771 473 2816 non
492 2748 659 2837 reprobus
675 2749 733 2819 sed
750 2750 1032 2840 praedestinatus
1048 2763 1151 2821 esset.
1170 2751 1311 2820 Pariter
1334 2752 1395 2842 qui
1418 2753 1457 2820 iu
1481 2775 1582 2843 prae

406 2857 554 2924 seientia
577 2856 643 2925 Dei
666 2865 720 2925 est
743 2857 1039 2946 praedestinatus,
1056 2865 1171 2949 potest
1185 2882 1326 2950 peccare
1342 2858 1503 2928 finaliter
1518 2860 1581 2942 ita,

408 2970 448 3032 ut
464 2963 627 3032 voluntas
642 2964 707 3033 Dei
723 2965 923 3034 conferendi
947 2966 979 3034 ei
1003 2966 1156 3056 gratiam
1181 2991 1248 3036 non
1271 2975 1365 3037 esset
1387 2967 1579 3058 praedesti·

405 3071 516 3158 nati03
530 3077 635 3164 utque
652 3073 737 3141 adeo
753 3073 788 3140 in
806 3073 1039 3162 praescientia
1052 3073 1118 3142 Dei
1133 3075 1202 3142 ianr
1214 3099 1283 3144 nou
1295 3075 1581 3166 praedestinatus

405 3187 497 3246 esset
514 3178 573 3246 scd
590 3180 769 3268 reprobus.
787 3179 883 3248 Aliis
903 3181 1032 3248 verbis:
1049 3182 1333 3272 praedestinatus
1351 3207 1420 3252 non
1440 3183 1579 3277 quidem

407 3285 443 3350 ie
460 3309 557 3352 cenea
571 3288 765 3375 composito,
779 3287 839 3356 sed
851 3294 967 3356 tamen
984 3291 1022 3354 ie
1038 3311 1136 3357 aenea
1150 3289 1262 3358 diviso
1276 3297 1393 3380 potest
1404 3291 1577 3374 damnari;

405 3401 442 3461 et
464 3391 595 3462 divisio
618 3393 744 3484 pendet
766 3417 788 3462 a
810 3393 921 3464 libero
944 3395 1105 3482 arbitrio,
1124 3421 1191 3490 quo
1205 3403 1320 3488 potest
1336 3421 1479 3488 peceare
1495 3398 1580 3466 fine·

404 3497 501 3568 liter:
524 3502 691 3591 reprobus
708 3524 775 3569 non
792 3501 930 3593 quidem
956 3505 991 3568 in
1016 3527 1113 3571 sensa
1136 3507 1331 3594 composito,
1349 3505 1410 3574 sed
1429 3509 1466 3570 in
1481 3529 1577 3572 mars

405 3604 514 3673 diviso
538 3614 654 3696 potest
676 3608 822 3694 salvari3
840 3617 877 3678 et
891 3609 1020 3678 divisio
1035 3610 1246 3700 pendetuon
1261 3612 1409 3681 alibero
1429 3612 1577 3682 arbitrio

404 3711 592 3781 secundum
616 3713 712 3783 vires
734 3715 916 3785 naturales
940 3716 999 3785 sed
1022 3717 1197 3786 instructo
1219 3724 1256 3787 et
1277 3717 1417 3787 elevato
1432 3719 1576 3786 auxiliis

403 3819 552 3910 gratiae.
571 3819 646 3889 Hoc
660 3825 777 3890 autem
794 3844 861 3890 uon
878 3821 1060 3911 significat
1075 3829 1282 3912 potestatem
1302 3823 1465 3893 mutandi
1482 3847 1574 3915 prae·

403 3926 669 3996 destinationem
693 3937 757 3996 aut
780 3927 1066 4018 reprobationem:
1085 3930 1144 3998 sed
1168 3929 1349 4021 signifieat
1370 3937 1573 4020 potestatem

404 4057 464 4124 per
488 4035 700 4104 adiutorium
725 4035 862 4125 gratiae
886 4036 1038 4106 faciendi
1062 4037 1122 4122 id,
1149 4061 1216 4130 quo
1239 4039 1353 4128 posito
1380 4039 1574 4130 reprobatio

402 4155 589 4234 numquam
614 4143 753 4230 luisset;
771 4149 807 4212 et
822 4149 1029 4232 potestatem
1045 4145 1282 4214 committendi
1298 4153 1493 4236 peccatum,
1511 4167 1572 4238 quo

401 4249 515 4340 posito
538 4273 724 4343 numquam
750 4251 878 4320 fuisset
893 4252 1063 4342 completa
1078 4252 1366 4342 praedestinatio.
1389 4255 1572 4346 supposita

401 4363 518 4426 eutem
535 4357 604 4424 iam
621 4358 791 4448 completa
815 4358 1132 4448 praedestinatione
1150 4368 1402 4452 consequenter
1419 4363 1464 4432 ad
1481 4383 1569 4452 prae·

403 4462 497 4529 visos
519 4462 648 4532 liberos
671 4473 772 4534 actus
789 4465 939 4556 gratiae,
961 4465 1015 4534 vel
1042 4467 1118 4536 vioe
1144 4490 1246 4536 versa
1261 4468 1446 4559 supposita
1461 4492 1566 4560 repro·
