3230 5072
914 417 952 430 ..
974 385 1034 446 422
1055 417 1093 431 ...

484 489 691 559 Huiusmodi
725 489 1050 580 praedefinitionem
1082 489 1219 558 nomine
1241 490 1335 560 nihil
1358 495 1474 581 potest
1494 489 1578 557 aliud

415 598 584 688 intelligi,
611 620 713 690 quam
735 603 878 668 aeterua
900 603 936 667 ct
959 598 1120 668 absolute
1142 599 1208 668 Dei
1231 599 1410 684 voluntas,
1436 605 1478 667 ut
1498 619 1578 666 crea·
1607 685 1608 690 ἵ

416 713 499 774 tura
521 707 559 774 in
581 713 733 797 tempore
756 706 800 775 ad
824 707 917 777 hunc
939 713 1003 776 aut
1026 707 1128 776 illum
1152 713 1270 777 sotum
1286 707 1397 775 libere
1420 728 1458 774 se
1480 705 1579 773 deter-

415 813 536 882 minet.
563 814 636 883 Hoc
659 820 775 883 autem
798 814 986 883 manifesto
1017 814 1085 884 duo
1109 813 1280 899 includit,
1307 811 1579 903 complacentiam
1607 807 1608 824 ¹

415 1069 583 1136 segoviensi
593 1069 660 1124 Ord.
671 1069 830 1124 Praedicat.
842 1068 887 1142 (Τ.
896 1071 935 1124 11.
943 1071 973 1124 iu
982 1071 1007 1124 1.
1022 1072 1048 1123 2.
1060 1087 1089 1138 p.
1099 1069 1163 1137 4683
1174 1069 1242 1123 vide
1252 1069 1351 1123 bivia.
1363 1067 1398 1120 de
1408 1067 1578 1134 hieyerilist

415 1157 449 1212 ds
461 1157 560 1212 huxil.
574 1161 596 1212 l.
612 1160 651 1212 ΙΙ.
664 1175 689 1212 c.
704 1155 772 1229 un),
787 1160 857 1212 licet
882 1160 944 1213 eiua
969 1159 1101 1213 doctrina
1126 1157 1160 1211 dc
1184 1159 1307 1212 efficacia
1332 1158 1445 1223 gratiae
1472 1172 1506 1208 ex
1531 1157 1579 1207 elic

414 1250 507 1316 capite
521 1253 621 1303 nostra
633 1265 689 1302 non
703 1249 754 1302 sit.
768 1269 780 1297 s
792 1249 872 1313 Quod
885 1249 1001 1317 quidam
1014 1249 1124 1316 dicunt,
1138 1249 1183 1302 ait
1197 1249 1334 1316 Aravius,
1354 1248 1446 1302 Deum
1458 1247 1578 1300 volunta·

414 1341 470 1391 tem
490 1339 583 1406 quoad
601 1339 768 1393 exercitium
787 1338 823 1392 ad
843 1339 963 1406 primum
982 1343 1076 1394 actum
1095 1339 1286 1393 determinare
1305 1339 1358 1404 ιιι,
1374 1335 1453 1404 quod
1466 1337 1498 1388 in
1511 1351 1577 1386 sesso

415 1429 563 1494 composito
576 1431 701 1495 nequeat
713 1429 744 1481 in
757 1431 850 1482 actum
864 1429 948 1482 illum
960 1445 1017 1482 nou
1029 1429 1154 1496 prodire,
1171 1428 1241 1482 licet
1252 1428 1284 1480 in
1297 1444 1378 1480 sensu
1393 1427 1486 1478 diviso
1500 1426 1578 1478 libers

414 1533 476 1570 eum
495 1516 604 1584 eliciat,
624 1517 696 1570 mihi
714 1522 759 1571 ιιι
776 1534 876 1584 parum
895 1519 1052 1586 probabile;
1074 1519 1223 1586 quiscum
1245 1518 1302 1570 illa
1324 1517 1528 1570 determinatio
1544 1515 1576 1568 sit

414 1607 449 1661 ub
469 1611 582 1660 auctore
608 1612 728 1660 naturae
747 1611 777 1660 st
805 1609 845 1661 sit
873 1610 1046 1676 proveniens
1065 1625 1099 1662 ex
1125 1608 1286 1662 intrinsece
1306 1608 1403 1674 ipsius
1426 1606 1576 1660 voluntatis

413 1701 528 1764 natura,
550 1699 574 1750 ei
593 1700 675 1753 illam
694 1699 889 1764 admittimus,
910 1699 1083 1765 simpliciter
1102 1703 1132 1752 st
1149 1699 1179 1751 in
1199 1699 1275 1752 omui
1299 1713 1387 1751 sensu
1414 1697 1577 1751 necessitare

413 1789 498 1841 debet
522 1790 701 1843 voluntatem
721 1789 757 1842 ad
781 1790 866 1842 illum
888 1793 991 1844 sctum.
1008 1810 1020 1837 n
1036 1789 1174 1854 Georgius
1186 1787 1412 1844 AlbcrtiuiOrd.
1424 1787 1576 1841 Praedicst.

413 1879 509 1932 verbis
522 1880 679 1934 acrioribus
693 1895 765 1947 quae
775 1879 881 1934 reterre
892 1895 949 1934 non
959 1881 1043 1948 libat,
1056 1880 1187 1947 disputat
1196 1879 1335 1933 adversus
1345 1879 1415 1934 illos
1425 1879 1575 1943 theologos,

413 1971 530 2021 excusat
549 1985 615 2022 vero
633 1985 690 2037 eos,
714 1969 789 2037 quod
811 1985 900 2024 acum
919 1974 1037 2024 ventum
1055 1970 1147 2023 luerit
1165 1968 1201 2024 ad
1220 1970 1410 2036 obiectiones,
1432 1971 1479 2038 pie
1497 1973 1526 2020 et
1540 1985 1576 2020 sa·

412 2058 560 2123 pientera
585 2073 636 2111 suc
665 2063 822 2124 systemate
852 2058 1014 2112 recedunts
1038 2055 1137 2130 (Orat.
1151 2060 1191 2112 11.
1213 2059 1249 2112 sd
1273 2059 1422 2125 theologos
1445 2059 1536 2112 Bahes
1552 2063 1576 2108 ιι

411 2149 523 2201 hamos.
539 2163 568 2200 n.
583 2149 628 2200 40.
642 2148 687 2214 41;
703 2148 858 2202 Dissertst.
872 2149 908 2202 ad
921 2149 1100 2202 Domiuicum
1112 2150 1260 2214 Pelegrini
1272 2165 1301 2202 ιι.
1317 2151 1361 2202 79.
1370 2145 1392 2219 ).

463 2236 507 2291 Ad
529 2239 610 2291 illam
631 2237 845 2291 distinctionem
858 2255 952 2290 aeneus
965 2239 1110 2304 compositi
1122 2242 1151 2292 et
1162 2255 1257 2291 ιιιιιιιι
1268 2228 1356 2290 divisi
1374 2237 1450 2306 quod
1463 2243 1572 2306 spectat,

410 2329 516 2395 optime
529 2328 732 2396 intelligimus,
748 2343 805 2382 nou
816 2330 922 2383 officere
936 2329 1069 2382 libertati
1081 2328 1347 2395 impossibilitatem
1360 2335 1442 2382 ectus
1460 2330 1491 2380 ιἰι
1503 2345 1573 2380 sessa

410 2417 559 2481 composito
570 2433 630 2468 eum
640 2417 740 2484 aliquo
749 2418 893 2483 hypothesi
897 2417 1040 2483 pendente
1049 2436 1066 2469 a
1076 2417 1167 2468 libera
1176 2418 1333 2470 voluntatis
1340 2418 1571 2476 demissione,

410 2522 435 2558 e.
450 2521 478 2570 g.
492 2507 523 2558 iu
541 2506 705 2574 hypothesi,
727 2507 802 2574 quod
821 2507 911 2560 libere
931 2508 1079 2560 consentio
1098 2507 1210 2574 gratiss
1223 2508 1380 2575 excitanti,
1396 2512 1536 2576 repugnat
1546 2511 1573 2556 ut

410 2595 496 2648 simul
514 2610 571 2647 uon
591 2595 777 2648 consentiam:
801 2599 831 2648 et
852 2596 921 2663 quia
937 2597 1013 2648 Deus
1035 2595 1117 2650 videt
1135 2597 1228 2662 ipsum
1242 2611 1332 2650 meum
1349 2597 1471 2650 liberum
1489 2601 1571 2650 setun

409 2699 572 2752 consensus,
585 2687 728 2750 repugnet
741 2685 866 2752 pariter,
882 2689 915 2738 ut
929 2686 969 2737 sit
984 2685 1086 2739 divina
1103 2685 1176 2738 visio
1188 2685 1243 2738 mei
1262 2701 1432 2752 consensus,
1445 2691 1569 2739 ettamen

409 2789 564 2827 consensus
584 2789 640 2826 nou
665 2775 715 2841 sit;
736 2775 795 2826 ιιιιι
815 2776 889 2828 euim
915 2775 1107 2842 consentiam,
1129 2779 1164 2828 ut
1188 2790 1303 2842 possum
1325 2791 1381 2830 uon
1408 2777 1568 2840 coumntire,

409 2864 484 2916 Deus
502 2863 554 2916 hoc
574 2863 668 2930 ipsum
688 2863 780 2918 videt.
796 2864 827 2918 sl
852 2865 886 2919 de
903 2881 984 2918 ιιιιιιι
997 2865 1146 2932 composito
1166 2881 1228 2916 eum
1239 2866 1337 2933 pratis
1348 2866 1461 2933 efficaci
1473 2866 1567 2930 agitur,

408 2953 570 3006 formaliter
590 2957 623 3006 ut
641 2958 687 3007 est
706 2956 803 3021 pratia
816 2955 919 3022 efficax
931 2957 963 3008 iu
981 2960 1047 3010 actu
1061 2954 1197 3023 secundo,
1213 2957 1400 3024 supponimus
1413 2956 1461 3009 hic
1479 2955 1569 3008 doctri·

408 3057 473 3095 nam
492 3041 527 3093 de
547 3045 653 3094 nature
672 3041 782 3107 gratiae
809 3043 927 3097 efficacis
947 3047 977 3097 ιι
1002 3045 1179 3098 sufficientis.
1194 3043 1337 3098 Videlicet
1352 3043 1384 3096 in
1405 3046 1569 3111 respectare

407 3132 503 3198 gratis
521 3135 566 3184 est
587 3135 617 3184 ιι
635 3131 743 3185 dicitur
762 3133 868 3200 efficax,
890 3135 920 3188 h.
935 3150 960 3188 ι.
983 3135 1091 3188 hebens
1110 3136 1249 3188 virtutem
1268 3133 1407 3188 efficiendi
1426 3135 1523 3201 utique
1540 3133 1566 3182 ul

407 3222 562 3274 ιιιινιιιιιιο
577 3231 604 3272 ιι
616 3239 648 3273 ιιι
665 3239 716 3275 ssa
734 3223 852 3275 euticete
867 3223 932 3294 (ιιι
943 3225 1019 3278 euim
1035 3225 1156 3280 stultum
1174 3229 1204 3278 ιι
1222 3224 1281 3278 nisi
1298 3225 1329 3277 in
1340 3223 1500 3291 puerilibus
1512 3237 1565 3289 quo·

407 3313 526 3366 tundam
538 3313 747 3366 obiectionibus
762 3313 935 3382 inauditum,
948 3315 1023 3383 quod
1033 3316 1142 3384 eliquia
1151 3315 1303 3381 theologus
1313 3331 1447 3382 umquam
1459 3313 1566 3368 senserit

406 3405 529 3468 gratiam
551 3404 678 3471 accipere
697 3405 776 3458 vires
797 3422 814 3458 s
834 3407 986 3458 voluntate
999 3407 1212 3473 consentiente,
1228 3421 1290 3460 cum
1311 3408 1413 3460 contu
1426 3403 1564 3470 ειιιιιιιι

406 3493 485 3546 vires
505 3495 653 3547 voluntati
674 3493 710 3547 sd
732 3493 990 3566 consentiendum):
1010 3497 1042 3548 in
1060 3497 1272 3564 comparatione
1291 3499 1387 3550 autem
1406 3511 1469 3548 eum
1485 3493 1564 3560 grstia

406 3583 558 3636 sufficienti
578 3581 686 3636 dicitur
707 3584 803 3637 efficax
823 3599 880 3636 non
900 3599 935 3637 ex
948 3585 1065 3639 diversa
1077 3585 1209 3652 entitate,
1225 3585 1309 3652 quasi
1319 3599 1388 3638 vero
1398 3584 1494 3650 gratia
1505 3582 1561 3636 suti·

404 3672 481 3726 ciens
501 3689 557 3725 non
576 3677 653 3726 esset
670 3675 780 3728 virtute
795 3678 847 3727 sut
861 3675 1020 3728 intrinseco
1030 3674 1164 3730 ordinata
1173 3675 1210 3728 ad
1223 3673 1408 3740 efficiendum
1422 3673 1473 3727 sed
1484 3674 1562 3726 chicu

404 3767 435 3816 ιι
448 3763 588 3816 sufficiens
603 3764 699 3828 gratia
711 3763 905 3830 distinguitur
916 3765 948 3816 ιἰι
962 3772 1027 3816 aeta
1035 3765 1139 3830 primo,
1154 3767 1297 3831 quatenus
1307 3778 1371 3816 cum
1385 3763 1441 3817 illa
1448 3761 1562 3828 iungitur

404 3853 549 3919 praevisio
562 3853 650 3906 liberi
669 3858 749 3907 actus
761 3853 924 3908 escondied
937 3869 1020 3921 quem
1038 3854 1198 3920 ordinatur,
1218 3869 1280 3928 cum
1295 3853 1348 3906 hac
1360 3867 1429 3906 vero
1448 3853 1561 3916 iungitur

404 3945 548 4009 praevisio
566 3943 653 3997 liberi
673 3943 822 3998 dissensus
843 3947 873 3997 ιι
885 3942 1004 4011 proinde
1018 3943 1164 4010 praevisio
1178 3943 1342 4009 negationis
1355 3945 1438 3996 actua
1451 3939 1558 3999 emundi,

402 4031 438 4084 ad
458 4047 541 4098 quem
560 4032 656 4097 gratis
673 4047 708 4084 ex
729 4047 759 4084 ιι
780 4031 914 4086 ordinata
933 4032 1062 4086 est.an
1080 4047 1147 4096 ergo
1162 4047 1248 4084 sensu
1269 4033 1295 4084 si
1313 4031 1413 4096 gratia
1424 4031 1512 4084 adicer
1524 4034 1559 4078 est

402 4125 432 4173 et
443 4121 565 4174 efficiens
577 4122 608 4174 in
623 4109 693 4175 actu'
701 4121 833 4188 secundo,
846 4124 988 4188 quatenus
999 4137 1050 4189 por
1061 4121 1140 4175 vires
1150 4122 1261 4187 gratim
1272 4121 1344 4174 mihi
1358 4119 1558 4174 communicatas

401 4210 492 4262 libere
513 4214 607 4264 sctum
626 4211 719 4277 elicio,
735 4226 807 4278 quae
819 4211 916 4276 gratia
929 4210 1025 4264 eadem
1040 4215 1116 4264 esset
1128 4225 1203 4264 mere
1218 4211 1370 4276 sufficiens,
1387 4210 1414 4262 ιι
1426 4206 1557 4277 praevisus

401 4303 479 4350 osset
497 4297 655 4366 dissensus,
676 4299 762 4352 facile
780 4299 961 4366 intelligitur
980 4315 1042 4352 cum
1062 4301 1160 4365 gretia
1178 4299 1338 4364 ontologiee
1357 4313 1415 4351 uua
1432 4301 1459 4350 ιι
1475 4293 1554 4347 eaden

402 4403 483 4454 posse
501 4389 549 4442 vel
568 4389 703 4454 coniungi
723 4402 890 4442 consensum
909 4389 1039 4442 elicitum
1059 4405 1109 4457 per
1128 4389 1207 4442 vires
1225 4389 1349 4455 gratiae,
1371 4389 1419 4442 vel
1433 4383 1552 4454 possebo

401 4478 504 4530 minem
517 4477 674 4532 dissentire
688 4478 821 4534 disaausu
834 4480 932 4534 elicito
946 4480 1059 4534 viribus
1074 4483 1224 4547 corruptos
1242 4483 1376 4534 ‘naturae
1393 4475 1553 4539 Intelligitur
