3394 5056
466 443 880 554 sancturus

190 675 261 758 us
289 677 393 760 ouo
424 675 534 762 uno
561 677 848 761 secunaum
873 677 1146 761 NATURAM.

515 883 834 936 -οοοὼφοοο-

569 1057 721 1134 SECTIO
747 1060 775 1132 l.

350 1205 401 1264 un
419 1203 640 1264 coemamus
658 1203 997 1262 ax1sruur1snnn1.

568 1372 722 1442 CAPUT
744 1371 776 1442 1.

243 1531 409 1576 mmm
427 1531 453 1578 fl·
467 1531 664 1576 walarum
682 1533 725 1576 DE
742 1531 933 1576 emulum
951 1531 1026 1578 vm
1044 1531 1100 1576 nul

182 1619 412 1666 mmmm
430 1622 472 1666 11
489 1621 817 1667 umenerauuomus
835 1621 907 1666 llus
923 1619 1156 1667 marmanum·
1189 1691 1192 1698 ¹

577 1779 721 1842 THESIS
743 1781 768 1841 1.

328 1913 489 1977 Doctrina
508 1915 548 1977 dc
567 1917 732 1976 rationali
756 1917 941 1994 consitione
963 1913 1026 1976 Dei

388 2014 534 2090 pertinet
555 2013 657 2074 ctiam
678 2012 722 2072 ad
746 2011 950 2089 theoloyiom.

154 2165 256 2222 emese
268 2167 419 2234 theologia
436 2165 503 2220 tillet
521 2167 682 2222 naturalem
701 2165 891 2234 cognitlonem
912 2165 1086 2220 exlatentlae
1107 2165 1161 2220 un
1179 2180 1259 2235 prae·

105 2261 272 2324 -ropponat,
298 2257 376 2312 sicut
393 2257 624 2326 supernaturalia
650 2255 718 2310 ordo
742 2255 915 2310 elevationis
939 2255 1098 2321 generatim
1122 2255 1261 2324 supponit

104 2343 239 2400 reclinem
260 2347 426 2400 naturalem
445 2344 625 2412 elevandum
643 2345 773 2412 pertinet
790 2349 885 2398 tamen
898 2343 933 2398 ad
947 2344 1120 2410 theologiam
1132 2343 1260 2400 iudicare

106 2430 154 2485 rte
165 2433 302 2489 humanae
314 2435 440 2489 ratlculs
453 2436 550 2489 valore
564 2434 600 2488 ad
618 2435 710 2502 ipsam
729 2435 890 2488 naturalem
903 2433 1092 2500 cognitionem
1103 2433 1166 2500 Del,
1180 2448 1212 2488 ac
1225 2431 1259 2486 (le

105 2523 196 2577 *noio
213 2524 303 2580 huius
321 2525 497 2593 cognitionis
516 2523 747 2592 assequendas.-

156 2691 184 2759 Ι.
192 2691 245 2760 Ex
254 2693 305 2762 iis
316 2713 405 2785 quse
418 2692 711 2783 inProlegomeno
721 2689 875 2760 diximus
886 2691 928 2760 de
940 2690 1072 2761 obiecto
1085 2689 1260 2760 materiali

106 2797 276 2868 ctformali
294 2797 505 2889 theologiae,
524 2805 673 2883 constat,
687 2799 798 2867 Deum
811 2819 885 2866 esee
900 2796 1006 2866 buius
1022 2819 1140 2866 escrae
1156 2796 1259 2867 disci·
1336 2821 1338 2829 ·

105 2903 201 2992 plinae
229 2909 406 2978 obiectum
428 2905 486 2975 rel
509 2905 669 2998 princepe
693 2905 751 2975 rel
781 2905 924 2974 unicum
946 2910 983 2974 et
1005 2903 1257 2996 adaequatum,

106 3020 256 3103 quotenne
279 3013 626 3083 manifestationibus
649 3013 977 3104 supernaturalibus
994 3011 1125 3082 rationi
1140 3011 1260 3081 huma·

105 3139 174 3204 nae,
195 3121 330 3192 lumine
352 3121 434 3190 fidei
457 3121 671 3206 illustratae,
697 3143 771 3190 sese
802 3121 991 3190 revelavit.
1019 3121 1115 3190 Haec
1142 3126 1259 3190 autem

106 3223 279 3300 illustratio
303 3230 475 3300 rationem
496 3230 609 3321 ipsam
633 3230 772 3322 vimque
795 3229 993 3298 naturalem
1010 3251 1051 3300 ec
1067 3229 1184 3300 lumen
1204 3251 1259 3298 ra·

107 3329 195 3403 bonis
214 3360 285 3406 non
308 3345 406 3406 creat
427 3343 464 3407 et
485 3336 602 3422 efficit,
621 3337 681 3406 sed
697 3337 862 3428 supponit
877 3343 913 3406 et
929 3337 974 3406 sd
989 3337 1151 3406 altiorem
1169 3336 1261 3406 ordi·

108 3460 168 3508 uem
184 3443 301 3516 elevat
317 3469 326 3532 ;
344 3445 435 3514 unde
449 3445 556 3515 etiam
576 3445 875 3515 manifestationes
890 3445 956 3515 Dei
973 3443 1260 3536 supernaturales

109 3547 213 3636 quibus
233 3553 368 3622 rationi
390 3553 548 3623 elevatae
571 3575 645 3623 seeo
667 3553 814 3638 revelat,
841 3561 1043 3644 supponunt
1058 3552 1259 3622 manifesta·

108 3651 200 3726 tiones
211 3657 405 3745 naturales,
424 3681 485 3751 per
501 3679 587 3754 quas
599 3661 694 3730 Deus
709 3659 779 3751 ipsi
794 3659 952 3729 naturali
968 3659 1094 3728 lumini
1110 3659 1260 3728 rationis

110 3779 168 3829 senc
186 3765 324 3836 exhibet
357 3765 644 3856 cognoscendum.
670 3766 931 3836 Demonstratio
955 3765 1069 3856 igitur
1091 3769 1129 3835 et
1150 3761 1259 3858 expli·

110 3868 184 3938 catio
216 3873 424 3944 existentiae
446 3879 482 3943 et
504 3874 754 3943 attributorum
776 3873 863 3960 Dei,
888 3879 1063 3967 quatenus
1086 3895 1129 3942 ex
1152 3871 1260 3942 mani-

111 3973 335 4052 festationibus
358 3981 582 4050 natnralibue
604 3981 740 4051 ratione
763 3981 1029 4072 intelliguntur,
1047 3981 1093 4048 ad
1107 3979 1260 4070 pbiloso-

110 4079 207 4170 pbiam
225 4087 391 4179 pertinet;
417 4089 455 4157 in
474 4087 653 4180 theologia
669 4089 752 4158 fidei
769 4094 885 4158 autem
902 4087 1104 4158 distinctior
1120 4087 1186 4156 illa
1200 4108 1260 4156 na·

113 4191 220 4263 tutelis
254 4197 410 4288 cognitio
448 4198 641 4267 assumitur
680 4199 725 4268 ad
763 4197 954 4289 parandam
994 4196 1261 4268 luculentiorem

114 4290 359 4390 intelligentiam
388 4325 527 4392 eorum,
553 4325 641 4396 quae
668 4303 710 4374 de
730 4305 803 4372 Deo
826 4303 1171 4374 manifestationibus
1203 4325 1258 4371 su·

115 4411 371 4488 ptruatnralibus
393 4411 552 4483 revelata
575 4418 670 4484 sunt:
687 4419 793 4506 atque
809 4413 862 4483 ita
875 4412 1053 4504 theologia
1068 4412 1184 4482 utitur
1198 4410 1256 4496 iis,
