3360 5060
605 427 643 442 ·-
665 395 726 456 689
748 427 785 442 -

105 501 257 591 ep.194.
279 527 314 570 n.
337 502 392 569 14.
416 501 460 570 ad
480 501 573 570 Sint.
596 501 717 592 Neque
740 501 777 568 in
801 523 867 568 usu
890 500 1054 592 loquendi
1078 499 1205 568 biblico
1228 505 1282 567 est

107 608 280 693 insolens,
306 615 348 677 ιιι
368 609 563 677 locutiones
588 607 829 698 significantes
852 607 1021 676 actionem
1046 607 1282 675 adhibeantur

104 716 149 783 de
166 737 259 784 mera
274 715 510 808 permissione,
529 714 613 806 quia
627 721 663 782 et
678 714 762 782 haec
778 736 860 802 pars
875 719 929 782 est
943 713 1086 782 divinae
1098 713 1282 804 providen-

104 823 179 891 tiae
187 823 315 913 alteg.
326 823 409 892 XII.
425 823 481 910 ll;
498 823 708 908 XV1.10;3.
722 821 1016 911 ch.XX11.2a.;
1031 821 1279 908 Is.LXIII.17;

102 929 163 998 Ps.
190 931 282 1000 CIV.
306 931 362 998 25.
384 937 451 998 etc.
482 929 682 998 Clarissima
711 935 856 1018 apparet
883 929 942 998 hic
970 929 1091 997 modus
1117 927 1283 1020 loquendi

100 1060 146 1105 ex
170 1037 203 1104 2.
218 1039 306 1127 Reg.
321 1037 454 1107 XXIV.
471 1038 504 1105 1.
527 1036 654 1105 collato
667 1036 699 1103 1.
715 1036 832 1104 Paral.
848 1036 946 1103 XXI.
959 1036 991 1103 1.
1007 1035 1049 1102 In
1066 1037 1175 1126 priori
1191 1037 1282 1105 enim

98 1143 178 1213 loco
202 1145 334 1212 dicitur
358 1146 449 1213 Dens
472 1147 681 1212 commovisse
703 1143 832 1225 David,
860 1151 901 1211 ut
923 1144 1196 1212 numerationem
1225 1166 1281 1234 po-

102 1252 182 1344 puli
205 1252 421 1338 institueret,
448 1275 536 1344 quae
559 1257 636 1320 erat
659 1259 780 1321 contra
804 1251 1019 1320 voluntatem
1043 1251 1119 1337 Dei;
1146 1250 1184 1318 in
1206 1250 1281 1319 loco

105 1359 220 1428 altero
236 1359 337 1428 velut
352 1359 600 1429 declarationis
620 1381 726 1429 causa
738 1359 869 1428 dicitur
882 1359 991 1427 Satan
1003 1359 1048 1426 ad
1061 1358 1154 1426 hunc
1167 1358 1281 1448 ipsum

106 1489 248 1536 censum
270 1467 504 1538 commovisse.
530 1466 770 1536 Nihilominus
792 1465 972 1534 fatendum
996 1472 1062 1549 est,
1081 1464 1281 1534 huiusmodi

104 1575 341 1645 locutionibus
365 1576 488 1645 saltem
512 1575 714 1666 plerumque
737 1573 874 1666 aliquid
902 1572 1054 1662 amplius
1085 1571 1281 1661 significari

105 1703 211 1774 quam
235 1703 363 1767 meram
379 1681 651 1772 permissionem.
665 1681 754 1750 Nam
771 1681 804 1766 b)
821 1679 999 1748 induratio
1015 1679 1135 1748 activa
1150 1679 1282 1749 dicitur

106 1787 201 1856 actio
223 1788 357 1872 (diuina¹
384 1810 472 1879 quae
497 1810 539 1856 ex
563 1809 598 1855 sa
622 1787 760 1878 quidem
784 1793 884 1854 etex
904 1786 1087 1855 voluntate
1103 1786 1166 1856 Dei
1186 1791 1280 1856 ante·

105 1892 250 1962 cedente
273 1917 341 1962 non
356 1893 541 1962 ordinatur
556 1893 601 1961 ad
618 1891 825 1960 obieetivam
842 1891 991 1961 hominis
1008 1893 1278 1977 indurationem,

104 2021 151 2067 ex
175 2021 244 2092 qua
264 2006 380 2068 tamen
404 2000 631 2091 consequitur
646 2006 683 2066 et
698 1999 861 2090 consequi
878 2001 981 2068 aDeo
997 2000 1223 2090 praevidetur
1240 2021 1281 2070 ac

105 2106 346 2196 permittitur,
377 2112 421 2174 ut
450 2106 550 2174 homo
579 2129 614 2175 se
649 2106 762 2195 ipsum
786 2105 938 2174 induret.
965 2105 1022 2174 Ita
1046 2106 1138 2175 huuc
1167 2107 1280 2175 locum

105 2212 213 2280 Pauli
228 2211 483 2303 interpretatur
495 2211 531 2280 S.
546 2213 794 2300 Hieronymus.
818 2240 834 2276 u
852 2213 929 2281 Non
941 2213 1006 2281 Dei
1019 2213 1215 2282 accusanda
1226 2221 1281 2282 est

104 2319 281 2413 patientia
303 2327 339 2389 et
361 2320 502 2389 infinita
524 2320 707 2389 clementia
729 2321 789 2389 sed
812 2343 929 2389 eorum
945 2321 1089 2406 duritia,
1109 2321 1169 2412 qni
1186 2321 1280 2389 boni·

104 2433 182 2496 tate
204 2427 271 2496 Dei
286 2426 323 2494 in
339 2427 567 2518 perditionem
584 2449 681 2495 suam
698 2428 798 2496 ebusi
813 2434 908 2497 sunt.
927 2428 1096 2521 Alioquin
1120 2451 1212 2496 unus
1227 2435 1281 2497 est

106 2533 194 2602 solis
216 2533 323 2619 calor,
348 2542 385 2604 et
407 2535 593 2604 secundnm
616 2534 785 2602 aasentias
812 2535 1029 2603 subiacentes
1045 2535 1116 2602 alia
1132 2535 1279 2626 liquefa-

106 2643 171 2728 cit,
196 2641 267 2710 alia
279 2642 443 2726 indurat,
459 2641 530 2710 alia
542 2641 662 2726 solvit,
674 2641 746 2709 alia
760 2643 984 2732 constringit.
1001 2643 1176 2733 Liquatur
1188 2641 1279 2710 enim

106 2769 189 2817 cera
211 2755 247 2817 ct
269 2748 457 2816 induratur
478 2747 612 2834 lutum;
639 2754 674 2816 et
697 2754 812 2816 tamen
836 2747 963 2816 caloris
987 2771 1054 2815 non
1070 2753 1124 2816 est
1139 2747 1280 2816 diversa

105 2857 248 2918 natura.
274 2849 333 2919 Sic
349 2857 391 2928 ‚et
414 2851 550 2920 bonitas
573 2856 609 2919 et
623 2850 807 2919 clementia
821 2851 885 2919 Dei
901 2873 988 2919 vasa
1002 2851 1076 2920 irae
1092 2871 1179 2942 quae
1196 2856 1280 2941 apta

105 2962 193 3026 sunt
214 2957 252 3024 in
268 2941 462 3041 interitum,
481 2958 505 3025 i.
525 2979 555 3026 e.
576 2957 741 3047 populum
757 2957 869 3027 Israel
885 2958 1040 3044 indurat,
1062 2980 1148 3028 vasa
1163 2964 1277 3026 autem

104 3064 365 3134 misericordiae
388 3087 477 3156 quae
500 3065 726 3154 praeparavit
741 3065 779 3132 in
795 3065 987 3154 gloriam...
1005 3089 1074 3134 non
1098 3065 1217 3134 salvet
1232 3064 1280 3132 ir-

105 3169 366 3239 rationabiliter
388 3178 424 3239 et
445 3172 573 3262 absque
596 3170 721 3238 iudicii
745 3171 906 3254 veritate,
933 3171 991 3239 sed
1012 3172 1127 3240 causis
1142 3193 1278 3258 praeoe-

105 3277 282 3362 dentibus;
303 3276 387 3366 quia
401 3275 465 3344 alii
480 3282 566 3364 (sua
581 3277 707 3365 culpa)
723 3297 790 3344 non
807 3283 1034 3367 susceperunt
1048 3277 1182 3345 Filium
1198 3276 1275 3363 Dei,

106 3386 172 3456 alii
195 3391 310 3455 autem
335 3386 474 3476 (gratia
497 3385 742 3477 praeveniente
765 3394 802 3455 et
816 3389 1028 3473 adiuvante)
1045 3387 1198 3476 racipere
1214 3409 1278 3456 sua

106 3500 231 3585 sponte
246 3493 437 3564 voluerunt
449 3521 466 3556 n
481 3494 518 3563 S.
532 3493 674 3563 Hieron.
692 3493 736 3562 ad
748 3495 871 3565 Hedib.
887 3518 939 3586 ep.
955 3496 1032 3564 120.
1048 3521 1081 3588 q.
1097 3494 1150 3562 10.
1166 3495 1230 3584 (Τ.
1246 3496 1276 3566 Ι.

107 3627 142 3692 p.
157 3600 236 3669 835.
248 3605 273 3687 ).
290 3601 472 3671 Permittit
486 3624 567 3672 vero
580 3601 686 3687 Dens,
704 3608 746 3670 ut
761 3603 859 3671 homo
876 3605 987 3674 faciat
998 3603 1126 3671 malum
1143 3625 1185 3671 ex
1201 3603 1279 3692 ipsa

106 3709 284 3779 occasione
308 3709 398 3794 boni,
425 3710 515 3802 quod
538 3709 633 3778 Deus
656 3711 755 3796 facit,
775 3713 858 3803 quia
874 3719 994 3802 potens
1009 3717 1064 3780 est
1079 3713 1202 3778 bonnm
1226 3711 1278 3776 fa·

106 3839 184 3887 cere
209 3815 386 3886 occasione
409 3816 505 3901 mali,
525 3817 615 3909 quod
631 3815 730 3886 homo
747 3819 846 3888 facit.
867 3819 986 3908 Igitur
1003 3824 1033 3906 o)
1049 3819 1093 3886 ad
1110 3817 1194 3886 haec
1210 3818 1278 3885 duo

105 3923 245 3994 accedit
266 3923 359 3992 ratio
382 3923 466 4009 alia,
492 3925 534 3992 ob
557 3947 660 4016 quam
682 3925 787 3994 etiam
811 3927 989 3995 induratio
1004 3926 1076 3994 Deo
1091 3924 1275 4010 tribuitur,

107 4029 193 4124 quia
215 4029 351 4100 scilicet
373 4031 555 4100 voluntate
579 4039 807 4124 consequente
830 4055 904 4101 eam
928 4033 1056 4122 dirigit
1079 4037 1115 4102 et
1138 4031 1279 4103 ordinat

106 4137 152 4206 ad
175 4137 264 4205 fines
286 4137 402 4207 bonos.

175 4245 270 4314 Haeo
293 4245 443 4314 secunda
461 4250 497 4314 et
512 4245 620 4316 tertia
634 4247 738 4333 ratio,
759 4270 827 4339 qua
841 4248 936 4316 Deus
951 4247 1117 4318 indurare
1132 4248 1275 4332 dicitur,

108 4351 265 4422 mirabili
287 4352 385 4422 modo
401 4359 456 4423 est
470 4375 634 4444 expressa
648 4355 685 4424 in
701 4355 851 4424 historia
862 4354 1054 4425 Pharaonis
1065 4355 1176 4425 Exod.
1192 4355 1275 4426 VH.

108 4483 184 4552 sqq.
211 4459 252 4526 In
276 4458 399 4548 primis
423 4457 574 4551 quinque
597 4460 714 4550 plagis
735 4482 923 4554 numquam
946 4462 1078 4532 dicitur
1108 4463 1198 4530 Deae
1229 4467 1278 4531 in-

253 4587 408 4638 Fruuuh'n
1101 4593 1136 4644 44
