<?xml version="1.0" encoding="UTF-8"?>
<!DOCTYPE html PUBLIC "-//W3C//DTD XHTML 1.0 Transitional//EN"
    "http://www.w3.org/TR/xhtml1/DTD/xhtml1-transitional.dtd">
<html xmlns="http://www.w3.org/1999/xhtml" xml:lang="en" lang="en">
 <head>
  <title>
</title>
<meta http-equiv="Content-Type" content="text/html;charset=utf-8" />
  <meta name='ocr-system' content='tesseract 3.04.00' />
  <meta name='ocr-capabilities' content='ocr_page ocr_carea ocr_par ocr_line ocrx_word'/>
</head>
<body>
  <div class='ocr_page' id='page_1' title='image "./ioannisbaptfran01frangoog_0267.png"; bbox 0 0 3240 5064; ppageno 0'>
   <div class='ocr_carea' id='block_1_1' title="bbox 294 341 1610 4534">
    <p class='ocr_par' dir='ltr' id='par_1_1' title="bbox 416 341 1608 972">
     <span class='ocr_line' id='line_1_1' title="bbox 914 341 1093 404; baseline 0 -16"><span class='ocrx_word' id='word_1_1' title='bbox 914 373 952 388; x_wconf 90' lang='lat'>-</span> <span class='ocrx_word' id='word_1_2' title='bbox 972 341 1034 404; x_wconf 82' lang='lat'><strong>250</strong></span> <span class='ocrx_word' id='word_1_3' title='bbox 1055 373 1093 388; x_wconf 89' lang='lat'><em>-</em></span> 
     </span>
     <span class='ocr_line' id='line_1_2' title="bbox 419 445 1575 541; baseline -0.003 -24"><span class='ocrx_word' id='word_1_4' title='bbox 419 469 506 541; x_wconf 87' lang='lat' dir='ltr'><strong>quae</strong></span> <span class='ocrx_word' id='word_1_5' title='bbox 533 449 583 518; x_wconf 91' lang='lat' dir='ltr'><strong>sit</strong></span> <span class='ocrx_word' id='word_1_6' title='bbox 608 449 723 518; x_wconf 85' lang='lat' dir='ltr'><strong>instar</strong></span> <span class='ocrx_word' id='word_1_7' title='bbox 747 450 923 518; x_wconf 75' lang='lat' dir='ltr'><strong>esseutiae.</strong></span> <span class='ocrx_word' id='word_1_8' title='bbox 949 447 1051 517; x_wconf 87' lang='lat' dir='ltr'><strong>Sicut</strong></span> <span class='ocrx_word' id='word_1_9' title='bbox 1077 468 1180 538; x_wconf 91' lang='lat' dir='ltr'><strong>porro</strong></span> <span class='ocrx_word' id='word_1_10' title='bbox 1202 445 1384 515; x_wconf 90' lang='lat' dir='ltr'><strong>distinctio</strong></span> <span class='ocrx_word' id='word_1_11' title='bbox 1408 447 1575 536; x_wconf 86' lang='lat' dir='ltr'><strong>perfectio·</strong></span> 
     </span>
     <span class='ocr_line' id='line_1_3' title="bbox 416 553 1574 638; baseline -0.003 -14"><span class='ocrx_word' id='word_1_12' title='bbox 416 579 500 626; x_wconf 91' lang='lat' dir='ltr'><strong>num</strong></span> <span class='ocrx_word' id='word_1_13' title='bbox 521 555 588 627; x_wconf 88' lang='lat' dir='ltr'><strong>Dei</strong></span> <span class='ocrx_word' id='word_1_14' title='bbox 611 557 799 627; x_wconf 86' lang='lat' dir='ltr'><strong>secuudum</strong></span> <span class='ocrx_word' id='word_1_15' title='bbox 822 556 980 625; x_wconf 86' lang='lat' dir='ltr'><strong>diversas</strong></span> <span class='ocrx_word' id='word_1_16' title='bbox 1006 554 1160 624; x_wconf 89' lang='lat' dir='ltr'><strong>rationes</strong></span> <span class='ocrx_word' id='word_1_17' title='bbox 1175 553 1450 638; x_wconf 87' lang='lat' dir='ltr'><strong>necessariaest,</strong></span> <span class='ocrx_word' id='word_1_18' title='bbox 1467 559 1505 622; x_wconf 91' lang='lat' dir='ltr'><strong>ut</strong></span> <span class='ocrx_word' id='word_1_19' title='bbox 1523 553 1574 620; x_wconf 89' lang='lat' dir='ltr'><strong>de·</strong></span> 
     </span>
     <span class='ocr_line' id='line_1_4' title="bbox 418 661 1576 755; baseline -0.004 -23"><span class='ocrx_word' id='word_1_20' title='bbox 418 665 548 734; x_wconf 87' lang='lat' dir='ltr'><strong>fectum</strong></span> <span class='ocrx_word' id='word_1_21' title='bbox 578 665 787 734; x_wconf 75' lang='lat' dir='ltr'><strong>intensionis</strong></span> <span class='ocrx_word' id='word_1_22' title='bbox 820 664 926 734; x_wconf 85' lang='lat' dir='ltr'><strong>unius</strong></span> <span class='ocrx_word' id='word_1_23' title='bbox 964 670 1151 755; x_wconf 90' lang='lat' dir='ltr'><strong>conceptus</strong></span> <span class='ocrx_word' id='word_1_24' title='bbox 1187 662 1301 731; x_wconf 77' lang='lat' dir='ltr'><strong>nostri</strong></span> <span class='ocrx_word' id='word_1_25' title='bbox 1333 661 1489 732; x_wconf 85' lang='lat' dir='ltr'><strong>extensio</strong></span> <span class='ocrx_word' id='word_1_26' title='bbox 1521 683 1576 752; x_wconf 87' lang='lat' dir='ltr'><strong>per</strong></span> 
     </span>
     <span class='ocr_line' id='line_1_5' title="bbox 417 769 1571 866; baseline -0.004 -24"><span class='ocrx_word' id='word_1_27' title='bbox 417 777 603 864; x_wconf 88' lang='lat' dir='ltr'><strong>conceptus</strong></span> <span class='ocrx_word' id='word_1_28' title='bbox 627 773 746 865; x_wconf 87' lang='lat' dir='ltr'><strong>plures</strong></span> <span class='ocrx_word' id='word_1_29' title='bbox 776 772 1001 866; x_wconf 83' lang='lat' dir='ltr'><strong>aliquatenus</strong></span> <span class='ocrx_word' id='word_1_30' title='bbox 1028 771 1208 863; x_wconf 87' lang='lat' dir='ltr'><strong>suppleat;</strong></span> <span class='ocrx_word' id='word_1_31' title='bbox 1238 771 1292 838; x_wconf 91' lang='lat' dir='ltr'><strong>ita</strong></span> <span class='ocrx_word' id='word_1_32' title='bbox 1320 769 1571 854; x_wconf 89' lang='lat' dir='ltr'><strong>determinatio,</strong></span> 
     </span>
     <span class='ocr_line' id='line_1_6' title="bbox 417 877 1608 972; baseline -0.003 -24"><span class='ocrx_word' id='word_1_33' title='bbox 417 881 502 972; x_wconf 92' lang='lat' dir='ltr'><strong>quid</strong></span> <span class='ocrx_word' id='word_1_34' title='bbox 526 882 562 950; x_wconf 92' lang='lat' dir='ltr'><strong>in</strong></span> <span class='ocrx_word' id='word_1_35' title='bbox 590 881 662 951; x_wconf 87' lang='lat' dir='ltr'><strong>Deo</strong></span> <span class='ocrx_word' id='word_1_36' title='bbox 693 881 809 950; x_wconf 89' lang='lat' dir='ltr'><strong>instar</strong></span> <span class='ocrx_word' id='word_1_37' title='bbox 832 883 998 948; x_wconf 78' lang='lat' dir='ltr'><strong>essentiae</strong></span> <span class='ocrx_word' id='word_1_38' title='bbox 1028 879 1205 949; x_wconf 89' lang='lat' dir='ltr'><strong>declarato</strong></span> <span class='ocrx_word' id='word_1_39' title='bbox 1235 879 1334 948; x_wconf 92' lang='lat' dir='ltr'><strong>modo</strong></span> <span class='ocrx_word' id='word_1_40' title='bbox 1365 877 1497 968; x_wconf 78' lang='lat' dir='ltr'><strong>concipi</strong></span> <span class='ocrx_word' id='word_1_41' title='bbox 1524 878 1573 945; x_wconf 89' lang='lat' dir='ltr'><strong>de·</strong></span> <span class='ocrx_word' id='word_1_42' title='bbox 1607 908 1608 960; x_wconf 66' lang='lat' dir='ltr'><strong>q</strong></span> 
     </span>
    </p>

    <p class='ocr_par' dir='ltr' id='par_1_2' title="bbox 392 987 1608 1386">
     <span class='ocr_line' id='line_1_7' title="bbox 392 987 1608 1079; baseline -0.001 -25"><span class='ocrx_word' id='word_1_43' title='bbox 392 1047 395 1054; x_wconf 91' lang='lat'><strong>.</strong></span> <span class='ocrx_word' id='word_1_44' title='bbox 416 987 513 1074; x_wconf 90' lang='lat' dir='ltr'><strong>beat,</strong></span> <span class='ocrx_word' id='word_1_45' title='bbox 540 989 743 1060; x_wconf 79' lang='lat' dir='ltr'><strong>conciliabit</strong></span> <span class='ocrx_word' id='word_1_46' title='bbox 765 989 936 1059; x_wconf 89' lang='lat' dir='ltr'><strong>unitatem</strong></span> <span class='ocrx_word' id='word_1_47' title='bbox 952 987 1213 1079; x_wconf 76' lang='lat' dir='ltr'><strong>multiplicitati</strong></span> <span class='ocrx_word' id='word_1_48' title='bbox 1227 988 1490 1072; x_wconf 87' lang='lat' dir='ltr'><strong>rationum,anb</strong></span> <span class='ocrx_word' id='word_1_49' title='bbox 1507 987 1573 1078; x_wconf 92' lang='lat' dir='ltr'><strong>qui·</strong></span> <span class='ocrx_word' id='word_1_50' title='bbox 1607 1001 1608 1062; x_wconf 55' lang='lat' dir='ltr'><strong>i</strong></span> 
     </span>
     <span class='ocr_line' id='line_1_8' title="bbox 417 1095 1573 1190; baseline -0.004 -23"><span class='ocrx_word' id='word_1_51' title='bbox 417 1100 481 1167; x_wconf 90' lang='lat' dir='ltr'><strong>bus</strong></span> <span class='ocrx_word' id='word_1_52' title='bbox 511 1097 578 1168; x_wconf 93' lang='lat' dir='ltr'><strong>Dei</strong></span> <span class='ocrx_word' id='word_1_53' title='bbox 601 1099 831 1190; x_wconf 81' lang='lat' dir='ltr'><strong>perfectiones</strong></span> <span class='ocrx_word' id='word_1_54' title='bbox 858 1096 1072 1187; x_wconf 78' lang='lat' dir='ltr'><strong>cogitamus,</strong></span> <span class='ocrx_word' id='word_1_55' title='bbox 1103 1095 1404 1188; x_wconf 75' lang='lat' dir='ltr'><strong>cognitionemque</strong></span> <span class='ocrx_word' id='word_1_56' title='bbox 1433 1103 1573 1164; x_wconf 89' lang='lat' dir='ltr'><strong>nostram</strong></span> 
     </span>
     <span class='ocr_line' id='line_1_9' title="bbox 417 1204 1573 1298; baseline -0.003 -21"><span class='ocrx_word' id='word_1_57' title='bbox 417 1207 538 1277; x_wconf 86' lang='lat' dir='ltr'><strong>reddet</strong></span> <span class='ocrx_word' id='word_1_58' title='bbox 564 1207 824 1298; x_wconf 80' lang='lat' dir='ltr'><strong>profundiorem</strong></span> <span class='ocrx_word' id='word_1_59' title='bbox 849 1229 889 1276; x_wconf 92' lang='lat' dir='ltr'><strong>ac</strong></span> <span class='ocrx_word' id='word_1_60' title='bbox 912 1205 1135 1296; x_wconf 81' lang='lat' dir='ltr'><strong>simplicitati</strong></span> <span class='ocrx_word' id='word_1_61' title='bbox 1159 1205 1216 1274; x_wconf 89' lang='lat' dir='ltr'><strong>sui</strong></span> <span class='ocrx_word' id='word_1_62' title='bbox 1238 1205 1365 1274; x_wconf 91' lang='lat' dir='ltr'><strong>obiecti</strong></span> <span class='ocrx_word' id='word_1_63' title='bbox 1395 1204 1507 1294; x_wconf 87' lang='lat' dir='ltr'><strong>magis</strong></span> <span class='ocrx_word' id='word_1_64' title='bbox 1526 1225 1573 1274; x_wconf 87' lang='lat' dir='ltr'><strong>nc·</strong></span> 
     </span>
     <span class='ocr_line' id='line_1_10' title="bbox 416 1315 675 1386; baseline 0 0"><span class='ocrx_word' id='word_1_65' title='bbox 416 1315 675 1386; x_wconf 84' lang='lat' dir='ltr'><strong>commodatam.</strong></span> 
     </span>
    </p>

    <p class='ocr_par' dir='ltr' id='par_1_3' title="bbox 399 1422 1610 4102">
     <span class='ocr_line' id='line_1_11' title="bbox 481 1422 1572 1513; baseline -0.003 -19"><span class='ocrx_word' id='word_1_66' title='bbox 481 1425 531 1495; x_wconf 88' lang='lat' dir='ltr'><strong>H.</strong></span> <span class='ocrx_word' id='word_1_67' title='bbox 559 1424 730 1508; x_wconf 76' lang='lat' dir='ltr'><strong>Quamvis</strong></span> <span class='ocrx_word' id='word_1_68' title='bbox 756 1423 976 1494; x_wconf 90' lang='lat' dir='ltr'><strong>consentiant</strong></span> <span class='ocrx_word' id='word_1_69' title='bbox 997 1422 1165 1513; x_wconf 82' lang='lat' dir='ltr'><strong>theologi,</strong></span> <span class='ocrx_word' id='word_1_70' title='bbox 1191 1445 1289 1512; x_wconf 87' lang='lat' dir='ltr'><strong>posse</strong></span> <span class='ocrx_word' id='word_1_71' title='bbox 1311 1429 1348 1492; x_wconf 92' lang='lat' dir='ltr'><strong>et</strong></span> <span class='ocrx_word' id='word_1_72' title='bbox 1363 1424 1407 1493; x_wconf 89' lang='lat' dir='ltr'><strong>ad</strong></span> <span class='ocrx_word' id='word_1_73' title='bbox 1432 1425 1572 1493; x_wconf 88' lang='lat' dir='ltr'><strong>fructum</strong></span> 
     </span>
     <span class='ocr_line' id='line_1_12' title="bbox 414 1529 1571 1622; baseline -0.002 -22"><span class='ocrx_word' id='word_1_74' title='bbox 414 1531 580 1602; x_wconf 80' lang='lat' dir='ltr'><strong>scientiae</strong></span> <span class='ocrx_word' id='word_1_75' title='bbox 607 1539 767 1622; x_wconf 86' lang='lat' dir='ltr'><strong>oportere</strong></span> <span class='ocrx_word' id='word_1_76' title='bbox 800 1531 988 1600; x_wconf 89' lang='lat' dir='ltr'><strong>secundum</strong></span> <span class='ocrx_word' id='word_1_77' title='bbox 1025 1530 1161 1598; x_wconf 89' lang='lat' dir='ltr'><strong>modum</strong></span> <span class='ocrx_word' id='word_1_78' title='bbox 1194 1529 1408 1620; x_wconf 85' lang='lat' dir='ltr'><strong>explicatum</strong></span> <span class='ocrx_word' id='word_1_79' title='bbox 1442 1531 1479 1600; x_wconf 88' lang='lat' dir='ltr'><strong>in</strong></span> <span class='ocrx_word' id='word_1_80' title='bbox 1509 1531 1571 1599; x_wconf 91' lang='lat' dir='ltr'><strong>Deo</strong></span> 
     </span>
     <span class='ocr_line' id='line_1_13' title="bbox 412 1637 1572 1732; baseline -0.004 -21"><span class='ocrx_word' id='word_1_81' title='bbox 412 1641 586 1732; x_wconf 88' lang='lat' dir='ltr'><strong>distingui</strong></span> <span class='ocrx_word' id='word_1_82' title='bbox 619 1642 796 1708; x_wconf 70' lang='lat' dir='ltr'><strong>comum</strong></span> <span class='ocrx_word' id='word_1_83' title='bbox 823 1661 845 1706; x_wconf 88' lang='lat' dir='ltr'><strong>a</strong></span> <span class='ocrx_word' id='word_1_84' title='bbox 870 1637 1165 1729; x_wconf 74' lang='lat' dir='ltr'><strong>proprietatibuS,</strong></span> <span class='ocrx_word' id='word_1_85' title='bbox 1189 1645 1398 1707; x_wconf 90' lang='lat' dir='ltr'><strong>nontamen</strong></span> <span class='ocrx_word' id='word_1_86' title='bbox 1432 1661 1500 1708; x_wconf 91' lang='lat' dir='ltr'><strong>una</strong></span> <span class='ocrx_word' id='word_1_87' title='bbox 1525 1645 1572 1706; x_wconf 85' lang='lat' dir='ltr'><strong>est</strong></span> 
     </span>
     <span class='ocr_line' id='line_1_14' title="bbox 413 1745 1570 1837; baseline -0.005 -19"><span class='ocrx_word' id='word_1_88' title='bbox 413 1747 565 1818; x_wconf 86' lang='lat' dir='ltr'><strong>omnium</strong></span> <span class='ocrx_word' id='word_1_89' title='bbox 589 1745 775 1832; x_wconf 90' lang='lat' dir='ltr'><strong>sententia,</strong></span> <span class='ocrx_word' id='word_1_90' title='bbox 793 1746 830 1814; x_wconf 90' lang='lat' dir='ltr'><strong>in</strong></span> <span class='ocrx_word' id='word_1_91' title='bbox 855 1767 922 1837; x_wconf 90' lang='lat' dir='ltr'><strong>quo</strong></span> <span class='ocrx_word' id='word_1_92' title='bbox 945 1748 1113 1835; x_wconf 88' lang='lat' dir='ltr'><strong>conceptu</strong></span> <span class='ocrx_word' id='word_1_93' title='bbox 1136 1745 1213 1812; x_wconf 85' lang='lat' dir='ltr'><strong>eius</strong></span> <span class='ocrx_word' id='word_1_94' title='bbox 1235 1746 1378 1835; x_wconf 91' lang='lat' dir='ltr'><strong>propria</strong></span> <span class='ocrx_word' id='word_1_95' title='bbox 1400 1747 1491 1814; x_wconf 91' lang='lat' dir='ltr'><strong>ratio</strong></span> <span class='ocrx_word' id='word_1_96' title='bbox 1511 1747 1570 1815; x_wconf 89' lang='lat' dir='ltr'><strong>col·</strong></span> 
     </span>
     <span class='ocr_line' id='line_1_15' title="bbox 411 1853 1609 1944; baseline -0.003 -20"><span class='ocrx_word' id='word_1_97' title='bbox 411 1855 557 1924; x_wconf 89' lang='lat' dir='ltr'><strong>locanda</strong></span> <span class='ocrx_word' id='word_1_98' title='bbox 579 1854 639 1924; x_wconf 89' lang='lat' dir='ltr'><strong>sit.</strong></span> <span class='ocrx_word' id='word_1_99' title='bbox 658 1853 708 1921; x_wconf 90' lang='lat' dir='ltr'><strong>Ut</strong></span> <span class='ocrx_word' id='word_1_100' title='bbox 730 1875 772 1920; x_wconf 87' lang='lat' dir='ltr'><strong>ex</strong></span> <span class='ocrx_word' id='word_1_101' title='bbox 789 1853 1028 1944; x_wconf 88' lang='lat' dir='ltr'><strong>superioribus</strong></span> <span class='ocrx_word' id='word_1_102' title='bbox 1044 1858 1193 1937; x_wconf 88' lang='lat' dir='ltr'><strong>constat,</strong></span> <span class='ocrx_word' id='word_1_103' title='bbox 1212 1861 1398 1944; x_wconf 86' lang='lat' dir='ltr'><strong>conceptus</strong></span> <span class='ocrx_word' id='word_1_104' title='bbox 1412 1855 1569 1924; x_wconf 87' lang='lat' dir='ltr'><strong>essentiae</strong></span> <span class='ocrx_word' id='word_1_105' title='bbox 1608 1863 1609 1914; x_wconf 68' lang='grc'><strong>1</strong></span> 
     </span>
     <span class='ocr_line' id='line_1_16' title="bbox 411 1959 1570 2052; baseline -0.001 -23"><span class='ocrx_word' id='word_1_106' title='bbox 411 1961 514 2032; x_wconf 90' lang='lat' dir='ltr'><strong>debet</strong></span> <span class='ocrx_word' id='word_1_107' title='bbox 536 1960 700 2032; x_wconf 87' lang='lat' dir='ltr'><strong>exhibere</strong></span> <span class='ocrx_word' id='word_1_108' title='bbox 714 1965 828 2045; x_wconf 86' lang='lat' dir='ltr'><strong>uotae,</strong></span> <span class='ocrx_word' id='word_1_109' title='bbox 847 1981 935 2052; x_wconf 88' lang='lat' dir='ltr'><strong>quae</strong></span> <span class='ocrx_word' id='word_1_110' title='bbox 950 1967 1025 2028; x_wconf 90' lang='lat' dir='ltr'><strong>tum</strong></span> <span class='ocrx_word' id='word_1_111' title='bbox 1041 1981 1113 2028; x_wconf 91' lang='lat' dir='ltr'><strong>rem</strong></span> <span class='ocrx_word' id='word_1_112' title='bbox 1128 1959 1352 2050; x_wconf 85' lang='lat' dir='ltr'><strong>distinguant</strong></span> <span class='ocrx_word' id='word_1_113' title='bbox 1366 1961 1410 2029; x_wconf 90' lang='lat' dir='ltr'><strong>ab</strong></span> <span class='ocrx_word' id='word_1_114' title='bbox 1425 1962 1570 2030; x_wconf 90' lang='lat' dir='ltr'><strong>omnibns</strong></span> 
     </span>
     <span class='ocr_line' id='line_1_17' title="bbox 410 2066 1569 2158; baseline 0 -20"><span class='ocrx_word' id='word_1_115' title='bbox 410 2069 491 2140; x_wconf 86' lang='lat' dir='ltr'><strong>aliis</strong></span> <span class='ocrx_word' id='word_1_116' title='bbox 514 2067 648 2138; x_wconf 86' lang='lat' dir='ltr'><strong>diversi</strong></span> <span class='ocrx_word' id='word_1_117' title='bbox 671 2067 816 2152; x_wconf 84' lang='lat' dir='ltr'><strong>ordinis,</strong></span> <span class='ocrx_word' id='word_1_118' title='bbox 840 2073 916 2136; x_wconf 88' lang='lat' dir='ltr'><strong>tam</strong></span> <span class='ocrx_word' id='word_1_119' title='bbox 946 2067 1079 2158; x_wconf 82' lang='lat' dir='ltr'><strong>primae</strong></span> <span class='ocrx_word' id='word_1_120' title='bbox 1100 2066 1351 2156; x_wconf 85' lang='lat' dir='ltr'><strong>intelligantur</strong></span> <span class='ocrx_word' id='word_1_121' title='bbox 1366 2091 1439 2138; x_wconf 84' lang='lat' dir='ltr'><strong>rem</strong></span> <span class='ocrx_word' id='word_1_122' title='bbox 1454 2071 1569 2139; x_wconf 85' lang='lat' dir='ltr'><strong>cousti-</strong></span> 
     </span>
     <span class='ocr_line' id='line_1_18' title="bbox 409 2173 1569 2270; baseline 0.002 -26"><span class='ocrx_word' id='word_1_123' title='bbox 409 2182 559 2261; x_wconf 89' lang='lat' dir='ltr'><strong>tuentes,</strong></span> <span class='ocrx_word' id='word_1_124' title='bbox 578 2183 620 2245; x_wconf 90' lang='lat' dir='ltr'><strong>ut</strong></span> <span class='ocrx_word' id='word_1_125' title='bbox 635 2198 677 2244; x_wconf 86' lang='lat' dir='ltr'><strong>ex</strong></span> <span class='ocrx_word' id='word_1_126' title='bbox 694 2174 741 2244; x_wconf 90' lang='lat' dir='ltr'><strong>iis</strong></span> <span class='ocrx_word' id='word_1_127' title='bbox 757 2173 901 2264; x_wconf 89' lang='lat' dir='ltr'><strong>proinde</strong></span> <span class='ocrx_word' id='word_1_128' title='bbox 927 2179 1104 2267; x_wconf 66' lang='lat' dir='ltr'><strong>mmquam</strong></span> <span class='ocrx_word' id='word_1_129' title='bbox 1120 2199 1141 2242; x_wconf 91' lang='lat' dir='ltr'><strong>a</strong></span> <span class='ocrx_word' id='word_1_130' title='bbox 1156 2174 1331 2266; x_wconf 84' lang='lat' dir='ltr'><strong>prioribus</strong></span> <span class='ocrx_word' id='word_1_131' title='bbox 1361 2184 1477 2246; x_wconf 89' lang='lat' dir='ltr'><strong>cetera</strong></span> <span class='ocrx_word' id='word_1_132' title='bbox 1490 2199 1569 2270; x_wconf 87' lang='lat' dir='ltr'><strong>quae</strong></span> 
     </span>
     <span class='ocr_line' id='line_1_19' title="bbox 409 2282 1569 2377; baseline 0.002 -25"><span class='ocrx_word' id='word_1_133' title='bbox 409 2285 550 2370; x_wconf 91' lang='lat' dir='ltr'><strong>insunt,</strong></span> <span class='ocrx_word' id='word_1_134' title='bbox 576 2283 712 2374; x_wconf 90' lang='lat' dir='ltr'><strong>possint</strong></span> <span class='ocrx_word' id='word_1_135' title='bbox 741 2282 886 2369; x_wconf 90' lang='lat' dir='ltr'><strong>deduci,</strong></span> <span class='ocrx_word' id='word_1_136' title='bbox 912 2289 949 2352; x_wconf 91' lang='lat' dir='ltr'><strong>et</strong></span> <span class='ocrx_word' id='word_1_137' title='bbox 975 2305 1063 2376; x_wconf 87' lang='lat' dir='ltr'><strong>quae</strong></span> <span class='ocrx_word' id='word_1_138' title='bbox 1093 2283 1190 2374; x_wconf 85' lang='lat' dir='ltr'><strong>ipsae</strong></span> <span class='ocrx_word' id='word_1_139' title='bbox 1213 2307 1235 2352; x_wconf 90' lang='lat' dir='ltr'><strong>a</strong></span> <span class='ocrx_word' id='word_1_140' title='bbox 1264 2285 1375 2355; x_wconf 91' lang='lat' dir='ltr'><strong>nullis</strong></span> <span class='ocrx_word' id='word_1_141' title='bbox 1401 2286 1569 2377; x_wconf 89' lang='lat' dir='ltr'><strong>prioribus</strong></span> 
     </span>
     <span class='ocr_line' id='line_1_20' title="bbox 409 2391 1569 2486; baseline -0.002 -24"><span class='ocrx_word' id='word_1_142' title='bbox 409 2397 679 2484; x_wconf 88' lang='lat' dir='ltr'><strong>consequantur.</strong></span> <span class='ocrx_word' id='word_1_143' title='bbox 697 2391 765 2460; x_wconf 84' lang='lat' dir='ltr'><strong>Est</strong></span> <span class='ocrx_word' id='word_1_144' title='bbox 786 2413 870 2481; x_wconf 87' lang='lat' dir='ltr'><strong>ergo</strong></span> <span class='ocrx_word' id='word_1_145' title='bbox 893 2391 1046 2460; x_wconf 85' lang='lat' dir='ltr'><strong>essentia</strong></span> <span class='ocrx_word' id='word_1_146' title='bbox 1068 2413 1203 2482; x_wconf 88' lang='lat' dir='ltr'><strong>semper</strong></span> <span class='ocrx_word' id='word_1_147' title='bbox 1229 2393 1399 2482; x_wconf 85' lang='lat' dir='ltr'><strong>perfectio</strong></span> <span class='ocrx_word' id='word_1_148' title='bbox 1422 2416 1569 2486; x_wconf 87' lang='lat' dir='ltr'><strong>suprema</strong></span> 
     </span>
     <span class='ocr_line' id='line_1_21' title="bbox 408 2499 1610 2592; baseline 0.001 -24"><span class='ocrx_word' id='word_1_149' title='bbox 408 2507 497 2586; x_wconf 90' lang='lat' dir='ltr'><strong>(non</strong></span> <span class='ocrx_word' id='word_1_150' title='bbox 513 2500 643 2570; x_wconf 88' lang='lat' dir='ltr'><strong>habens</strong></span> <span class='ocrx_word' id='word_1_151' title='bbox 660 2523 696 2570; x_wconf 83' lang='lat' dir='ltr'><strong>se</strong></span> <span class='ocrx_word' id='word_1_152' title='bbox 712 2499 885 2592; x_wconf 90' lang='lat' dir='ltr'><strong>priorem)</strong></span> <span class='ocrx_word' id='word_1_153' title='bbox 901 2499 995 2569; x_wconf 89' lang='lat' dir='ltr'><strong>inter</strong></span> <span class='ocrx_word' id='word_1_154' title='bbox 1010 2521 1145 2585; x_wconf 87' lang='lat' dir='ltr'><strong>omnes,</strong></span> <span class='ocrx_word' id='word_1_155' title='bbox 1165 2521 1252 2591; x_wconf 89' lang='lat' dir='ltr'><strong>quae</strong></span> <span class='ocrx_word' id='word_1_156' title='bbox 1270 2523 1343 2569; x_wconf 91' lang='lat' dir='ltr'><strong>rem</strong></span> <span class='ocrx_word' id='word_1_157' title='bbox 1360 2503 1567 2572; x_wconf 89' lang='lat' dir='ltr'><strong>constituunt</strong></span> <span class='ocrx_word' id='word_1_158' title='bbox 1609 2587 1610 2590; x_wconf 8' lang='grc' dir='ltr'><strong>Ἴ</strong></span> 
     </span>
     <span class='ocr_line' id='line_1_22' title="bbox 408 2607 1610 2700; baseline 0.007 -24"><span class='ocrx_word' id='word_1_159' title='bbox 408 2609 444 2676; x_wconf 90' lang='lat' dir='ltr'><strong>in</strong></span> <span class='ocrx_word' id='word_1_160' title='bbox 476 2614 570 2678; x_wconf 87' lang='lat' dir='ltr'><strong>certo</strong></span> <span class='ocrx_word' id='word_1_161' title='bbox 601 2607 721 2678; x_wconf 92' lang='lat' dir='ltr'><strong>ordine</strong></span> <span class='ocrx_word' id='word_1_162' title='bbox 744 2609 890 2693; x_wconf 91' lang='lat' dir='ltr'><strong>entium,</strong></span> <span class='ocrx_word' id='word_1_163' title='bbox 917 2614 954 2676; x_wconf 89' lang='lat' dir='ltr'><strong>et</strong></span> <span class='ocrx_word' id='word_1_164' title='bbox 975 2608 1019 2676; x_wconf 92' lang='lat' dir='ltr'><strong>ab</strong></span> <span class='ocrx_word' id='word_1_165' title='bbox 1042 2608 1200 2678; x_wconf 88' lang='lat' dir='ltr'><strong>omnibns</strong></span> <span class='ocrx_word' id='word_1_166' title='bbox 1222 2607 1307 2677; x_wconf 88' lang='lat' dir='ltr'><strong>aliis</strong></span> <span class='ocrx_word' id='word_1_167' title='bbox 1337 2607 1563 2700; x_wconf 89' lang='lat' dir='ltr'><strong>distinguunt.</strong></span> <span class='ocrx_word' id='word_1_168' title='bbox 1609 2625 1610 2684; x_wconf 69' lang='grc' dir='ltr'>ζ</span> 
     </span>
     <span class='ocr_line' id='line_1_23' title="bbox 406 2715 1564 2808; baseline 0 -24"><span class='ocrx_word' id='word_1_169' title='bbox 406 2717 449 2784; x_wconf 93' lang='lat' dir='ltr'><strong>In</strong></span> <span class='ocrx_word' id='word_1_170' title='bbox 471 2716 599 2785; x_wconf 88' lang='lat' dir='ltr'><strong>creatis</strong></span> <span class='ocrx_word' id='word_1_171' title='bbox 626 2715 741 2807; x_wconf 92' lang='lat' dir='ltr'><strong>igitur</strong></span> <span class='ocrx_word' id='word_1_172' title='bbox 756 2716 908 2786; x_wconf 88' lang='lat' dir='ltr'><strong>essentia</strong></span> <span class='ocrx_word' id='word_1_173' title='bbox 923 2739 1110 2808; x_wconf 85' lang='lat' dir='ltr'><strong>numquam</strong></span> <span class='ocrx_word' id='word_1_174' title='bbox 1127 2721 1241 2806; x_wconf 88' lang='lat' dir='ltr'><strong>potest</strong></span> <span class='ocrx_word' id='word_1_175' title='bbox 1256 2716 1427 2786; x_wconf 87' lang='lat' dir='ltr'><strong>constitui</strong></span> <span class='ocrx_word' id='word_1_176' title='bbox 1441 2718 1564 2788; x_wconf 90' lang='lat' dir='ltr'><strong>ratione</strong></span> 
     </span>
     <span class='ocr_line' id='line_1_24' title="bbox 407 2809 1565 2915; baseline 0.003 -25"><span class='ocrx_word' id='word_1_177' title='bbox 407 2825 507 2906; x_wconf 77' lang='lat' dir='ltr'><strong>entis,</strong></span> <span class='ocrx_word' id='word_1_178' title='bbox 532 2821 615 2915; x_wconf 88' lang='lat' dir='ltr'><strong>qnia</strong></span> <span class='ocrx_word' id='word_1_179' title='bbox 637 2809 731 2893; x_wconf 83' lang='lat' dir='ltr'><strong>licet&#39;</strong></span> <span class='ocrx_word' id='word_1_180' title='bbox 744 2846 786 2892; x_wconf 90' lang='lat' dir='ltr'><strong>ea</strong></span> <span class='ocrx_word' id='word_1_181' title='bbox 809 2823 858 2892; x_wconf 91' lang='lat' dir='ltr'><strong>sit</strong></span> <span class='ocrx_word' id='word_1_182' title='bbox 881 2824 1048 2913; x_wconf 78' lang='lat' dir='ltr'><strong>perfectio</strong></span> <span class='ocrx_word' id='word_1_183' title='bbox 1072 2847 1252 2915; x_wconf 88' lang='lat' dir='ltr'><strong>suprema,</strong></span> <span class='ocrx_word' id='word_1_184' title='bbox 1278 2848 1347 2895; x_wconf 89' lang='lat' dir='ltr'><strong>non</strong></span> <span class='ocrx_word' id='word_1_185' title='bbox 1377 2833 1491 2896; x_wconf 90' lang='lat' dir='ltr'><strong>tamen</strong></span> <span class='ocrx_word' id='word_1_186' title='bbox 1517 2831 1565 2894; x_wconf 85' lang='lat' dir='ltr'><strong>est</strong></span> 
     </span>
     <span class='ocr_line' id='line_1_25' title="bbox 406 2931 1563 3022; baseline 0.002 -23"><span class='ocrx_word' id='word_1_187' title='bbox 406 2931 548 3022; x_wconf 90' lang='lat' dir='ltr'><strong>propria</strong></span> <span class='ocrx_word' id='word_1_188' title='bbox 578 2931 640 3000; x_wconf 91' lang='lat' dir='ltr'><strong>uni</strong></span> <span class='ocrx_word' id='word_1_189' title='bbox 670 2931 787 3000; x_wconf 86' lang='lat' dir='ltr'><strong>ordini</strong></span> <span class='ocrx_word' id='word_1_190' title='bbox 818 2953 881 3000; x_wconf 88' lang='lat' dir='ltr'><strong>nec</strong></span> <span class='ocrx_word' id='word_1_191' title='bbox 911 2932 1136 3022; x_wconf 86' lang='lat' dir='ltr'><strong>distinguens</strong></span> <span class='ocrx_word' id='word_1_192' title='bbox 1165 2935 1210 3001; x_wconf 89' lang='lat' dir='ltr'><strong>ab</strong></span> <span class='ocrx_word' id='word_1_193' title='bbox 1240 2931 1348 3020; x_wconf 86' lang='lat' dir='ltr'><strong>aliis,</strong></span> <span class='ocrx_word' id='word_1_194' title='bbox 1378 2957 1442 3004; x_wconf 88' lang='lat' dir='ltr'><strong>nac</strong></span> <span class='ocrx_word' id='word_1_195' title='bbox 1474 2935 1508 3002; x_wconf 90' lang='lat' dir='ltr'><strong>in</strong></span> <span class='ocrx_word' id='word_1_196' title='bbox 1527 2955 1563 3001; x_wconf 85' lang='lat' dir='ltr'><strong>aa</strong></span> 
     </span>
     <span class='ocr_line' id='line_1_26' title="bbox 405 3039 1562 3135; baseline 0.002 -29"><span class='ocrx_word' id='word_1_197' title='bbox 405 3061 520 3108; x_wconf 91' lang='lat' dir='ltr'><strong>omnes</strong></span> <span class='ocrx_word' id='word_1_198' title='bbox 544 3039 773 3128; x_wconf 82' lang='lat' dir='ltr'><strong>perfectiones</strong></span> <span class='ocrx_word' id='word_1_199' title='bbox 796 3039 1059 3125; x_wconf 85' lang='lat' dir='ltr'><strong>determinatae,</strong></span> <span class='ocrx_word' id='word_1_200' title='bbox 1078 3061 1166 3132; x_wconf 86' lang='lat' dir='ltr'><strong>quae</strong></span> <span class='ocrx_word' id='word_1_201' title='bbox 1181 3041 1234 3110; x_wconf 90' lang='lat' dir='ltr'><strong>rei</strong></span> <span class='ocrx_word' id='word_1_202' title='bbox 1249 3042 1384 3128; x_wconf 90' lang='lat' dir='ltr'><strong>insunt,</strong></span> <span class='ocrx_word' id='word_1_203' title='bbox 1401 3049 1562 3135; x_wconf 87' lang='lat' dir='ltr'><strong>tamqnam</strong></span> 
     </span>
     <span class='ocr_line' id='line_1_27' title="bbox 404 3145 1562 3238; baseline 0.002 -26"><span class='ocrx_word' id='word_1_204' title='bbox 404 3147 441 3214; x_wconf 87' lang='lat' dir='ltr'><strong>in</strong></span> <span class='ocrx_word' id='word_1_205' title='bbox 463 3145 636 3236; x_wconf 89' lang='lat' dir='ltr'><strong>principio</strong></span> <span class='ocrx_word' id='word_1_206' title='bbox 658 3146 1009 3237; x_wconf 76' lang='lat' dir='ltr'><strong>comprehenduntur,</strong></span> <span class='ocrx_word' id='word_1_207' title='bbox 1035 3149 1095 3217; x_wconf 89' lang='lat' dir='ltr'><strong>sed</strong></span> <span class='ocrx_word' id='word_1_208' title='bbox 1118 3171 1256 3219; x_wconf 85' lang='lat' dir='ltr'><strong>necesse</strong></span> <span class='ocrx_word' id='word_1_209' title='bbox 1271 3156 1337 3238; x_wconf 90' lang='lat' dir='ltr'><strong>est,</strong></span> <span class='ocrx_word' id='word_1_210' title='bbox 1363 3157 1406 3220; x_wconf 90' lang='lat' dir='ltr'><strong>ut</strong></span> <span class='ocrx_word' id='word_1_211' title='bbox 1427 3150 1562 3221; x_wconf 86' lang='lat' dir='ltr'><strong>essentia</strong></span> 
     </span>
     <span class='ocr_line' id='line_1_28' title="bbox 404 3254 1560 3346; baseline 0.001 -24"><span class='ocrx_word' id='word_1_212' title='bbox 404 3254 454 3322; x_wconf 86' lang='lat' dir='ltr'><strong>sit</strong></span> <span class='ocrx_word' id='word_1_213' title='bbox 476 3277 532 3321; x_wconf 75' lang='lat' dir='ltr'><strong>ena</strong></span> <span class='ocrx_word' id='word_1_214' title='bbox 555 3259 772 3324; x_wconf 89' lang='lat' dir='ltr'><strong>contractum</strong></span> <span class='ocrx_word' id='word_1_215' title='bbox 795 3254 840 3322; x_wconf 90' lang='lat' dir='ltr'><strong>ad</strong></span> <span class='ocrx_word' id='word_1_216' title='bbox 863 3254 1129 3324; x_wconf 85' lang='lat' dir='ltr'><strong>determinatam</strong></span> <span class='ocrx_word' id='word_1_217' title='bbox 1155 3257 1414 3346; x_wconf 87' lang='lat' dir='ltr'><strong>perfectionem.</strong></span> <span class='ocrx_word' id='word_1_218' title='bbox 1430 3258 1469 3328; x_wconf 89' lang='lat' dir='ltr'><strong>Si</strong></span> <span class='ocrx_word' id='word_1_219' title='bbox 1490 3279 1560 3328; x_wconf 84' lang='lat' dir='ltr'><strong>vero</strong></span> 
     </span>
     <span class='ocr_line' id='line_1_29' title="bbox 403 3361 1560 3452; baseline 0.003 -24"><span class='ocrx_word' id='word_1_220' title='bbox 403 3361 441 3428; x_wconf 89' lang='lat' dir='ltr'><strong>in</strong></span> <span class='ocrx_word' id='word_1_221' title='bbox 464 3361 626 3452; x_wconf 86' lang='lat' dir='ltr'><strong>quopiam</strong></span> <span class='ocrx_word' id='word_1_222' title='bbox 648 3361 726 3451; x_wconf 91' lang='lat' dir='ltr'><strong>ipsa</strong></span> <span class='ocrx_word' id='word_1_223' title='bbox 748 3361 840 3430; x_wconf 90' lang='lat' dir='ltr'><strong>ratio</strong></span> <span class='ocrx_word' id='word_1_224' title='bbox 868 3365 957 3429; x_wconf 78' lang='lat' dir='ltr'><strong>entis</strong></span> <span class='ocrx_word' id='word_1_225' title='bbox 980 3361 1149 3434; x_wconf 87' lang='lat' dir='ltr'><strong>distincta</strong></span> <span class='ocrx_word' id='word_1_226' title='bbox 1174 3372 1265 3434; x_wconf 88' lang='lat' dir='ltr'><strong>esset</strong></span> <span class='ocrx_word' id='word_1_227' title='bbox 1287 3387 1329 3435; x_wconf 90' lang='lat' dir='ltr'><strong>ac</strong></span> <span class='ocrx_word' id='word_1_228' title='bbox 1361 3365 1501 3437; x_wconf 87' lang='lat' dir='ltr'><strong>diversa</strong></span> <span class='ocrx_word' id='word_1_229' title='bbox 1526 3365 1560 3434; x_wconf 89' lang='lat' dir='ltr'><strong>ab</strong></span> 
     </span>
     <span class='ocr_line' id='line_1_30' title="bbox 402 3467 1559 3560; baseline 0.003 -26"><span class='ocrx_word' id='word_1_230' title='bbox 402 3467 573 3554; x_wconf 90' lang='lat' dir='ltr'><strong>omnibus,</strong></span> <span class='ocrx_word' id='word_1_231' title='bbox 591 3489 679 3559; x_wconf 91' lang='lat' dir='ltr'><strong>quae</strong></span> <span class='ocrx_word' id='word_1_232' title='bbox 704 3491 773 3538; x_wconf 90' lang='lat' dir='ltr'><strong>non</strong></span> <span class='ocrx_word' id='word_1_233' title='bbox 796 3477 881 3538; x_wconf 87' lang='lat' dir='ltr'><strong>sunt</strong></span> <span class='ocrx_word' id='word_1_234' title='bbox 902 3469 1029 3560; x_wconf 90' lang='lat' dir='ltr'><strong>ipsum,</strong></span> <span class='ocrx_word' id='word_1_235' title='bbox 1049 3475 1086 3540; x_wconf 92' lang='lat' dir='ltr'><strong>et</strong></span> <span class='ocrx_word' id='word_1_236' title='bbox 1108 3471 1140 3540; x_wconf 87' lang='lat' dir='ltr'><strong>si</strong></span> <span class='ocrx_word' id='word_1_237' title='bbox 1154 3479 1247 3542; x_wconf 87' lang='lat' dir='ltr'><strong>esset</strong></span> <span class='ocrx_word' id='word_1_238' title='bbox 1268 3474 1362 3542; x_wconf 89' lang='lat' dir='ltr'><strong>ratio</strong></span> <span class='ocrx_word' id='word_1_239' title='bbox 1385 3477 1474 3542; x_wconf 78' lang='lat' dir='ltr'><strong>entis</strong></span> <span class='ocrx_word' id='word_1_240' title='bbox 1494 3478 1559 3543; x_wconf 73' lang='lat' dir='ltr'><strong>eim·</strong></span> 
     </span>
     <span class='ocr_line' id='line_1_31' title="bbox 400 3573 1558 3668; baseline 0.009 -29"><span class='ocrx_word' id='word_1_241' title='bbox 400 3573 560 3662; x_wconf 75' lang='lat' dir='ltr'><strong>pliciter,</strong></span> <span class='ocrx_word' id='word_1_242' title='bbox 578 3575 631 3644; x_wconf 90' lang='lat' dir='ltr'><strong>ita</strong></span> <span class='ocrx_word' id='word_1_243' title='bbox 645 3582 688 3646; x_wconf 89' lang='lat' dir='ltr'><strong>ut</strong></span> <span class='ocrx_word' id='word_1_244' title='bbox 703 3599 771 3646; x_wconf 91' lang='lat' dir='ltr'><strong>non</strong></span> <span class='ocrx_word' id='word_1_245' title='bbox 787 3599 849 3668; x_wconf 90' lang='lat' dir='ltr'><strong>per</strong></span> <span class='ocrx_word' id='word_1_246' title='bbox 864 3578 1134 3648; x_wconf 89' lang='lat' dir='ltr'><strong>abstractionem</strong></span> <span class='ocrx_word' id='word_1_247' title='bbox 1150 3579 1443 3652; x_wconf 87' lang='lat' dir='ltr'><strong>indeterminatos</strong></span> <span class='ocrx_word' id='word_1_248' title='bbox 1458 3602 1558 3654; x_wconf 88' lang='lat' dir='ltr'><strong>conce·</strong></span> 
     </span>
     <span class='ocr_line' id='line_1_32' title="bbox 402 3685 1559 3780; baseline 0.003 -30"><span class='ocrx_word' id='word_1_249' title='bbox 402 3688 483 3772; x_wconf 84' lang='lat' dir='ltr'><strong>ptus</strong></span> <span class='ocrx_word' id='word_1_250' title='bbox 507 3685 618 3766; x_wconf 78' lang='lat' dir='ltr'><strong>entia,</strong></span> <span class='ocrx_word' id='word_1_251' title='bbox 642 3685 702 3754; x_wconf 85' lang='lat' dir='ltr'><strong>sed</strong></span> <span class='ocrx_word' id='word_1_252' title='bbox 724 3707 786 3754; x_wconf 87' lang='lat' dir='ltr'><strong>ene</strong></span> <span class='ocrx_word' id='word_1_253' title='bbox 815 3685 1086 3756; x_wconf 88' lang='lat' dir='ltr'><strong>determinatum</strong></span> <span class='ocrx_word' id='word_1_254' title='bbox 1109 3687 1328 3778; x_wconf 87' lang='lat' dir='ltr'><strong>plenitudine</strong></span> <span class='ocrx_word' id='word_1_255' title='bbox 1350 3688 1559 3780; x_wconf 81' lang='lat' dir='ltr'><strong>perfectionis</strong></span> 
     </span>
     <span class='ocr_line' id='line_1_33' title="bbox 400 3787 1558 3888; baseline 0.006 -32"><span class='ocrx_word' id='word_1_256' title='bbox 400 3787 680 3878; x_wconf 74' lang='lat' dir='ltr'><strong>intelligeretur,</strong></span> <span class='ocrx_word' id='word_1_257' title='bbox 706 3793 860 3882; x_wconf 88' lang='lat' dir='ltr'><strong>profecto</strong></span> <span class='ocrx_word' id='word_1_258' title='bbox 884 3791 969 3863; x_wconf 86' lang='lat' dir='ltr'><strong>haec</strong></span> <span class='ocrx_word' id='word_1_259' title='bbox 992 3793 1084 3862; x_wconf 90' lang='lat' dir='ltr'><strong>ratio</strong></span> <span class='ocrx_word' id='word_1_260' title='bbox 1115 3800 1203 3862; x_wconf 80' lang='lat' dir='ltr'><strong>eneis</strong></span> <span class='ocrx_word' id='word_1_261' title='bbox 1233 3803 1326 3866; x_wconf 88' lang='lat' dir='ltr'><strong>esset</strong></span> <span class='ocrx_word' id='word_1_262' title='bbox 1348 3803 1385 3866; x_wconf 88' lang='lat' dir='ltr'><strong>et</strong></span> <span class='ocrx_word' id='word_1_263' title='bbox 1406 3796 1558 3888; x_wconf 85' lang='lat' dir='ltr'><strong>perfectio</strong></span> 
     </span>
     <span class='ocr_line' id='line_1_34' title="bbox 399 3899 1558 3997; baseline 0.005 -32"><span class='ocrx_word' id='word_1_264' title='bbox 399 3919 560 3988; x_wconf 87' lang='lat' dir='ltr'><strong>suprema</strong></span> <span class='ocrx_word' id='word_1_265' title='bbox 594 3903 631 3967; x_wconf 89' lang='lat' dir='ltr'><strong>et</strong></span> <span class='ocrx_word' id='word_1_266' title='bbox 659 3899 883 3990; x_wconf 80' lang='lat' dir='ltr'><strong>distinguens</strong></span> <span class='ocrx_word' id='word_1_267' title='bbox 918 3901 960 3970; x_wconf 86' lang='lat' dir='ltr'><strong>ab</strong></span> <span class='ocrx_word' id='word_1_268' title='bbox 995 3901 1152 3972; x_wconf 89' lang='lat' dir='ltr'><strong>omnibus</strong></span> <span class='ocrx_word' id='word_1_269' title='bbox 1183 3903 1265 3972; x_wconf 89' lang='lat' dir='ltr'><strong>aliis</strong></span> <span class='ocrx_word' id='word_1_270' title='bbox 1294 3911 1331 3973; x_wconf 87' lang='lat' dir='ltr'><strong>et</strong></span> <span class='ocrx_word' id='word_1_271' title='bbox 1360 3905 1558 3997; x_wconf 88' lang='lat' dir='ltr'><strong>principium</strong></span> 
     </span>
     <span class='ocr_line' id='line_1_35' title="bbox 399 4004 1557 4102; baseline 0.009 -32"><span class='ocrx_word' id='word_1_272' title='bbox 399 4004 580 4074; x_wconf 89' lang='lat' dir='ltr'><strong>continens</strong></span> <span class='ocrx_word' id='word_1_273' title='bbox 603 4007 835 4096; x_wconf 87' lang='lat' dir='ltr'><strong>perfectiones</strong></span> <span class='ocrx_word' id='word_1_274' title='bbox 859 4031 986 4094; x_wconf 89' lang='lat' dir='ltr'><strong>omnes,</strong></span> <span class='ocrx_word' id='word_1_275' title='bbox 1005 4031 1092 4102; x_wconf 88' lang='lat' dir='ltr'><strong>qnae</strong></span> <span class='ocrx_word' id='word_1_276' title='bbox 1109 4011 1359 4082; x_wconf 84' lang='lat' dir='ltr'><strong>determinatae</strong></span> <span class='ocrx_word' id='word_1_277' title='bbox 1374 4037 1443 4083; x_wconf 90' lang='lat' dir='ltr'><strong>non</strong></span> <span class='ocrx_word' id='word_1_278' title='bbox 1459 4037 1494 4084; x_wconf 88' lang='lat' dir='ltr'><strong>re</strong></span> <span class='ocrx_word' id='word_1_279' title='bbox 1509 4011 1557 4081; x_wconf 87' lang='lat' dir='ltr'><strong>sed</strong></span> 
     </span>
    </p>

    <p class='ocr_par' dir='ltr' id='par_1_4' title="bbox 294 4110 1556 4534">
     <span class='ocr_line' id='line_1_36' title="bbox 294 4110 1556 4213; baseline 0.009 -36"><span class='ocrx_word' id='word_1_280' title='bbox 294 4153 300 4170; x_wconf 81' lang='lat'><strong>·</strong></span> <span class='ocrx_word' id='word_1_281' title='bbox 399 4110 533 4180; x_wconf 89' lang='lat' dir='ltr'><strong>ratione</strong></span> <span class='ocrx_word' id='word_1_282' title='bbox 549 4119 688 4182; x_wconf 89' lang='lat' dir='ltr'><strong>tantum</strong></span> <span class='ocrx_word' id='word_1_283' title='bbox 703 4113 741 4182; x_wconf 93' lang='lat' dir='ltr'><strong>in</strong></span> <span class='ocrx_word' id='word_1_284' title='bbox 756 4135 796 4182; x_wconf 89' lang='lat' dir='ltr'><strong>eo</strong></span> <span class='ocrx_word' id='word_1_285' title='bbox 812 4113 988 4204; x_wconf 89' lang='lat' dir='ltr'><strong>distingui</strong></span> <span class='ocrx_word' id='word_1_286' title='bbox 1003 4124 1159 4207; x_wconf 88' lang='lat' dir='ltr'><strong>possent:</strong></span> <span class='ocrx_word' id='word_1_287' title='bbox 1177 4139 1218 4186; x_wconf 90' lang='lat' dir='ltr'><strong>ac</strong></span> <span class='ocrx_word' id='word_1_288' title='bbox 1235 4119 1380 4208; x_wconf 87' lang='lat' dir='ltr'><strong>proinde</strong></span> <span class='ocrx_word' id='word_1_289' title='bbox 1395 4120 1473 4213; x_wconf 88' lang='lat' dir='ltr'><strong>ipsa</strong></span> <span class='ocrx_word' id='word_1_290' title='bbox 1487 4121 1556 4188; x_wconf 87' lang='lat' dir='ltr'><strong>baec</strong></span> 
     </span>
     <span class='ocr_line' id='line_1_37' title="bbox 398 4218 1555 4317; baseline 0.005 -31"><span class='ocrx_word' id='word_1_291' title='bbox 398 4218 489 4289; x_wconf 88' lang='lat' dir='ltr'><strong>ratio</strong></span> <span class='ocrx_word' id='word_1_292' title='bbox 506 4223 594 4286; x_wconf 78' lang='lat' dir='ltr'><strong>entia</strong></span> <span class='ocrx_word' id='word_1_293' title='bbox 609 4227 701 4290; x_wconf 89' lang='lat' dir='ltr'><strong>esset</strong></span> <span class='ocrx_word' id='word_1_294' title='bbox 715 4243 799 4312; x_wconf 88' lang='lat' dir='ltr'><strong>praa</strong></span> <span class='ocrx_word' id='word_1_295' title='bbox 815 4223 940 4292; x_wconf 87' lang='lat' dir='ltr'><strong>ceteris</strong></span> <span class='ocrx_word' id='word_1_296' title='bbox 955 4225 1227 4314; x_wconf 84' lang='lat' dir='ltr'><strong>perfectionibus</strong></span> <span class='ocrx_word' id='word_1_297' title='bbox 1240 4231 1388 4296; x_wconf 73' lang='lat' dir='ltr'><strong>coemtio</strong></span> <span class='ocrx_word' id='word_1_298' title='bbox 1399 4228 1555 4317; x_wconf 71' lang='lat' dir='ltr'><strong>metaphy-</strong></span> 
     </span>
     <span class='ocr_line' id='line_1_38' title="bbox 397 4325 1555 4426; baseline 0.005 -35"><span class='ocrx_word' id='word_1_299' title='bbox 397 4327 482 4394; x_wconf 77' lang='lat' dir='ltr'><strong>sica.</strong></span> <span class='ocrx_word' id='word_1_300' title='bbox 500 4326 612 4418; x_wconf 88' lang='lat' dir='ltr'><strong>Atqui</strong></span> <span class='ocrx_word' id='word_1_301' title='bbox 627 4325 713 4397; x_wconf 89' lang='lat' dir='ltr'><strong>haec</strong></span> <span class='ocrx_word' id='word_1_302' title='bbox 725 4328 803 4419; x_wconf 88' lang='lat' dir='ltr'><strong>ipsa</strong></span> <span class='ocrx_word' id='word_1_303' title='bbox 818 4334 873 4398; x_wconf 90' lang='lat' dir='ltr'><strong>est</strong></span> <span class='ocrx_word' id='word_1_304' title='bbox 887 4330 980 4399; x_wconf 89' lang='lat' dir='ltr'><strong>ratio</strong></span> <span class='ocrx_word' id='word_1_305' title='bbox 997 4335 1085 4398; x_wconf 72' lang='lat' dir='ltr'><strong>entis</strong></span> <span class='ocrx_word' id='word_1_306' title='bbox 1100 4333 1137 4401; x_wconf 90' lang='lat' dir='ltr'><strong>iu</strong></span> <span class='ocrx_word' id='word_1_307' title='bbox 1152 4332 1237 4420; x_wconf 89' lang='lat' dir='ltr'><strong>Deo,</strong></span> <span class='ocrx_word' id='word_1_308' title='bbox 1256 4341 1430 4426; x_wconf 87' lang='lat' dir='ltr'><strong>quatenns</strong></span> <span class='ocrx_word' id='word_1_309' title='bbox 1442 4343 1493 4405; x_wconf 90' lang='lat' dir='ltr'><strong>est</strong></span> <span class='ocrx_word' id='word_1_310' title='bbox 1505 4355 1555 4402; x_wconf 84' lang='lat' dir='ltr'><strong>ens</strong></span> 
     </span>
     <span class='ocr_line' id='line_1_39' title="bbox 397 4433 1553 4534; baseline 0.006 -33"><span class='ocrx_word' id='word_1_311' title='bbox 397 4455 465 4502; x_wconf 91' lang='lat' dir='ltr'><strong>non</strong></span> <span class='ocrx_word' id='word_1_312' title='bbox 480 4455 542 4525; x_wconf 88' lang='lat' dir='ltr'><strong>per</strong></span> <span class='ocrx_word' id='word_1_313' title='bbox 558 4433 862 4527; x_wconf 88' lang='lat' dir='ltr'><strong>participationem</strong></span> <span class='ocrx_word' id='word_1_314' title='bbox 879 4437 939 4508; x_wconf 87' lang='lat' dir='ltr'><strong>sed</strong></span> <span class='ocrx_word' id='word_1_315' title='bbox 951 4437 1025 4508; x_wconf 86' lang='lat' dir='ltr'><strong>Eos</strong></span> <span class='ocrx_word' id='word_1_316' title='bbox 1040 4439 1251 4528; x_wconf 88' lang='lat' dir='ltr'><strong>absolutum,</strong></span> <span class='ocrx_word' id='word_1_317' title='bbox 1266 4463 1355 4534; x_wconf 87' lang='lat' dir='ltr'><strong>qnae</strong></span> <span class='ocrx_word' id='word_1_318' title='bbox 1370 4442 1505 4534; x_wconf 84' lang='lat' dir='ltr'><strong>negatio</strong></span> <span class='ocrx_word' id='word_1_319' title='bbox 1516 4439 1553 4508; x_wconf 86' lang='lat' dir='ltr'><strong>si·</strong></span> 
     </span>
    </p>
   </div>
   <div class='ocr_carea' id='block_1_2' title="bbox 0 0 1624 5064">
    <p class='ocr_par' dir='ltr' id='par_1_5' title="bbox 0 0 1624 5064">
     <span class='ocr_line' id='line_1_40' title="bbox 0 0 1624 5064; baseline 0 8"><span class='ocrx_word' id='word_1_320' title='bbox 0 0 1624 5064; x_wconf 95' lang='lat' dir='ltr'><strong> </strong></span> 
     </span>
    </p>
   </div>
  </div>
 </body>
</html>
