3360 5060
80 463 194 533 latina
217 462 372 533 vertitur
396 463 497 531 iuxta
520 481 659 530 sensum
682 461 795 551 magis
818 483 920 554 quam
938 464 982 534 ad
998 465 1167 537 litteram:
1189 477 1258 540 net

80 571 280 652 miserebor,
306 569 364 640 cui
387 569 543 652 voluero,
569 575 605 636 et
628 567 776 636 clemens
799 591 870 653 ero,
896 571 933 640 in
957 595 1056 664 quern
1080 575 1166 644 mihi
1183 577 1256 666 pla-

78 679 203 749 cuerit.
224 677 444 746 »Sententia
466 699 534 744 non
558 684 613 743 est
637 677 887 766 particularis,
921 702 1010 770 quae
1034 681 1078 750 ad
1102 684 1254 772 gratiam

78 786 190 854 solum
212 783 329 874 Moysi
356 783 560 872 praestitam
585 783 654 865 vel,
674 791 715 850 ut
731 783 879 852 aliorum
899 786 970 854 fert
985 787 1104 876 opinio
1120 789 1255 880 (Chry-

77 899 163 963 scst.
186 893 278 961 hom.
300 891 399 960 XVI.
420 915 455 960 n.
478 891 510 959 7.
524 895 558 974 ),
592 890 637 960 ad
666 892 938 962 miscricordiam
963 897 1160 982 referatur,
1187 922 1257 990 qua

76 1003 172 1071 Dens
195 999 371 1069 Israelitis
396 1005 475 1090 post
497 1005 676 1088 paccatum
693 999 831 1068 adorati
849 1000 956 1070 vituli
971 1005 1070 1072 aurei
1085 1007 1252 1096 pepercit3

76 1109 137 1179 sed
161 1107 338 1198 generalis
360 1113 416 1176 est
439 1105 731 1196 comprehendens
747 1107 813 1176 sub
828 1129 864 1175 se
880 1115 956 1176 tum
973 1112 1126 1199 gratiam
1138 1113 1255 1203 Moysi

76 1216 260 1301 tributam,
288 1215 388 1284 cuius
412 1215 590 1284 occasione
614 1215 753 1304 prolata
775 1223 840 1300 est,
867 1221 942 1283 tum
967 1239 1066 1285 omne
1089 1241 1253 1310 superna·

75 1324 193 1392 turale
218 1331 255 1393 et
279 1346 369 1392 mere
393 1323 590 1412 gratuitum
615 1323 830 1392 beneficium.
855 1325 955 1394 Unde
978 1327 1111 1395 Paulus
1141 1350 1183 1395 ex
1214 1349 1255 1396 ea

74 1455 182 1502 sensu
206 1432 343 1500 omniuo
359 1430 560 1499 immediato
575 1438 719 1520 accepta
734 1452 830 1498 suam
849 1433 1108 1504 antecedentem
1124 1435 1255 1505 doctri·

73 1561 158 1607 nam
182 1539 300 1628 potuit
322 1537 539 1607 confirmare.
564 1536 682 1606 Infert
704 1561 746 1606 cx
769 1538 827 1606 his
856 1540 1067 1629 Apostolus:
1100 1571 1116 1606 ι
1141 1541 1255 1632 igitur

72 1646 128 1732 (si
155 1647 275 1735 gratia
297 1651 352 1713 est
374 1666 395 1712 a
417 1645 490 1713 Deo
513 1643 590 1734 ipso
613 1645 770 1734 profecta
793 1653 829 1715 et
844 1647 983 1715 omnino
999 1649 1159 1737 gratuito
1176 1671 1254 1718 con·

72 1775 174 1824 cessa
195 1776 263 1821 nou
287 1751 523 1839 merentibus)
546 1775 613 1816 con
637 1752 914 1844 valentiamque
940 1759 1109 1822 currentis
1139 1757 1254 1842 (citra

71 1863 229 1953 gratiam
242 1861 327 1928 solia
345 1859 482 1928 viribus
494 1862 677 1944 naturae),
692 1859 750 1926 sed
764 1863 957 1927 miserentis
969 1877 1018 1928 ert
1032 1863 1097 1930 Dei
1112 1890 1127 1926 n
1145 1887 1179 1932 v.
1195 1864 1250 1933 16.

142 1970 188 2038 4⁰.
217 1969 317 2039 Licet
340 1968 377 2036 in
410 1967 599 2036 versiculis
632 1966 729 2035 modo
759 1966 949 2036 declaratis
980 1969 1111 2039 directe
1143 1970 1253 2040 solum

70 2077 279 2148 enuntietur
303 2075 459 2144 indebita
482 2073 722 2143 misericordia
738 2097 824 2164 erga
840 2075 996 2146 homines
1011 2100 1052 2147 ea
1075 2079 1250 2168 indignos,

71 2189 109 2254 in
137 2185 203 2253 hac
226 2185 304 2274 ipsa
326 2189 442 2252 tamen
467 2182 615 2266 ratione,
641 2181 732 2273 quod
757 2183 958 2252 beneficium
982 2192 1037 2254 est
1059 2184 1252 2254 indebitum

70 2316 113 2362 ex
142 2313 237 2360 mera
260 2290 500 2359 misericordia
523 2289 690 2358 collatum
720 2289 897 2380 indignis,
932 2289 1000 2358 iam
1034 2291 1250 2374 includitur,

70 2399 167 2494 quod
189 2400 284 2470 Deus
308 2399 416 2468 libere
439 2405 476 2466 et
499 2398 627 2490 absque
651 2397 728 2465 ulla
751 2397 884 2466 iniuria
907 2403 1023 2488 potest
1044 2400 1149 2468 etiam
1178 2423 1252 2490 pec-

72 2507 207 2578 catoris
238 2531 307 2576 uon
338 2505 507 2574 misereri.
543 2505 667 2596 Itaque
690 2527 754 2572 nec
776 2505 909 2574 homini
932 2529 995 2574 nec
1019 2506 1086 2574 sibi
1110 2507 1252 2599 suisque

71 2616 352 2708 perfectionibus
376 2615 477 2685 debet
491 2613 597 2697 Deus,
617 2627 658 2681 ut
674 2612 945 2682 misericordiam
961 2614 1080 2704 potins
1095 2615 1253 2705 indignis

69 2745 179 2818 quam
202 2723 376 2792 iustitiam
400 2721 567 2790 adhibeat
589 2721 719 2810 dignis.
746 2721 916 2804 Quamvis
941 2721 1031 2790 enim
1054 2723 1150 2790 Deus
1174 2723 1251 2791 inti·

70 2833 150 2902 nite
173 2837 316 2899 sanctus
341 2853 408 2898 non
433 2828 545 2920 possit
568 2828 658 2897 velle
682 2827 860 2898 hominum
886 2838 1040 2918 peccata,
1068 2837 1183 2921 potest
1198 2831 1250 2900 ni·

69 2939 266 3010 hilominus
289 2943 431 3029 peccata
447 2937 648 3027 permittere
664 2945 700 3006 ot
715 2947 944 3029 consequente
960 2938 1143 3009 voluntate
1157 2940 1252 3009 insta

71 3056 111 3119 et
135 3053 256 3118 sancta
279 3047 432 3136 dirigere
455 3049 492 3113 et
514 3045 689 3129 ordinare,
707 3045 845 3114 nonita
869 3045 1019 3136 quidem,
1046 3054 1087 3115 ut
1109 3054 1252 3137 peccata

70 3129 206 3225 directi
231 3154 304 3221 sint
326 3153 370 3221 ad
394 3152 457 3221 Dei
482 3151 644 3241 gloriam,
671 3151 730 3220 sed
753 3159 795 3219 ut
817 3151 891 3242 ipse
923 3157 1038 3221 tamen
1074 3155 1251 3222 occasione

69 3269 293 3354 peccatorum
317 3283 415 3328 snam
439 3257 617 3329 iustitiam
640 3267 676 3327 et
699 3259 983 3345 misericordiam,
1009 3261 1198 3351 potentiam
1216 3267 1253 3330 et

73 3367 331 3460 providentiam
355 3367 558 3436 manifestet
580 3367 642 3451 (cf.
657 3366 756 3434 Rom.
771 3365 841 3435 111.
856 3367 935 3436 6-8.
947 3373 973 3453 ).

141 3475 207 3544 His
230 3473 486 3544 animadversis
508 3473 740 3563 intelligitur,
766 3473 810 3543 ad
827 3474 911 3567 quid
928 3477 1143 3566 probandum
1158 3478 1250 3567 Apo·

71 3581 187 3653 stolus
210 3582 358 3651 inducat
379 3579 562 3650 historiam
579 3579 783 3650 Pharaonis.
807 3611 824 3646 ι
841 3581 939 3652 Dicit
954 3583 1046 3652 enim
1065 3583 1251 3674 Scriptura

71 3691 262 3762 Pharaoni:
288 3691 373 3780 quic
397 3691 434 3755 in
459 3689 518 3754 doc
545 3691 653 3777 ipsum
677 3691 830 3757 metrani
853 3704 896 3771 tc,
918 3705 957 3755 ιιι
973 3688 1147 3756 ostendam
1164 3693 1201 3756 in
1219 3706 1251 3757 te

69 3801 233 3866 uirtutem
256 3819 374 3876 meam,
400 3809 432 3860 et
455 3809 493 3859 ιιι
517 3799 744 3862 acerentietur
767 3820 884 3862 nomen
907 3819 1013 3862 meum
1036 3799 1074 3861 in
1090 3800 1249 3864 senices-su

73 3921 169 3974 terra
186 3931 202 3967 n
222 3929 258 3973 v.
278 3903 332 3972 17.
359 3901 488 3972 Probat
511 3903 648 3972 scilicet
671 3903 862 3994 Apostolus
879 3903 943 3972 hcc
960 3903 1072 3972 inciso
1089 3903 1139 3989 id,
1158 3903 1249 3995 quod

72 4038 109 4085 v.
125 4013 180 4082 15.
203 4012 374 4103 implicite
398 4011 598 4081 continetur
621 4019 657 4080 ct
679 4012 965 4102 adsignificatur:
990 4013 1121 4097 Deum,
1155 4013 1250 4082 sicut

71 4119 234 4216 gratuito
257 4120 442 4189 miseretur
465 4119 625 4210 indigni,
656 4120 707 4188 ita
731 4141 829 4209 posse
860 4119 966 4187 etiam
998 4141 1065 4186 non
1089 4119 1248 4188 misereri

72 4227 278 4320 peccatoris,
305 4229 389 4318 quia
412 4226 445 4296 ei
468 4249 536 4294 non
560 4227 657 4296 deest
680 4227 812 4311 modus,
839 4249 906 4318 quo
929 4249 971 4296 ex
1000 4227 1092 4296 malo
1123 4229 1247 4296 bonum

73 4337 187 4407 faciat
209 4337 278 4424 (cf.
292 4335 344 4404 th.
359 4334 494 4404 XLIII.
505 4358 541 4404 n.
556 4335 647 4404 Ita.
661 4340 686 4422 ).
701 4333 898 4419 Rationem,
914 4335 1033 4428 quaid
1049 4335 1124 4420 fiat,
1143 4355 1247 4404 unam

73 4467 114 4515 ex
140 4449 216 4514 tota
240 4465 305 4512 sua
326 4443 537 4514 tractatione
560 4442 753 4532 Apostolus
769 4443 953 4532 supponit,
973 4442 1165 4534 peccatoris
1182 4443 1247 4510 sci·
