3360 5060
607 396 645 410 ..
668 365 729 426 065
751 399 787 410 ..

100 473 282 541 luntatem
314 469 378 537 Dei
413 468 670 538 antecedentem
701 492 767 536 non
799 476 854 536 est
888 490 1118 537 consensurus
1148 475 1185 538 et
1214 491 1281 535 non

100 585 360 648 consecuturus
383 576 542 660 salutem,
569 581 685 666 posset
699 576 794 643 Dens
810 575 996 643 secundum
1016 573 1280 663 amplitudinem

101 707 194 754 snae
216 684 483 775 omnipotentiae
506 684 681 752 destinare
705 682 812 756 aliurn
838 681 991 749 ordinem
1016 681 1225 770 gratiarnm,
1244 682 1280 748 in

103 815 179 884 quo
203 792 414 876 salvaretur;
432 789 660 857 nihilominus
677 788 852 878 permittit
867 789 944 857 cius
959 788 1201 856 deficientiam.
1220 787 1282 854 Vi-

101 900 228 969 cissim
250 899 369 982 alteri,
394 898 451 966 cui
475 897 714 988 praedestinat
737 897 900 986 gratiam,
927 897 991 965 snb
1007 918 1076 987 qna
1091 896 1189 964 videt
1204 919 1281 964 enm

103 1028 355 1074 consensurum
378 1012 414 1072 et
444 1005 593 1072 salutern
622 1011 911 1087 consecuturum,
938 1009 1054 1093 posset
1085 1003 1159 1070 sino
1184 1025 1280 1092 opu·

103 1112 240 1181 aientis
262 1111 486 1202 iniquitaten
513 1111 690 1178 destinare
714 1110 823 1178 alium
847 1110 1013 1193 ordinem,
1040 1111 1075 1176 in
1101 1133 1168 1200 quo
1184 1109 1284 1177 videt

103 1221 184 1288 fora
207 1223 248 1287 ut
270 1218 369 1285 homo
394 1240 458 1286 aaa
481 1217 585 1309 culpa
607 1241 676 1286 non
700 1224 943 1308 cooperaretur
967 1225 1003 1286 et
1033 1241 1102 1285 non
1129 1217 1282 1285 salvare·

101 1333 191 1410 tur,
217 1325 302 1394 licet
324 1333 440 1415 posset
462 1346 502 1392 ac
525 1324 664 1392 deberet
699 1325 876 1414 cooperari
900 1333 935 1394 et
958 1324 1104 1392 salvari.
1132 1323 1172 1392 si
1198 1345 1282 1412 ergo

101 1435 192 1503 ordo
215 1434 412 1528 gratiarum
436 1433 613 1522 pertinens
637 1435 681 1501 ad
703 1431 1049 1521 praedestinationem
1071 1433 1280 1522 completam,

99 1543 141 1609 in
169 1563 238 1633 qna
261 1542 459 1610 continetur
482 1541 556 1632 ipse
582 1542 730 1611 effectus
755 1542 844 1610 liber
877 1564 1062 1611 consensus
1085 1548 1120 1610 et
1152 1539 1280 1609 iustifi-

100 1647 256 1716 cationis
278 1653 312 1714 et
337 1646 538 1714 meritorum
561 1650 597 1712 et
620 1646 901 1734 perseverantiae
924 1653 961 1714 et
984 1644 1121 1714 tandem
1153 1643 1281 1711 salutis

100 1761 324 1843 comparetur
348 1775 425 1821 oum
449 1752 569 1822 ordine
593 1753 789 1842 gratiarum
814 1755 1008 1824 carentium
1032 1753 1160 1822 effectu
1183 1752 1282 1838 (licet

102 1861 142 1930 id
168 1861 216 1928 sit
238 1883 279 1928 ex
304 1860 407 1950 culpa
429 1860 582 1928 hominis
606 1866 642 1928 et
663 1860 736 1928 Deo
759 1883 826 1928 non
847 1861 984 1929 volente
1001 1861 1061 1929 sed
1078 1861 1189 1928 solum
1205 1882 1280 1949 per·

101 1969 267 2037 mittente
291 1967 522 2036 deficientiam
547 1990 568 2034 a
591 1968 740 2054 salute),
767 1969 872 2036 facile
896 1967 1116 2057 intelligitur
1147 1967 1279 2035 miseri·

102 2099 185 2144 cors
204 2074 357 2144 aelectio
380 2075 705 2165 praedestinantis»
724 2076 793 2160 (cf.
813 2096 920 2165 supra
944 2099 977 2165 p.
993 2075 1071 2142 619.
1087 2075 1195 2159 620.).

176 2183 207 2268 t)
231 2182 493 2270 insolubilitas
517 2182 650 2248 ordinis
673 2183 795 2250 deinde
813 2189 905 2250 recte
922 2181 1160 2272 distinguitur
1176 2205 1197 2250 a
1213 2206 1279 2250 oer-

105 2288 261 2357 titadine
278 2293 541 2380 praescientiae.
566 2291 710 2358 Veritas
732 2291 823 2358 enim
849 2290 1035 2374 obiectiva,
1062 2291 1151 2382 qnod
1183 2291 1283 2358 homo

102 2398 136 2465 si
161 2397 303 2466 daretur
327 2398 410 2465 talis
434 2399 564 2487 gratia,
591 2399 822 2481 consentiret,
848 2398 933 2468 lieet
957 2406 1071 2487 posset
1104 2421 1171 2466 non
1203 2421 1280 2466 can·

103 2504 248 2588 sentire,
273 2513 310 2572 et
332 2505 422 2596 quod
446 2507 510 2574 sub
534 2509 664 2595 gratia,
689 2507 771 2574 dnm
798 2512 878 2574 ectu
901 2507 1017 2588 datur,
1037 2505 1278 2574 infallibiliter

103 2611 266 2704 quamvis
280 2611 388 2680 libere
409 2614 594 2697 consentit,
608 2637 676 2682 non
696 2614 846 2683 efficitur
862 2636 923 2704 per
936 2615 1000 2683 Dei
1013 2613 1205 2697 scientiam,
1221 2612 1281 2680 aed

104 2721 315 2809 supponitur
326 2721 492 2788 scientiae
501 2727 542 2788 ut
554 2721 722 2790 obiectum
734 2725 857 2811 (supra
868 2747 899 2812 p.
911 2720 988 2790 409.
1001 2725 1105 2812 sqq.).
1120 2719 1186 2789 Est
1197 2743 1281 2809 ergo

103 2825 233 2915 inipso
256 2827 375 2894 ordine
393 2827 649 2916 praedestinato
666 2829 862 2918 gratiarnm
886 2829 1061 2898 obiectiva
1080 2827 1281 2895 infallibili-

103 2935 173 3013 tas,
189 2951 256 2997 non
274 2929 410 3020 quidem
428 2953 469 2998 ex
487 2931 679 3000 intrinseca
696 2942 825 3000 natura
841 2955 882 3000 ac
896 2933 1045 3000 antiteta
1062 2930 1282 3020 singularum

103 3036 301 3127 gratiarum
323 3021 405 3124 =(lroc
428 3039 518 3106 enim
545 3039 581 3107 S.
597 3040 747 3108 Thomas
773 3041 821 3108 ibi
845 3041 1063 3130 apertissime
1094 3039 1278 3123 excludit):

103 3143 165 3212 sed
190 3145 273 3236 qnia
295 3145 408 3235 quoad
424 3147 562 3241 gratias
580 3147 674 3236 ipsas
690 3148 955 3237 praevenientes
973 3148 1143 3215 obiectivs
1160 3169 1278 3215 verum

103 3258 159 3319 est
183 3251 284 3342 qnod,
304 3251 531 3336 siderentur,
551 3253 728 3336 haberent,
747 3262 784 3323 et
798 3254 879 3322 dum
895 3255 1085 3338 dabuntur,
1105 3254 1281 3322 habebunt

102 3357 281 3445 effectum,
299 3365 335 3427 et
351 3359 435 3451 qnia
449 3360 631 3450 supposita
653 3362 723 3427 iam
740 3367 814 3429 tota
828 3363 935 3430 series
950 3361 1280 3452 praedestinationis

103 3463 258 3533 includit
281 3465 393 3554 ipsum
418 3467 579 3535 effectum
599 3467 677 3534 boni
696 3468 811 3557 operis
828 3491 889 3557 per
906 3469 1071 3557 gratiam,
1090 3474 1126 3538 et
1142 3470 1178 3536 in
1194 3470 1281 3536 bono

104 3573 412 3662 perseverantiam,
440 3573 496 3640 vel
521 3573 549 3640 si
574 3573 767 3642 intervenit
790 3574 922 3664 lapsus,
950 3575 1100 3645 reditum
1126 3598 1187 3665 par
1203 3595 1279 3665 poe·

102 3677 287 3746 nitentium
312 3686 417 3770 atque
442 3679 580 3748 tandem
605 3682 899 3770 perseverantiam
924 3681 1073 3750 finalem.
1092 3683 1166 3750 Hoc
1182 3681 1281 3748 modo

105 3783 373 3874 intelligendum
398 3807 472 3853 esse
487 3792 664 3875 putamus,
684 3789 774 3878 quod
799 3787 835 3856 S.
856 3788 1006 3856 Thomas
1022 3788 1074 3854 cit
1090 3788 1131 3855 de
1147 3785 1279 3854 infalli-

105 3891 244 3959 hilitate
269 3892 403 3960 ordinis
425 3915 465 3960 ex
492 3893 719 3963 multitudine
742 3901 779 3963 et
802 3895 977 3963 varietata
999 3894 1197 3983 gratiarum
1214 3893 1276 3980 (1).

107 4025 125 4061 u
139 3997 282 4066 Praeter
305 3999 551 4068 certitudinem
575 4000 824 4090 praescientiae
856 4001 993 4092 (qualis
1025 3999 1199 4069 certitudo
1226 4007 1281 4067 est

170 4177 213 4250 (1)
230 4179 292 4232 Non
311 4194 466 4246 censemus,
485 4195 520 4248 ex
539 4181 591 4233 hac
604 4179 735 4234 doctrina
746 4181 878 4244 Argolici
898 4181 1058 4234 subsidium
1080 4181 1150 4233 ferri
1168 4185 1279 4234 senteu-

106 4270 163 4322 tiaa
182 4269 365 4322 'l'lromsssini
378 4268 431 4342 (Do
452 4270 567 4323 Grato.
583 4271 626 4323 18.
639 4267 717 4342 sqq.)
737 4277 766 4324 et
778 4271 909 4338 aliorum,
932 4271 982 4337 qni
1001 4271 1149 4324 efficaciam
1171 4271 1281 4322 lnialli·

105 4359 191 4412 bilem
211 4359 324 4424 gratiae
343 4361 525 4413 constituunt
544 4361 731 4414 intrinsecam
750 4361 780 4412 in
801 4361 866 4427 ipsa
885 4359 1073 4413 multitudine
1094 4367 1123 4413 et
1135 4361 1278 4414 varietata

105 4449 274 4514 mattarum.
295 4449 356 4512 Qua
376 4449 409 4500 de
433 4465 463 4502 re
483 4449 644 4516 disputatio
665 4449 700 4502 ad
722 4451 798 4504 huno
817 4451 908 4504 locum
927 4467 983 4504 non
1004 4451 1140 4518 pertinet.
