3230 5072
529 417 568 431 -
589 385 650 448 355
671 419 710 433 -

35 494 136 560 ritate
150 519 168 554 n
184 493 222 560 S.
236 492 333 581 Aug.
347 491 588 561 ConfessVH.
603 517 637 562 n.
650 491 705 561 21.
722 494 840 577 Quare
856 495 888 562 si
903 493 1023 562 nullus
1039 499 1094 562 est
1108 492 1207 560 locus

34 609 65 668 et
86 599 226 667 nullum
249 597 402 688 spatium
418 604 455 666 et
467 598 568 667 nulla
590 607 764 684 creatura,
784 603 863 689 ipsc
885 604 1013 667 ceritas
1028 600 1066 667 in
1084 623 1119 667 se
1138 605 1204 666 est:

38 717 146 777 «ante
170 697 287 784 omnia
300 709 395 776 Deus
418 713 497 776 erat
519 709 637 796 solus;
667 709 741 799 ipse
765 711 833 778 sibi
857 717 893 778 et
915 710 1065 778 mundus
1093 715 1130 777 et
1156 708 1205 775 lo·

36 841 92 884 ous
115 825 152 884 et
176 815 331 884 omniun
358 816 571 884 Tertullian.
598 823 689 885 cont.
715 818 820 886 Prex.
855 841 885 886 c.
914 819 947 886 ὅ.
982 817 1068 886 Cum
1091 826 1207 886 autem

36 926 212 1014 cogitatur
234 925 332 993 locus
346 930 383 992 et
396 925 549 1014 spatium
565 930 602 993 et
617 925 792 1018 quaelibet
816 932 991 1010 creatura,
1010 949 1077 994 non
1094 929 1209 1016 potest

35 1040 143 1101 mente
167 1033 304 1122 concipi
327 1032 482 1100 existens
504 1033 647 1118 alicubi,
666 1057 728 1102 nec
752 1039 866 1124 potest
889 1035 1038 1102 existere
1061 1031 1204 1115 alicubi,

36 1143 116 1232 quin
137 1140 217 1209 illio
251 1141 356 1208 etiam
380 1141 430 1209 sit
453 1144 530 1228 ipsa
560 1145 689 1208 veritas
705 1143 825 1224 Deus:
851 1165 920 1210 non
951 1141 1052 1233 quasi
1079 1143 1208 1208 veritas

35 1249 125 1318 Deus
142 1271 204 1339 per
219 1248 373 1340 aliquam
389 1250 616 1318 mutationem
632 1251 702 1319 alio
719 1251 789 1318 iam
806 1252 903 1319 modo
920 1251 1088 1320 existeret
1103 1271 1206 1341 quam

37 1364 154 1442 autea,
182 1358 239 1426 vel
270 1357 347 1424 illio
376 1381 451 1426 esse
483 1351 677 1448 inciperet,
705 1359 765 1427 ubi
796 1365 900 1427 antea
929 1382 997 1427 non
1025 1363 1120 1444 erat,
1147 1355 1208 1424 sed

38 1465 183 1532 mutatio
206 1466 302 1532 iacta
324 1470 379 1532 est
401 1465 438 1532 iu
462 1487 500 1534 re
523 1473 653 1550 creata,
672 1467 710 1535 in
733 1467 808 1535 loco
831 1467 889 1535 vel
913 1467 949 1534 in
974 1465 1099 1554 spatio,
1119 1485 1207 1555 quae

38 1579 135 1639 autea
157 1595 227 1639 non
250 1577 362 1641 erant.
380 1573 497 1640 Antea
511 1573 648 1642 nullum
663 1579 741 1642 erat
757 1575 812 1640 bic
827 1579 864 1642 et
887 1575 979 1656 illic,-
995 1572 1076 1640 dum
1093 1577 1208 1639 autem

39 1685 126 1762 sunt,
153 1701 223 1745 non
238 1686 386 1767 possunt
400 1701 473 1748 esse
496 1680 567 1747 nisi
583 1681 619 1748 in
635 1681 707 1749 Deo
723 1687 852 1749 etcum
869 1681 952 1749 Dec.
970 1679 1066 1748 Deus
1089 1677 1208 1768 itaqua

39 1809 204 1877 nusquam
228 1790 282 1854 est
306 1787 464 1854 localiter
486 1787 592 1874 (situ,
626 1788 966 1877 circumscriptione,
996 1787 1208 1855 limitatione

40 1895 77 1961 sd
99 1894 243 1985 aliquod
266 1895 339 1977 ubi,
356 1901 458 1964 extra
481 1895 571 1987 quod
595 1918 663 1963 nou
687 1895 761 1983 sit);
788 1897 847 1964 sed
871 1897 999 1988 ubique
1023 1901 1088 1980 est,
1115 1894 1208 1962 sicut

42 2001 183 2069 veritati
211 2009 247 2069 et
277 2001 470 2092 sapientiae
504 2004 667 2072 convenit
697 2010 733 2071 et
766 2025 808 2070 ex
843 2003 1038 2072 intrinseca
1072 2003 1208 2070 ratione

41 2107 267 2176 necessarium
290 2115 355 2178 est.
385 2109 494 2179 «Non
524 2131 647 2198 parum
678 2111 959 2200 apprehendisti,
986 2111 1018 2178 si
1045 2110 1110 2180 hoc
1141 2107 1209 2178 tibi

42 2215 77 2282 de
98 2238 138 2283 eo
162 2217 262 2302 (Deo)
285 2223 497 2307 compertum
521 2225 593 2304 est,
630 2220 720 2310 quod
750 2241 921 2311 nusquam
953 2220 1023 2304 sit,
1049 2218 1110 2310 qni
1140 2239 1208 2284 non

42 2324 235 2393 excluditur
258 2325 343 2392 loco.
371 2319 441 2394 Suo
464 2331 580 2394 autem
604 2326 666 2394 illo
694 2327 836 2394 sublimi
859 2333 896 2396 et
918 2324 1208 2416 incomprehensi-

43 2432 99 2498 bili
123 2432 231 2515 modo,
250 2432 344 2501 sicut
370 2433 484 2501 omnia
510 2435 547 2501 in
573 2434 662 2524 ipso,
692 2433 743 2503 sic
772 2436 846 2524 ipse
874 2435 911 2502 in
939 2435 1098 2503 omnibus
1121 2439 1205 2501 esto

45 2534 255 2606 S.Bernard.
269 2535 407 2605 Consid.
419 2535 461 2604 V.
478 2560 507 2606 c.
527 2537 561 2604 6.

102 2643 273 2724 Quoniam
295 2665 336 2710 ea
357 2644 488 2728 omnia,
515 2666 661 2733 quorum
685 2665 748 2712 nos
771 2643 992 2713 existentiam
1015 2643 1206 2729 intuemur,

45 2751 224 2819 secundum
247 2751 443 2840 categorias
474 2751 582 2840 spatii
605 2757 641 2819 et
670 2752 836 2840 temporis
862 2745 932 2841 (που
952 2775 1003 2815 και
1020 2745 1103 2840 ποτε)
1131 2772 1207 2818 con-

46 2857 211 2946 spicimus,
231 2857 451 2949 ipsorumque
474 2857 662 2948 spirituum
679 2864 874 2926 creatorum
898 2858 1097 2948 praesentia
1113 2857 1210 2926 intra

38 2971 148 3032 ‘certos
168 2965 300 3032 limites
319 2972 360 3033 et
381 2965 425 3033 ad
456 2965 571 3034 locum
595 2965 856 3056 intelligibilem
880 2965 1046 3034 restricta
1068 2971 1141 3050 est,
1167 2970 1210 3033 ut

47 3071 92 3138 ait
108 3073 337 3141 Damasoenus
354 3073 446 3158 (Fid.
461 3075 642 3143 orthodox.
658 3075 707 3143 11.
721 3074 806 3162 rt),
822 3074 935 3142 oritur
957 3073 1058 3142 nobis
1081 3095 1210 3162 magna

48 3179 224 3249 difficultas
254 3181 470 3270 concipiendi
500 3181 723 3251 existentiam
758 3189 951 3272 exemptam
982 3183 1026 3248 ab
1048 3181 1209 3248 omnibus

48 3286 132 3356 hisce
148 3287 387 3357 relationibus.
402 3289 502 3359 Hanc
516 3295 630 3358 autem
648 3290 835 3380 superandi
849 3289 951 3357 nulla
967 3287 1094 3377 aptior,
1109 3287 1210 3355 nulla

49 3395 94 3462 rei
114 3397 178 3486 ipsi
194 3395 308 3484 magis
330 3397 473 3486 propria
494 3397 587 3464 ratic
610 3397 805 3486 excogitari
821 3419 920 3486 posse
944 3397 1098 3480 videtur,
1118 3396 1209 3486 quod

51 3501 260 3592 Augustinus
293 3505 408 3594 longis
438 3503 723 3572 meditationibus
752 3509 915 3593 expertus
938 3509 1014 3590 est,
1041 3528 1143 3597 quam
1167 3511 1212 3575 ut

52 3609 146 3678 Deum
168 3612 361 3701 cogitemus
384 3611 570 3690 secundum
594 3609 686 3701 quod
713 3615 768 3678 est
790 3610 931 3679 Veritas
954 3617 990 3680 et
1013 3611 1207 3702 Sapientia.

55 3717 123 3786 «Ne
145 3720 259 3809 igitur
275 3719 375 3812 quasi
391 3719 546 3808 spatiosa
561 3717 804 3807 magnitudine
828 3718 1009 3808 opinemur
1022 3716 1132 3786 Deum
1148 3741 1210 3806 per

55 3833 162 3894 cuncta
183 3827 347 3910 diffundi,
366 3827 425 3896 aed
442 3827 495 3895 its
518 3827 648 3917 potius,
668 3825 761 3894 sicut
776 3831 831 3894 est
853 3847 981 3914 magna
1003 3824 1178 3914 sapientia
1191 3851 1208 3886 n

55 3929 191 4021 August.
216 3957 269 4024 ep.
291 3934 367 4002 187.
386 3934 430 4002 ad
457 3933 612 4002 Darden.
632 3955 662 4001 c.
680 3932 714 4001 4.
734 3956 770 4000 n.
790 3931 845 4001 11.
880 3960 896 3995 c
913 3931 1092 4022 Numquid
1115 3931 1209 3999 enim

57 4037 133 4106 nihil
153 4047 207 4110 est
230 4041 374 4126 veritas,
401 4041 563 4131 qnoniam
586 4061 698 4130 neque
721 4061 783 4129 per
806 4039 909 4106 finita
931 4061 1042 4130 neque
1074 4061 1136 4128 per
1159 4039 1211 4106 in·

58 4142 142 4214 finita
162 4148 316 4216 locorum
333 4148 447 4238 spatia
462 4147 594 4217 diffusa
616 4146 693 4216 est?
709 4147 758 4216 Et
773 4145 933 4216 clamasti
950 4146 991 4213 de
1006 4144 1210 4238 longinquo:

59 4248 143 4321 imno
164 4278 254 4338 vero,
268 4255 345 4344 Ego
368 4279 443 4324 sum
467 4255 529 4346 qui
553 4277 661 4323 sumn
688 4255 741 4324 Id.
756 4253 912 4322 Conless.
928 4253 1012 4324 VH.
1032 4277 1062 4323 c.
1081 4253 1135 4322 10.
1153 4253 1210 4323 Cf.

61 4365 151 4429 contr.
167 4361 307 4452 epistol.
333 4361 530 4432 Manichaei
546 4384 595 4430 cc.
611 4360 734 4430 15-19.

113 4466 157 4535 Π.
180 4468 375 4538 Secundum
398 4469 488 4538 hanc
512 4475 628 4538 autem
651 4467 820 4538 rationem
843 4469 1009 4558 conceptu
1039 4467 1211 4536 immensi·
