3262 5076
552 347 729 410 -tot-

529 553 682 628 seculo
708 555 745 626 V.

339 703 386 756 nn
405 699 625 757 vonunnnnn
644 699 707 754 nm
727 699 932 754 servimen.

532 866 686 936 CAPUT
709 866 740 936 1.

163 1022 204 1064 D!
224 1021 363 1064 urion
381 1017 633 1062 xuuu1en1c1rnn
652 1015 880 1062 n1er1rsuunrsm
899 1019 1112 1064 rosunum

270 1165 272 1170 Ι
366 1103 504 1152 DIVlltss
523 1107 556 1148 IN
576 1105 612 1150 ΒΕ
630 1106 898 1149 sumclssmm.

487 1263 631 1326 THESIS
652 1263 780 1326 XLVII.

224 1392 270 1453 De
291 1393 460 1451 uoluntate
481 1387 544 1450 Dei
564 1387 769 1448 antecedente
790 1395 821 1446 ct
842 1391 1060 1464 consequente.

119 1581 226 1636 ululent
246 1579 348 1632 divine
365 1579 500 1630 voluntas
521 1576 552 1628 in
572 1589 602 1628 ee
624 1589 697 1627 unus
717 1575 758 1627 sit
779 1579 860 1627 ectus
884 1575 1125 1641 simplicissimus,
1141 1576 1223 1629 nobie

66 1677 178 1723 =temen
203 1685 255 1737 pro
273 1667 445 1721 diversitate
470 1667 643 1719 obiectorum
666 1663 701 1718 nd
721 1679 792 1731 ques
813 1665 947 1730 retertur,
970 1681 1040 1731 opus
1060 1669 1105 1718 cet
1127 1664 1223 1718 multl-

65 1782 74 1805 ι
87 1759 150 1827 plici
173 1757 404 1812 consideratione
430 1761 460 1809 et
483 1755 671 1808 distinctione
694 1755 833 1821 rationis5
858 1756 933 1808 circe
957 1757 1135 1808 volontetem
1156 1769 1224 1809 vero

66 1849 257 1914 -eelviflcem,
283 1847 404 1900 menime
426 1846 589 1900 necessario
612 1860 629 1896 e
651 1861 690 1897 ee.
704 1845 840 1898 Patribus
865 1849 894 1898 et
919 1845 1060 1910 theologie
1086 1848 1225 1912 nenrpnte

65 1937 235 1991 =dletluctio
254 1941 300 1990 eet
309 1937 340 1989 iu
351 1938 530 1990 voluntatem
544 1933 747 1986 antecedentem
759 1937 789 1986 et
801 1943 1018 2001 consequentem.
1035 1934 1096 1998 Qus
1110 1934 1141 1988 in
1155 1950 1223 2002 pur-

65 2028 187 2080 ·titione
209 2025 295 2078 lnxte
317 2025 469 2078 eorundem
486 2026 603 2078 Petrum
623 2039 655 2077 no
674 2029 802 2078 veterum
820 2025 1017 2092 theologorum
1037 2025 1223 2078 nominatim·

65 2134 138 2186 1que
154 2119 319 2173 &Tuumne
333 2119 363 2168 et
384 2115 643 2168 S.Bonevcnturne
664 2113 823 2166 doctrinam
844 2115 994 2180 terminus,
1015 2131 1082 2184 pree
1102 2130 1157 2182 quo
1178 2130 1225 2167 vo·

65 2209 181 2262 -sunue
202 2207 333 2261 eelvidce
354 2205 518 2257 antecedens
536 2203 644 2258 dicitnr
665 2205 712 2256 vel
732 2219 909 2271 consequens,
931 2209 977 2257 eet
990 2205 1134 2272 praevisio
1155 2205 1224 2258 libe·

65 2313 178 2352 =rornm
199 2302 315 2352 uctunm
335 2298 491 2362 erecturus,
513 2309 569 2347 non
593 2299 687 2348 eutem
707 2297 773 2347 unte
792 2309 900 2348 omnem
918 2295 1127 2363 preevieionem
1146 2309 1226 2362 pree·

67 2387 208 2442 -eernlte
226 2385 426 2440 menileetetlo
446 2384 581 2438 lustitiee
601 2385 631 2436 et
651 2382 834 2450 pulchritudo
853 2384 1019 2438 volveret.»

120 2593 148 2660 Ι.
173 2591 298 2672 Exiie,
309 2609 397 2681 quee
408 2589 451 2658 de
462 2588 584 2658 divine
596 2585 823 2678 simplicitete
834 2596 871 2658 et
882 2587 924 2656 de
941 2589 1227 2660 distinctionibus
1279 2589 1281 2594 ’

64 2700 201 2770 rationis
218 2697 382 2788 superins
396 2697 635 2764 demonstrate
650 2703 745 2779 sunt,
761 2695 849 2764 setis
865 2701 1003 2764 constet
1019 2701 1055 2783 o)
1070 2697 1226 2766 divinem

63 2806 271 2875 voluntatem
288 2802 421 2892 concipi
435 2824 502 2871 non
519 2823 619 2890 posse
636 2801 735 2870 velut
748 2802 950 2892 potentium,
965 2822 1052 2893 quae
1068 2802 1226 2872 diversos

51 2915 174 2988 ‚eliciet
187 2920 302 2999 ectum
321 2911 381 2979 sed
396 2933 471 2979 esee
488 2931 562 2978 cem
583 2933 690 2980 unum
709 2909 899 2999 simplicem
916 2915 1033 2978 ectum
1048 2909 1226 3000 ipsamque

64 3021 209 3090 divinem
233 3018 420 3087 essentiam
443 3021 631 3106 spectatum
658 3016 722 3082 sub
753 3015 888 3083 ratione
913 3014 1113 3099 volitionis,
1140 3038 1227 3108 quoe

65 3151 118 3218 pro
140 3131 274 3198 obiecto
296 3124 455 3217 principe
479 3131 514 3192 et
529 3125 724 3193 necessario
749 3124 852 3193 hebet
874 3124 986 3214 ipsum
1012 3125 1134 3192 bonum
1151 3123 1226 3192 inii-

65 3238 168 3305 nitum
192 3244 228 3306 et
251 3231 510 3318 essentialem
539 3233 725 3301 bonn'vero
748 3231 830 3317 elie,
850 3241 890 3298 nt
906 3230 990 3313 rint,
1008 3231 1137 3322 absque
1153 3231 1228 3298 ulla

66 3344 114 3411 sni
135 3341 327 3411 mutatione
349 3339 458 3408 libere
480 3339 694 3408 terminetur
718 3339 813 3425 (vide
829 3363 863 3427 p.
878 3337 956 3406 307.
975 3343 1057 3430 eq.).
1084 3338 1228 3408 Constet

67 3449 94 3532 t)
108 3449 246 3518 eandem
263 3446 463 3514 volitionem
481 3445 654 3514 infinitum
667 3446 858 3514 eminenter
870 3445 1090 3536 aequivalere
1107 3446 1228 3516 multis

65 3557 202 3640 notibus,
229 3559 402 3647 quatenns
425 3553 489 3621 ille
517 3575 588 3622 nne
612 3553 823 3622 terminetur
839 3554 882 3623 nd
899 3555 1011 3623 multe
1027 3555 1161 3623 obiectu
1177 3555 1228 3623 di·

68 3685 174 3749 verse,
199 3663 237 3730 in
262 3684 350 3754 qnae
374 3661 539 3730 voluntas
562 3659 664 3728 finita
685 3683 753 3728 non
776 3661 846 3728 nisi
869 3661 1048 3730 distinctis
1064 3661 1227 3729 diversis-

68 3770 272 3860 queuntibus
288 3768 375 3838 ferri
391 3775 516 3858 potest.
529 3767 629 3837 Unde
645 3767 740 3836 siout
751 3771 786 3838 in
799 3768 923 3836 divine
936 3768 1102 3836 volitione
1117 3769 1228 3836 omnis

67 3877 236 3949 dictinctio
260 3877 368 3946 reelie
383 3878 506 3968 negari
524 3877 638 3962 debet,
656 3876 709 3945 ita
723 3877 967 3946 distinctiones
984 3874 1169 3959 virtuales,
1188 3883 1228 3945 nt

69 3986 185 4054 euobis
200 3985 445 4076 inedeeqnetis
461 3986 683 4076 conceptibus
694 3985 925 4074 intelligitur,
941 3981 1134 4052 necessario
1146 3991 1229 4052 sunt

69 4091 291 4163 admittendae
303 4091 399 4178 (vide
412 4115 446 4180 p.
463 4090 570 4179 reu).
586 4089 758 4171 Quemvis
780 4090 895 4178 igitur
911 4087 1149 4156 indubitatum
1166 4089 1226 4174 eit,
1307 4139 1314 4163 .

71 4200 148 4290 qnod
171 4200 273 4268 munt
294 4199 362 4267 PP.
382 4223 459 4268 cnm
477 4198 614 4290 Cyrillo
630 4197 732 4266 Alex.
747 4197 877 4285 dialog.
894 4197 938 4262 V.
954 4195 995 4263 de
1008 4195 1108 4264 Trin.
1126 4195 1167 4264 Τ.
1181 4196 1226 4264 V.

72 4327 100 4390 p.
115 4307 195 4389 tet,
216 4337 233 4372 e
250 4329 317 4375 non
342 4307 544 4376 distinctam
568 4327 641 4374 esse
664 4305 819 4373 divinem
844 4303 1058 4372 voluntatem
1089 4303 1132 4370 eb
1155 4303 1230 4393 ipso

75 4409 143 4496 Deo,
161 4415 270 4506 etqui
291 4413 503 4482 voluntatem
522 4411 628 4494 diuet,
647 4411 755 4500 ipsein
780 4411 898 4479 Petris
921 4432 962 4476 ec
984 4410 1072 4478 Filii
1096 4409 1228 4499 signiti-
