3280 5070
922 387 959 400 -
979 355 1040 418 593
1064 388 1100 402 -

430 457 700 546 salvandorum,
733 459 914 531 dummodo
937 462 1007 553 ipsi
1030 462 1099 531 sibi
1121 484 1190 531 non
1212 462 1351 550 desint;
1376 469 1413 532 et
1434 461 1566 530 adhunc

429 565 530 636 finem
547 567 629 636 dare
652 566 728 639 illis
751 569 887 658 gratias
910 571 1125 639 necessarias
1147 593 1225 640 oum
1247 569 1431 640 voluntate
1444 569 1564 652 sincera

429 681 470 742 ut
501 681 727 766 cooperentur
756 684 793 745 et
822 676 1069 767 ingrediantur
1098 700 1282 748 numerum
1311 677 1413 748 illum
1442 678 1565 746 metum

426 782 618 873 Repugnat
640 783 706 854 hoc
728 785 882 877 inquam;
908 809 947 856 eo
970 787 1061 856 enim
1078 785 1154 878 ipso
1169 786 1261 880 quod
1275 785 1567 856 uumerussslvan·

426 887 548 957 dorum
573 890 609 958 in
634 889 792 958 omuibus
818 899 855 961 et
881 893 1035 982 siugulis
1065 893 1223 985 personis
1253 895 1322 962 ism
1352 891 1568 962 antecedenter

425 995 678 1066 determinatus
700 1004 738 1066 et
760 998 944 1068 conclusus
967 1007 1033 1085 est,
1050 1001 1145 1070 Deus
1164 1023 1232 1070 nou
1256 1001 1337 1070 vult
1359 1006 1402 1070 ut
1423 999 1569 1092 quispim

425 1102 517 1172 alius
540 1105 577 1172 in
599 1103 702 1174 illum
729 1129 910 1176 numerum
939 1107 1174 1198 ingrediatur.
1201 1107 1326 1178 Dicere
1356 1130 1458 1198 ergo,
1480 1107 1568 1174 Deum

424 1212 650 1282 antecedente
674 1212 879 1298 voluntate,
912 1237 982 1307 qua
1009 1239 1191 1286 numerum
1221 1216 1292 1283 iam
1322 1215 1493 1285 conclusit
1516 1235 1569 1280 nm

423 1319 637 1410 augendum,
663 1320 893 1392 nibilominus
916 1323 1027 1409 velle,
1053 1331 1095 1393 ut
1116 1347 1282 1394 numerus
1305 1323 1398 1392 idem
1420 1327 1568 1412 augeatur

422 1428 466 1495 ab
489 1427 648 1497 omnibus
673 1430 730 1514 iis,
757 1453 844 1521 quos
867 1431 904 1498 in
927 1453 967 1500 eo
989 1419 1132 1501 {numero
1148 1454 1218 1500 non
1234 1429 1503 1522 comprehendit,
1517 1428 1569 1496 svi-

423 1535 507 1604 dens
530 1544 586 1606 est
608 1538 853 1608 contradictio.
878 1539 953 1610 Hoc
976 1547 1222 1630 argumentum
1246 1540 1304 1610 vel
1327 1540 1440 1610 solum
1462 1537 1569 1606 sufficit

422 1644 466 1712 ad
489 1643 616 1714 thesim
632 1646 846 1738 propositam
863 1649 1178 1734 demonstrandam,
1203 1656 1241 1718 et
1262 1671 1304 1716 ea
1325 1648 1484 1739 splendet
1496 1645 1566 1728 luce,

422 1757 463 1818 ut
486 1752 665 1823 obscurari
689 1754 788 1824 nullo
808 1755 906 1826 modo
925 1757 1048 1847 possit,
1066 1757 1137 1826 nisi
1160 1755 1218 1827 vel
1240 1763 1465 1848 praepostera
1485 1753 1569 1820 inber

420 1860 618 1950 pretatione
648 1861 847 1934 voluntatis
877 1863 1079 1950 salvificae,
1111 1871 1153 1934 ut
1180 1867 1314 1934 fautum
1340 1870 1396 1934 est
1416 1886 1439 1932 a
1459 1860 1568 1932 Didaco

419 1968 574 2038 Alvaren
598 1976 635 2040 et
657 1971 791 2041 Goneto
807 1973 912 2064 (disp.
928 1974 973 2043 V.
990 1995 1023 2042 a.
1038 1973 1072 2043 2.
1087 1996 1124 2042 n.
1138 1974 1232 2060 58.)‚
1257 1972 1315 2043 vel
1339 1968 1568 2041 assertionibus

419 2076 512 2146 inber
545 2101 581 2147 se
612 2082 873 2170 pugnantibus,
906 2083 943 2152 iu
975 2105 1063 2175 quas
1093 2082 1299 2152 Suarenium
1330 2079 1493 2150 incidisse
1523 2097 1566 2143 su·

418 2202 482 2271 pra
504 2183 777 2272 probatum-est.
806 2187 863 2254 Ad
890 2187 1085 2278 praesentis
1109 2209 1194 2278 ergo
1216 2186 1355 2256 theseos
1377 2185 1567 2254 demonstra·

417 2293 558 2379 tionem,
578 2317 660 2384 prae
682 2295 793 2365 oculis
815 2295 992 2366 habendae
1015 2303 1100 2366 sunt
1121 2295 1240 2366 theses
1262 2294 1457 2386 superiores
1478 2287 1564 2358 mexi-

420 2423 472 2468 me
487 2400 618 2470 XLIX.
633 2403 675 2472 L.
689 2403 765 2472 LV.
779 2403 894 2474 LVII.

483 2507 529 2578 2⁰.
545 2510 588 2578 In
601 2509 798 2600 Scriptus-is
811 2513 847 2596 a)
855 2512 950 2581 Dans
965 2512 1076 2581 vitam
1088 2517 1264 2581 aeternam
1275 2509 1454 2601 promittit
1462 2512 1496 2577 et
1504 2525 1563 2595 pto

416 2617 517 2708 ponit
531 2618 689 2686 omnibus
705 2617 1008 2688 indiscriminatim
1025 2617 1274 2709 assequendam
1290 2624 1332 2687 ut
1347 2637 1500 2686 coronam
1513 2609 1563 2678 sub

416 2724 623 2811 conditione,
638 2725 729 2816 quod
740 2725 898 2815 legitime
910 2724 1146 2812 certaverint;
1165 2729 1208 2793 ut
1222 2723 1381 2794 bravium
1395 2724 1459 2792 sub
1469 2716 1562 2790 condi·

414 2833 522 2918 tione,
548 2833 638 2924 quod
655 2833 878 2904 cucurrerint
893 2857 1004 2926 usque
1018 2834 1063 2903 ad
1079 2839 1205 2903 mamm
1222 2832 1278 2919 (1.
1292 2833 1370 2901 Cor.
1386 2831 1451 2900 IX.
1466 2823 1560 2906 24275

414 2941 448 3010 2.
470 2941 560 3010 Tim.
575 2941 639 3012 IV.
656 2943 678 3010 8
688 2967 696 3032 3
714 2943 747 3011 1.
761 2943 837 3012 Pet.
852 2943 897 3012 V.
915 2943 1077 3034 43Apoc.
1097 2942 1147 3011 11.
1162 2943 1195 3011 7.
1210 2941 1274 3028 ἳθς
1291 2941 1360 3009 III.
1374 2940 1444 3028 5.);
1461 2941 1499 3006 ut
1517 2932 1561 3001 be

414 3049 609 3136 reditatam,
635 3072 723 3142 ques
739 3049 845 3118 simul
861 3051 910 3120 sit
927 3073 1057 3120 merces
1072 3071 1140 3118 uon
1155 3048 1326 3141 promissa
1340 3047 1411 3117 nisi
1427 3047 1487 3116 sub
1500 3065 1560 3112 cou-

413 3157 558 3244 ditioue,
584 3159 674 3250 quod
697 3157 837 3228 Christo
861 3157 1130 3249 compatiantur,
1156 3163 1197 3226 ut
1219 3162 1255 3225 et
1278 3153 1561 3246 conglorificemur

413 3265 534 3353 (Rom.
552 3264 655 3336 vm.
680 3265 742 3354 173
765 3265 893 3335 Matth.
916 3265 961 3334 V.
984 3267 1077 3354 12.);
1107 3265 1260 3357 haecque
1283 3263 1559 3355 proponmmret

414 3371 671 3462 promittuntur
693 3395 755 3464 par
777 3373 914 3442 modum
937 3371 1201 3458 cohortationis,
1229 3377 1272 3440 ut
1290 3392 1409 3440 omnes
1434 3369 1556 3444 oerbub

414 3484 571 3565 current,
597 3481 866 3572 compatiantur,
893 3485 929 3550 et
952 3481 1004 3550 sio
1026 3481 1071 3549 ed
1095 3503 1267 3566 coronam,
1284 3478 1330 3548 ed
1347 3477 1510 3558 bravium,
1523 3468 1557 3538 od

414 3585 769 3678 conglorificationem
792 3589 1015 3673 contendant,
1040 3587 1179 3657 nonnisi
1202 3589 1268 3656 sub
1293 3585 1360 3656 hac
1385 3581 1556 3656 conditione

413 3697 598 3786 repositam
621 3719 682 3766 sau
701 3698 745 3766 ab
760 3704 899 3767 aeterno
915 3697 1126 3768 destinatam
1141 3696 1204 3784 (l).
1222 3695 1417 3786 tetigitur
1431 3692 1553 3768 olorum,

474 3909 518 3986 (1)
538 3913 618 3979 «Qut
638 3915 670 3968 in
690 3914 784 3970 stadio
802 3921 931 3984 annunt,
946 3931 1042 3970 onnes
1062 3914 1316 3984 quidemcurrunt,
1328 3915 1375 3968 sed
1385 3931 1456 3968 ιιιιιιι
1472 3905 1554 3974 coepit

413 4004 551 4058 eraeicm:
568 4005 609 4058 sie
629 4005 744 4072 currite,
763 4013 795 4059 ιιι
814 4005 1061 4074 comprehendatis.
1084 4005 1183 4060 Omnis
1202 4008 1296 4059 auten
1308 4005 1359 4073 qui
1371 4005 1403 4058 iu
1414 4011 1551 4070 quaecuu-

411 4093 518 4160 tendit,
538 4096 573 4150 sb
592 4097 722 4152 omuibus
742 4112 772 4152 ss
795 4097 932 4164 abstinet;
948 4101 978 4151 et
989 4098 1038 4152 illi
1052 4095 1166 4165 quidem
1179 4095 1434 4164 utcorruptibilern
1446 4101 1551 4147 eorem

411 4181 562 4252 accipiant,
580 4200 632 4239 nas
649 4191 744 4240 auten
763 4186 966 4254 incomptum.
980 4187 1040 4254 Ego
1058 4188 1152 4254 igitur
1161 4187 1201 4241 sic
1218 4202 1335 4243 cano...
1347 4185 1388 4238 cie
1395 4191 1550 4252 papea-du

405 4271 487 4339 som
499 4288 559 4326 οιιιιι
572 4275 639 4328 aliis
647 4275 947 4346 praedicasse-infimas
955 4278 1088 4344 reprobus
1100 4277 1211 4345 effletur
1222 4298 1236 4326 ι
1251 4277 1278 4330 1.
1291 4274 1355 4330 Gor.
1369 4277 1391 4329 1.
1403 4290 1426 4330 a
1441 4272 1549 4325 «Bonum

408 4368 551 4420 commen
573 4369 748 4422 ceruchis
775 4367 886 4435 reliquo
909 4367 1031 4436 reposita
1055 4377 1094 4422 u
1111 4368 1185 4422 scias·
1206 4383 1311 4422 eorem
1335 4367 1467 4429 emisa,
1482 4370 1546 4428 aas!

409 4453 509 4508 reddet
526 4456 597 4510 milri
607 4457 744 4512 Dominus
757 4457 788 4511 in
803 4457 858 4511 ills
868 4455 1032 4530 die‚[iustus
1045 4457 1141 4526 iudcx;
1156 4474 1212 4512 uon
1224 4460 1315 4514 solun
1328 4461 1421 4514 auten
1430 4452 1499 4518 nibb
1508 4443 1545 4501 'd
