3280 5070
567 419 749 483 -ele-

55 517 175 586 elteri
186 522 449 614 consequendum
460 548 520 612 per
533 524 677 592 liberam
689 528 955 615 cooperationem
971 527 1183 592 meritoriam
1195 525 1245 612 (1)

54 626 198 710 (oblato
221 633 338 698 tamen
361 637 398 701 et
421 632 592 722 praestito
615 655 677 701 suo
701 631 905 720 adiutorio),
932 638 969 700 et
990 654 1011 699 a
1035 654 1071 700 se
1095 631 1246 700 dandum

55 735 94 800 in
115 738 316 824 proemium
334 741 549 828 promerito.
568 739 643 810 Hoc
658 739 768 824 modo,
789 740 819 808 si
837 761 948 810 sermo
973 740 1022 808 sit
1037 739 1078 808 de
1095 739 1244 824 homine,

52 861 127 910 non
155 841 269 912 solum
300 866 369 914 non
399 867 537 916 necesse
569 853 624 916 est
647 845 708 915 sed
732 846 837 915 etiam
868 853 923 916 est
949 846 1180 936 impossibile,
1206 851 1249 914 ut

50 949 252 1037 praecedat
267 953 429 1022 absoluta
445 954 596 1025 intentio
612 955 695 1024 linis
717 961 799 1026 ante
816 955 1089 1046 suppositionem
1112 954 1245 1024 meriti.

54 1056 96 1126 Si
122 1057 225 1128 Deus
247 1059 354 1130 telem
372 1063 475 1132 finem
492 1064 689 1134 formaliter
705 1071 883 1156 tamquam
900 1065 1091 1156 praemium
1109 1065 1248 1134 merito·

54 1187 139 1236 rum
158 1170 413 1262 assequendum
430 1173 647 1263 praestituat
662 1180 844 1242 creaturae
860 1173 1002 1259 liberae,
1023 1179 1116 1244 certe
1131 1196 1248 1242 rerum

56 1273 184 1346 ordini
207 1279 472 1350 convenientius
495 1285 641 1372 apparet
657 1281 842 1374 (quidquid
859 1282 908 1350 sit
923 1283 964 1350 de
988 1281 1149 1351 absoluta
1172 1305 1248 1372 pos·

57 1383 269 1474 nihilitate),
288 1394 329 1457 ut
350 1391 542 1480 praemium
566 1414 634 1460 non
650 1393 909 1482 praestituatur
937 1391 1129 1461 intentione
1152 1392 1248 1460 abso·

56 1491 142 1562 luta
168 1495 240 1566 nisi
270 1499 450 1588 supposito
479 1499 590 1569 libero
613 1501 756 1588 marit03
782 1501 919 1569 omnino
950 1499 1132 1569 evidenter
1161 1499 1249 1568 talis

59 1603 228 1672 absoluto
251 1605 402 1676 intentio
426 1608 573 1698 praemii
596 1610 841 1680 antecedenter
857 1609 902 1677 ad
919 1609 1190 1700 suppositionem
1214 1615 1250 1677 et

57 1711 322 1800 praevisionem
339 1715 457 1784 meriti
480 1715 678 1786 necessaria
700 1721 850 1786 nonest.
869 1716 969 1786 Unde
985 1715 1050 1785 hoo
1065 1736 1248 1804 argumen-

58 1827 139 1888 tum
158 1819 305 1892 ductum
320 1845 363 1891 ex
379 1823 499 1892 ordine
516 1824 706 1894 mediorum
722 1825 885 1894 adfinem
902 1823 971 1909 vel,
990 1824 1021 1892 si
1038 1823 1120 1916 quid
1138 1821 1246 1906 valet,

59 1929 193 2018 probat
215 1931 447 2018 contrarium,
473 1937 510 2000 et
531 1939 647 2022 potest
676 1932 873 2026 retorqueri
903 1933 942 2002 iu
966 1955 1047 2001 suos
1069 1935 1246 2018 auctores;

61 2037 121 2106 vel
137 2037 234 2107 nihil
257 2039 394 2108 omnino
410 2042 546 2130 probat.
565 2041 728 2112 Retcrsio
752 2064 834 2112 sane
862 2066 931 2111 non
953 2043 1147 2111 recusanda
1165 2040 1252 2109 haee

60 2151 130 2214 est.
160 2145 231 2227 Qui
255 2147 515 2218 ordinatissime
538 2149 619 2218 vult
642 2149 744 2230 linem
761 2149 867 2218 alteri
878 2149 1083 2237 formaliter
1098 2163 1137 2214 ot
1146 2169 1248 2236 proe-

60 2254 172 2320 mium
190 2277 257 2344 peo
280 2255 401 2324 literis
423 2259 569 2340 meritis,
587 2279 656 2326 non
672 2257 800 2327 vultui
817 2258 911 2328 hunc
934 2257 1036 2325 finem
1055 2256 1249 2325 intentione

63 2361 229 2432 absoluto
260 2364 331 2434 uisi
362 2364 554 2457 suppositis
583 2365 733 2436 meritis.
759 2365 827 2434 Sed
861 2366 957 2434 Deus
988 2365 1250 2434 ordinatissime

63 2547 105 2604 tie
126 2551 159 2603 et
175 2549 291 2604 infinite
310 2550 462 2618 rapinatim
483 2565 547 2604 nam
567 2547 745 2604 homoinem
758 2551 847 2603 etiam
870 2546 973 2602 mediis
992 2549 1100 2616 absque
1118 2548 1249 2612 respectu

65 2635 101 2690 ad
122 2640 353 2707 cooperationem
368 2638 491 2693 alterius
504 2637 712 2706 assequendum
724 2641 821 2708 potest
839 2635 989 2691 intendere
1007 2636 1056 2690 rut
1071 2633 1247 2700 conditione,

65 2727 92 2780 ri
111 2731 195 2782 carta
213 2728 351 2797 quaedam
370 2728 464 2783 media
482 2729 636 2783 sufficiant.

139 2816 183 2891 (1)
201 2817 232 2873 Sl
246 2821 350 2873 merita
361 2821 456 2888 placet
467 2820 614 2888 appellere
627 2819 719 2872 medic
729 2818 767 2872 od
780 2820 865 2872 eitam
879 2827 1030 2884 oeternum,
1046 2833 1096 2886 per
1110 2833 1151 2870 me
1166 2815 1246 2883 licem

66 2905 220 2963 dummodo
233 2914 329 2964 maren
342 2910 442 2979 aliqua
455 2909 735 2964 animadvertentur.
751 2910 895 2978 Imprimis
909 2925 966 2963 non
980 2914 1048 2964 sunt
1060 2910 1154 2962 medio
1166 2909 1251 2964 adhi-

66 2992 164 3048 benda
182 2995 240 3050 Deo
253 2997 327 3051 oltra
340 3000 500 3064 respectum
513 2995 549 3050 ad
562 2996 683 3050 liberam
696 2995 821 3050 bominis
835 2997 1023 3064 voluntatem,
1039 3011 1100 3050 cum
1116 2999 1250 3052 meritum

67 3083 111 3138 ait
130 3085 261 3154 dipmitos
281 3085 319 3138 od
327 3087 484 3152 proemium
497 3086 642 3156 acquisita
654 3100 705 3154 per
722 3101 807 3154 opera
821 3087 895 3140 bone
907 3085 998 3139 libero
1012 3086 1090 3140 laeta
1103 3087 1156 3140 sub
1169 3087 1250 3141 adiu·

67 3177 146 3229 torio
165 3177 288 3244 gratiae.
308 3175 417 3231 Delnde
436 3173 556 3228 medium
569 3189 655 3229 sensu
668 3175 784 3244 proprio
798 3174 906 3229 dietum
919 3190 975 3228 nou
988 3175 1076 3230 habet
1090 3176 1250 3233 bonitatem

68 3279 121 3331 per
140 3281 170 3320 ee
181 3305 188 3334 ‚
209 3265 259 3320 aed
278 3269 324 3319 est
341 3264 502 3333 appetibile
522 3267 636 3318 tentum
655 3263 767 3318 ratione
786 3263 870 3330 finis;
891 3249 1060 3318 actusboni
1080 3274 1249 3334 supernata·

68 3355 148 3409 rates
166 3357 198 3408 et
215 3354 349 3409 meritum
368 3355 587 3423 supernaturale
605 3352 715 3406 habent
727 3353 884 3406 bonitatem
894 3353 926 3405 tn
941 3368 981 3406 se.
996 3351 1069 3408 Saue
1080 3355 1251 3420 glorificatio

68 3445 124 3501 Del
143 3450 176 3503 in
195 3447 310 3502 visione
329 3445 460 3501 beatifica
478 3449 627 3500 creaturae
645 3444 800 3499 rationalis
819 3447 865 3498 est
885 3443 999 3511 quidem
1018 3446 1112 3512 gloria
1130 3448 1183 3503 Dei
1203 3464 1251 3504 ex·

71 3535 209 3604 trinseca,
231 3549 363 3603 suprema
375 3538 406 3588 et
422 3533 552 3587 finaliter
571 3532 698 3598 intenta;
720 3530 910 3585 nihilominus
924 3531 1011 3585 etiam
1030 3548 1083 3601 per
1104 3540 1184 3588 aetus
1198 3551 1251 3590 me·

72 3620 191 3676 ritorios
211 3621 449 3689 supernaturales
468 3620 500 3672 in
520 3634 549 3673 se
568 3620 711 3687 spectatos
726 3617 802 3671 Deus
821 3617 1009 3686 glorificatur,
1031 3635 1115 3688 quam
1129 3623 1249 3687 gloriam

71 3709 147 3765 Deus
167 3710 275 3766 directe
294 3709 425 3764 intendit
444 3710 531 3764 etiarn
549 3709 727 3778 praecisione
740 3707 817 3761 tecta
830 3707 866 3762 ab
879 3707 934 3762 illa
947 3709 1155 3775 glorificatione
1169 3711 1251 3764 finali

72 3799 103 3853 lu
122 3801 235 3856 risione
254 3800 397 3861 beatifica.
417 3799 510 3868 Opera
529 3801 559 3854 et
577 3799 681 3853 merita
700 3799 935 3867 supernaturalia
949 3803 1017 3852 sunt
1030 3815 1115 3854 causa
1132 3801 1249 3855 moralis

72 3893 102 3942 et
120 3891 268 3946 merltoria
287 3891 394 3946 salutis
413 3895 565 3958 aeternam
588 3891 614 3945 st
633 3905 700 3957 ergo
721 3905 818 3944 omues
836 3905 938 3943 causae
961 3889 1125 3942 meritoriae
1145 3889 1250 3942 salatia

74 3975 208 4036 dicuntur
225 3981 319 4037 media
338 3981 375 4036 ad
394 3983 526 4050 salutem,
549 3982 635 4036 etiam
653 3981 759 4035 merita
778 3979 890 4034 christi
909 3980 1004 4048 ipsius
1018 3979 1109 4047 primo
1127 3979 1187 4032 loco
1208 3976 1250 4030 di·

73 4068 161 4124 cauda
178 4075 247 4125 runt
268 4071 362 4126 media
381 4071 417 4126 ad
435 4077 561 4127 nostram
581 4071 713 4126 salntem.
733 4069 773 4124 At
791 4069 866 4122 Dona
886 4083 942 4122 non
962 4081 1031 4122 eane
1060 4068 1189 4121 absoluto
1206 4066 1251 4121 in·

75 4159 203 4214 tentione
222 4163 313 4231 primo
333 4165 400 4218 uult
418 4165 540 4218 salutem
560 4164 729 4228 electorum,
751 4162 781 4212 et
800 4157 903 4212 deinde
922 4159 1026 4212 merita
1050 4157 1161 4212 christi
1180 4161 1249 4211 tam·

76 4261 158 4314 quam
177 4251 270 4306 media
289 4251 324 4306 ad
344 4254 428 4307 illum
447 4252 549 4320 finem
570 4251 621 4306 sed
640 4251 740 4306 ordine
758 4250 875 4303 inverso
894 4255 1011 4317 propter
1023 4249 1125 4302 merita
1139 4245 1251 4301 Christi

75 4333 234 4394 Salvatoris
253 4342 320 4394 vult
339 4343 464 4396 salutem
482 4342 646 4396 electorum.
668 4339 745 4403 uuae
764 4337 840 4392 ratio
859 4337 1106 4404 circumdaretur,
1121 4337 1168 4391 rel
1188 4337 1251 4390 sola

78 4428 178 4484 sufficit
191 4427 227 4483 ad
239 4427 427 4497 detegendum
439 4431 585 4499 sophisma
597 4430 628 4482 in
643 4429 696 4482 illo
707 4427 850 4496 principio
862 4426 1108 4482 adversariorum:
1122 4423 1249 4479 intentio

78 4510 233 4594 (absoluta)
251 4521 320 4576 tuis
337 4525 382 4578 eat
392 4521 472 4592 prior
490 4519 654 4576 intentione
674 4517 839 4574 mediorum.
