3240 5064
924 389 961 404 -
984 357 1046 418 244
1068 389 1105 404 -

428 469 653 560 (dePrincip.
671 467 697 535 l.
712 467 742 534 Ι.
756 489 788 535 o.
806 466 836 536 l.
853 489 887 534 n.
906 465 957 550 8.)
974 465 1018 534 ad
1034 463 1341 534 demonstrandum
1357 464 1424 532 Dei
1441 467 1585 532 netumu

427 603 496 650 non
520 599 718 667 corpoream
741 575 800 644 sed
816 597 908 644 mere
932 573 1155 664 spiritualem
1178 595 1254 642 esse
1269 573 1335 658 ait,
1355 595 1427 641 eno
1443 571 1512 662 ipsi
1525 571 1586 662 qui·

429 689 505 758 dem
529 685 713 775 unigenito
729 683 900 750 visibilem
915 704 990 751 esse
1006 687 1170 751 naturam
1186 683 1264 766 Dei,
1283 703 1371 774 quae
1391 679 1588 750 naturaliter

430 793 621 863 invisibilis
643 797 731 861 este
758 790 821 880 (1).
847 790 1014 862 Deelacat
1037 813 1120 859 vero
1144 791 1208 859 iia:
1229 820 1246 855 c
1267 790 1366 859 aliud
1388 795 1446 858 est
1468 786 1587 864 nidere,

431 899 529 969 eliud
554 921 749 989 cognoscere
756 923 769 981 ,·
792 897 908 965 videre
937 921 1112 986 corporum
1135 921 1188 964 reo
1212 913 1281 980 ese,
1307 897 1472 988 cognosci
1495 901 1529 964 et
1547 917 1589 962 co

430 1030 595 1100 gnoscere
611 1005 864 1075 intellectualis
879 1012 1028 1076 naturae
1044 1013 1140 1075 est...
1160 1005 1333 1099 quidquid
1349 1007 1446 1074 iuter
1460 1011 1590 1072 naturus

431 1137 612 1206 corporeas
634 1113 749 1182 videre·
770 1120 807 1182 et
829 1111 944 1182 videre
966 1113 1108 1199 dicitur,
1135 1114 1200 1184 hoc
1222 1113 1319 1184 inter
1334 1115 1478 1182 Patrem
1493 1118 1528 1180 et
1539 1110 1590 1178 Fi·

431 1226 519 1294 lium
543 1246 737 1313 cognoscere
760 1223 891 1293 dieitur
913 1231 949 1292 et
972 1225 1139 1313 cognosci,
1158 1246 1219 1314 per
1242 1223 1415 1292 virtutem
1439 1209 1606 1290 scientiae

430 1354 498 1399 non
523 1352 583 1420 por
606 1328 831 1399 visibilitatis
855 1328 1090 1418 fragilitatem
1105 1355 1135 1398 o.

497 1437 571 1507 Hoc
594 1459 698 1506 sensu
720 1435 991 1526 Chrysostomus
1013 1437 1050 1505 in
1074 1437 1125 1506 Io.
1141 1437 1232 1506 bom.
1246 1436 1327 1506 XV.
1344 1459 1380 1504 n.
1392 1436 1426 1505 l.
1445 1433 1591 1526 superius

432 1547 541 1618 citata
563 1545 695 1614 Filium
724 1565 831 1637 aeque
861 1565 901 1614 ac
925 1545 1065 1613 Patrem
1096 1551 1176 1614 ante
1208 1545 1489 1614 incarnationem
1518 1541 1591 1632 ipsis

432 1653 569 1744 angelis
592 1655 722 1720 natust
738 1651 948 1720 invisibilem
975 1652 1085 1720 fuisse
1107 1652 1207 1720 docet
1223 1657 1345 1721 contra
1360 1650 1527 1734 Arianos,
1543 1648 1591 1740 qni

432 1763 510 1832 ideo
525 1759 756 1850 theophanias
772 1759 817 1828 V.
833 1759 875 1828 Τ.
891 1760 958 1830 soli
974 1759 1068 1828 Filio
1083 1760 1299 1845 tribuebant,
1318 1761 1403 1852 quia
1416 1760 1531 1851 ipsum
1545 1781 1592 1824 ne·

431 1877 515 1940 tura
532 1889 597 1937 sua
612 1867 799 1953 visibilem,
811 1867 923 1936 solum
940 1891 1023 1938 vero
1035 1869 1173 1936 Patrem
1190 1868 1404 1937 invisibilem
1420 1868 1589 1959 putabant
1606 1879 1607 1898 *

431 1977 548 2046 Filius
572 1981 686 2044 autem
711 1977 911 2043 incarnatas
935 1999 1002 2046 nou
1027 1975 1064 2044 in
1087 1975 1211 2045 divine
1234 1976 1347 2045 sedin
1366 1999 1432 2045 sne
1455 1977 1592 2043 humans

431 2091 560 2154 natura
583 2084 699 2152 factus
722 2087 777 2151 est
799 2084 966 2153 visibilis.
993 2113 1010 2148 u
1034 2083 1270 2152 Manifestatio
1293 2105 1355 2175 per
1378 2106 1516 2152 carnem
1536 2101 1590 2147 non

431 2191 621 2261 secundum
637 2189 821 2258 essentiam
833 2191 1018 2278 (divinam)
1032 2191 1127 2260 facte
1142 2195 1209 2259 est:
1224 2191 1396 2282 siquidem
1412 2187 1591 2283 ipsumlFi·

431 2299 534 2384 lium)
550 2297 767 2366 invisibilem
784 2320 858 2368 esse
874 2323 942 2368 non
958 2299 1057 2368 modo
1073 2298 1272 2368 hominibus
1289 2299 1349 2368 sed
1365 2298 1473 2368 etiam
1490 2319 1589 2387 snper·

432 2407 489 2476 nis
506 2405 715 2489 virtutibus,
734 2405 888 2475 ostendit
900 2407 1045 2475 Paulus.
1063 2406 1149 2476 Cum
1175 2405 1266 2475 enim
1282 2406 1444 2475 dixisset:
1464 2403 1590 2474 manile

433 2521 550 2586 status
562 2513 665 2582 estin
678 2533 792 2600 carno;
804 2513 973 2584 subdidit:
988 2518 1081 2583 visere
1093 2528 1141 2582 est
1153 2512 1588 2604 angelis(1.'l¹im.IH.lb.).

433 2625 558 2716 Itaque
581 2625 666 2690 tunc
689 2620 826 2710 angelis
849 2625 941 2688 visos
971 2637 1039 2706 eet,
1065 2645 1143 2692 cum
1175 2645 1313 2692 carnem
1337 2623 1480 2709 induit;
1505 2625 1608 2689 entes¹

433 2737 651 2799 autemeam
674 2753 739 2794 non
765 2731 819 2794 ita
848 2731 1010 2798 videbant
1036 2729 1104 2818 (ὸυχ
1125 2728 1220 2822 inpos
1245 2725 1334 2794 ἀυτον
1355 2727 1473 2815 ὄντως),
1499 2725 1589 2818 siqui·

433 2837 509 2905 dem
532 2833 638 2903 etiam
663 2835 748 2924 ipsis
771 2835 924 2904 essentia
946 2843 1023 2904 eret
1047 2835 1249 2904 invisibilis.
1271 2862 1288 2896 n

499 2943 573 3012 Hoc
597 2942 746 3012 fortasse
770 2943 868 3012 modo
885 2943 1123 3014 Theodoretus
1145 2943 1291 3034 (dialog.
1310 2942 1587 3022 dolocomae),

433 3052 534 3124 ouius
557 3051 665 3119 verba
688 3071 793 3140 snpra
816 3075 850 3141 p.
869 3051 946 3120 186.
966 3052 1089 3136 citavi,
1115 3051 1272 3142 intelligi
1295 3057 1413 3142 posset
1434 3049 1588 3141 accepisse

431 3161 594 3226 visionem
617 3179 678 3248 pro
702 3157 836 3228 visione
860 3159 911 3228 rei
934 3159 1139 3243 sensibilis,
1166 3159 1305 3250 quaudo
1328 3159 1434 3244 dixit,
1461 3156 1587 3249 angelos

433 3267 552 3336 videre
575 3287 642 3333 non
671 3265 826 3334 divinam
863 3267 1047 3336 essentiam
1075 3267 1134 3336 sad
1165 3267 1337 3359 quandam
1363 3267 1430 3337 Dei
1456 3265 1587 3358 glorian

437 3367 538 3462 (δοξαν
551 3367 645 3458 τινα).

492 3479 533 3546 In
546 3478 640 3547 huuc
652 3501 789 3547 sensum
805 3485 952 3568 negatae
966 3479 1113 3549 visionis
1130 3502 1311 3571 corporeae
1328 3481 1365 3550 S.
1377 3479 1587 3570 Augustinus

433 3593 501 3678 (ep.
519 3586 595 3654 148.
611 3585 658 3655 al.
671 3586 746 3654 111.
757 3611 792 3654 n.
804 3588 900 3675 7-8.)
915 3589 1109 3678 explicavit
1125 3591 1231 3658 verba
1245 3589 1282 3658 S.
1293 3589 1512 3680 Hieronymi.
1526 3585 1586 3656 Tri·

434 3695 513 3786 plex
530 3693 648 3763 adfert
662 3693 870 3784 Hieronymi
881 3695 1131 3763 testimonium.
1149 3696 1304 3762 Primum
1318 3695 1372 3764 ita
1389 3697 1505 3765 habat:
1525 3689 1586 3758 evi·

435 3803 515 3872 dere
528 3803 638 3870 Deum
652 3801 745 3870 siout
756 3808 810 3870 est
821 3801 858 3868 in
872 3807 1002 3870 natura
1019 3825 1083 3870 sna
1099 3801 1221 3871 oculus
1237 3802 1386 3871 hominis
1396 3825 1465 3870 non
1477 3803 1583 3893 potest

433 3911 629 3980 nouaclum
651 3910 763 3996 bomo,
789 3933 851 3980 neo
875 3910 990 3999 angeli
1015 3933 1077 3980 nec
1100 3911 1219 3980 throni
1243 3933 1305 3980 noc
1328 3917 1519 4002 potestates
1539 3927 1586 3976 nee

435 4017 685 4088 dominationes
700 4039 763 4088 nec
779 4039 875 4086 omne
892 4039 1026 4102 nomen,
1044 4016 1134 4108 quod
1158 4017 1371 4086 nominatur:
1389 4012 1584 4109 nequeenim

434 4132 595 4196 creatura
618 4131 733 4215 potest
750 4125 905 4216 aspicere
929 4133 1117 4196 creatorem
1134 4147 1248 4194 suum.
1266 4151 1281 4187 n
1299 4124 1466 4215 Explicat
1482 4123 1585 4210 Augu·

500 4361 542 4436 (1)
561 4363 633 4418 Vide
654 4363 688 4418 de
710 4365 762 4419 hoc
780 4366 840 4419 loco
861 4365 980 4420 Helloix
1002 4313 1581 4433 origennerens.1.1v.q.4.p.ava.ss·

435 4455 536 4510 Hnetii
554 4455 719 4524 origenico.
734 4455 806 4510 l.11.
820 4471 847 4524 q.
866 4457 891 4512 ι.
906 4471 935 4512 u.
951 4455 1050 4510 17-20.
