3262 5076
890 377 928 392 -
949 343 1009 405 404
1032 375 1070 390 ..

397 457 440 522 ut
460 451 562 520 tieret
583 451 648 521 snb
669 449 858 541 hypothesi
874 457 976 522 notus
1001 447 1247 543 inseparabilis
1262 469 1284 518 e
1299 447 1486 540 pravitate
1500 469 1569 540 pso·

397 559 482 644 eati,
508 580 611 650 qnam
634 565 834 648 repugnant
855 559 1099 629 antecedentia
1114 557 1323 648 simpliciter
1337 556 1507 625 ebsolnte
1521 555 1571 625 de-
1615 590 1620 601 ·

396 670 493 736 arete
504 665 549 733 ad
562 665 858 756 praedefiniendos
869 673 970 736 aotns
982 665 1261 758 inseparabilesa
1272 665 1411 734 ratione
1425 665 1569 754 peremi.
1626 699 1627 738 t

396 769 471 840 Iam
488 794 571 840 vero
586 773 709 842 Patres
727 772 929 865 plerumque
941 773 983 842 de
993 772 1060 842 heo
1071 772 1185 842 media
1200 770 1350 840 seientia
1365 771 1437 839 Dei
1449 779 1569 861 egunt,
1611 776 1619 849 ἑ

397 885 569 973 quatenns
586 879 690 948 habet
706 901 768 970 pro
787 880 933 948 termino
960 887 1115 971 peeoeta,
1133 901 1222 972 ques
1237 878 1303 946 sub
1324 877 1453 968 eliqua
1469 878 1572 969 hypo
1610 917 1627 979 ¹,

397 986 491 1058 thasi
522 987 833 1057 committerentur.
865 988 1012 1059 Omnino
1045 1011 1130 1078 ergo
1156 987 1343 1057 tenendum
1376 995 1458 1070 est,
1490 989 1575 1056 eitre
1609 992 1627 1062 Ι,

396 1094 597 1166 huiusmodi
608 1095 748 1164 deorete
760 1095 838 1164 dari
850 1095 1005 1189 aliquam
1017 1095 1199 1166 seientiam
1211 1095 1402 1165 liberorum
1415 1101 1571 1178 artuum,
1609 1122 1628 1175 ς,

397 1204 458 1298 qui
481 1203 545 1271 sub
560 1203 757 1273 conditione
774 1205 902 1274 forent.
921 1205 1021 1288 Quod
1048 1205 1079 1274 si
1095 1203 1349 1275 eoncedendum
1363 1211 1435 1288 est,
1455 1204 1530 1272 iam
1542 1203 1573 1271 in
1609 1196 1628 1282 ³]

398 1309 555 1378 omnibns
578 1309 716 1378 antibus
739 1311 804 1378 suh
826 1311 1025 1380 conditione
1048 1311 1184 1380 tuturis
1206 1311 1324 1380 eedem
1339 1317 1394 1380 est
1409 1311 1513 1380 ratio
1527 1331 1575 1380 oo·
1610 1344 1628 1387 ς.

398 1414 674 1508 gnosoihilitatis
697 1416 735 1484 in
758 1439 795 1485 se
817 1417 915 1508 ipsis.
1610 1406 1615 1443 ¹

466 1525 501 1614 t)
521 1507 723 1593 Uni'versim
747 1525 948 1596 huiusmodi
976 1525 1116 1596 deorete
1145 1524 1304 1594 ebsolute
1330 1524 1576 1596 enteoedentia
1610 1538 1628 1606 ²,

397 1640 434 1706 et
450 1631 734 1724 praedefinientie
747 1637 863 1702 aetum
880 1633 1028 1702 liberum
1040 1639 1240 1724 repugnent
1249 1656 1292 1702 ex
1304 1641 1403 1724 purte
1416 1635 1573 1716 termini,
1626 1677 1629 1716 3

399 1743 483 1838 quia
505 1749 606 1810 uetus
630 1741 691 1832 qui
714 1741 847 1811 dieitur
869 1741 970 1826 liber,
988 1743 1058 1811 iam
1080 1742 1171 1812 liber
1184 1765 1252 1812 nou
1278 1749 1382 1812 esset.
1400 1740 1575 1812 Preedeh·
1628 1787 1629 1826 3

398 1849 551 1920 mitiores
573 1849 664 1918 enim
688 1849 887 1922 huiusmodi
917 1851 1125 1942 simplieiter
1149 1873 1280 1920 omnem
1304 1849 1575 1940 praescientiam
1611 1884 1616 1893 ·

398 1963 436 2027 et
457 1956 638 2026 erientiam
662 1957 978 2027 conditionatornm
1007 1957 1251 2028 euteoedentes
1275 1957 1475 2026 ueeesserio
1500 1979 1574 2024 eou-

399 2065 557 2136 stitount
578 2064 616 2132 in
638 2071 721 2134 eotu
744 2065 856 2155 primo
878 2068 1034 2156 proximo
1061 2071 1200 2136 oreatus
1223 2064 1423 2136 voluntetis
1437 2063 1575 2158 aliquid
1629 2113 1630 2120 κ

398 2172 639 2255 intrinsecum,
653 2171 712 2240 eui
727 2171 885 2241 absolute
899 2179 1083 2263 repugnet,
1101 2178 1143 2242 ut
1158 2171 1324 2242 volentes
1339 2177 1461 2242 eotnm
1477 2195 1573 2262 pree

399 2279 579 2350 definitum
603 2301 671 2347 nou
693 2277 826 2367 elioiut3
844 2278 909 2350 hoo
931 2289 1049 2350 antem
1073 2281 1187 2372 posito
1208 2279 1351 2350 tollitur
1373 2279 1574 2352 voluntatis

400 2386 640 2458 indifferentia
654 2387 774 2456 aetina
790 2387 835 2456 sd
851 2386 1060 2457 utrumlibet
1074 2387 1112 2456 iu
1127 2393 1211 2458 eotu
1228 2389 1352 2479 primo,
1366 2391 1475 2479 etque
1490 2389 1574 2458 adeo

398 2493 600 2566 excluditur
617 2494 763 2564 libertae
778 2495 822 2564 ed
838 2501 954 2566 notum
971 2495 1171 2567 meandum.
1192 2495 1281 2564 Tum
1302 2497 1572 2586 repugnantiam

400 2603 700 2695 praedefinitionis
715 2611 855 2674 setnum
868 2603 1152 2694 inseparabilium
1164 2625 1186 2672 a
1198 2604 1333 2672 retione
1350 2604 1486 2693 peooeti
1500 2612 1572 2672 tum
1613 2598 1619 2637 ⁵

399 2711 632 2784 exolnsiouem
654 2710 843 2795 libertatis,
866 2712 897 2780 si
920 2717 1126 2781 statuentur
1148 2710 1456 2803 praedefinitiones
1478 2712 1572 2780 ehso

398 2819 476 2889 lnte
497 2818 742 2888 antecedentes
764 2817 945 2888 seientiam
970 2817 1297 2903 conditionatorum,
1316 2819 1499 2909 prohetem
1513 2818 1570 2886 ha·

400 2927 459 2995 hes
482 2925 519 2994 in
541 2923 635 2994 thesi
658 2931 919 2994 commemorata
941 2923 1076 2994 XLIII.

467 3031 670 3123 o)Ch1·istus
680 3033 849 3102 Dominus
860 3035 1048 3122 exprobret
1059 3033 1229 3104 Galileeis
1240 3033 1569 3106 monumento·

400 3140 648 3234 poenitentiam
665 3161 707 3210 ex
723 3161 774 3222 eo,
789 3140 880 3232 quod
898 3141 1002 3230 Tyrii
1015 3141 1263 3232 poenitentiam
1275 3139 1393 3210 soturi
1409 3142 1566 3222 fuissent,

400 3250 499 3320 siais
515 3269 676 3319 concessa
701 3249 853 3316 fuissent
867 3248 1015 3334 auxilie,
1033 3249 1161 3341 quibus
1176 3249 1389 3319 resistebant
1405 3247 1565 3318 Galileei.

400 3357 453 3428 At
474 3355 734 3448 exprobrationi
758 3354 842 3425 hnio
864 3355 985 3425 nullus
1015 3367 1070 3428 est
1091 3358 1207 3444 loeus,
1232 3361 1264 3428 si
1287 3365 1427 3448 praeter
1457 3357 1565 3426 eedem

402 3465 537 3534 euxiiia
560 3466 686 3558 quibus
709 3464 808 3534 ambo
831 3466 1027 3535 consentire
1049 3475 1086 3535 et
1111 3467 1210 3534 ambo
1235 3466 1401 3535 resistere
1424 3467 1562 3556 possint,

401 3573 547 3644 additur
569 3595 631 3664 pro
655 3573 779 3663 Tyriis
801 3573 977 3645 decretum
1001 3572 1235 3664 independens
1249 3574 1293 3641 eb
1308 3593 1429 3642 eorum
1452 3573 1563 3640 volun·

403 3687 489 3766 tate,
500 3703 568 3772 quo
580 3681 980 3771 praedetermiuarentnr
996 3681 1040 3752 ed
1057 3681 1305 3772 poenitentium
1318 3681 1383 3766 ite,
1398 3687 1441 3751 nt
1456 3681 1494 3750 ri
1508 3681 1560 3748 ho·

400 3789 459 3860 ins
481 3788 865 3880 praedeterminationis
880 3794 1095 3880 repugnaret
1111 3787 1360 3880 poenitentiam
1376 3811 1445 3858 uon
1461 3785 1560 3880 sequi,

401 3896 482 3967 dum
506 3893 647 3964 interim
670 3893 755 3964 heeo
768 3896 1106 3985 praedeterminatio,
1124 3896 1199 3964 sine
1217 3919 1286 3988 qua
1301 3895 1435 3966 dieitur
1450 3895 1559 3986 impoe

401 4003 516 4074 sibilis
528 4011 628 4072 notus
644 4001 816 4072 monndns
835 4003 1080 4093 poenitentiae,
1098 4003 1271 4072 Gelilaeis
1288 4012 1454 4094 negetur,
1471 4003 1559 4072 immo

398 4110 451 4182 eis
466 4110 572 4180 detur
588 4109 914 4201 praedetermiuetio
929 4110 974 4181 ed
991 4111 1173 4181 entitatem
1189 4120 1330 4180 aotnnm
1346 4111 1557 4202 impoeniten-

400 4215 473 4286 tiae
490 4216 554 4305 (1).
564 4215 660 4308 Ergo
672 4226 714 4287 ut
725 4217 838 4287 locum
850 4217 978 4288 habent
989 4218 1075 4290 hseo
1086 4217 1220 4289 Christi
1235 4218 1400 4292 veritatis
1413 4229 1557 4290 setemn

466 4361 509 4438 (1)
526 4365 596 4418 Rem
617 4363 691 4420 haro
711 4365 846 4420 Nleolaus
867 4365 1009 4420 Hertlnea
1028 4369 1186 4436 opportune
1205 4367 1349 4421 illustrat.
1366 4387 1380 4415 .
1394 4367 1426 4422 si
1444 4367 1505 4436 quis
1520 4363 1557 4416 ite

402 4457 585 4524 loqueretar:
612 4455 686 4510 murt
705 4455 825 4510 Homeri
844 4455 981 4510 tortiores
1000 4462 1070 4510 snut
1094 4471 1158 4511 eree
1182 4457 1355 4522 lauturus,
1384 4459 1452 4526 guia
1467 4453 1554 4510 notu
