3394 5056
905 357 943 374 ..
965 325 1005 388 40
1026 357 1063 374 ..

398 453 539 523 neopum
562 432 742 514 feeernnt,
769 429 913 498 facilins
935 437 1098 521 poterant
1120 453 1162 499 ex
1187 433 1346 502 universi
1372 436 1571 506 considera-

396 537 491 608 tione
515 537 673 607 nniversi
695 537 871 606 dominum
895 538 1074 607 invenirer
1102 567 1119 602 a
1137 539 1264 609 iterum
1287 545 1403 610 autem
1425 565 1489 612 nee
1512 542 1574 612 hie

398 641 500 716 debet
521 644 669 735 ignosci,
695 645 727 712 ei
750 645 842 713 enim
864 651 1002 714 tantum
1026 651 1216 735 potuerunt
1239 645 1340 733 seira,
1366 655 1406 717 ut
1428 653 1576 739 possent

398 753 582 823 aestimare
605 753 782 822 saeculum
814 749 1044 839 (στεχασασὲαι
1067 775 1115 816 rra
1133 749 1255 839 ἀιωνα);
1281 755 1447 846 quomodo
1462 755 1576 828 huius

398 857 572 930 dominum
587 883 655 928 non
672 861 816 930 faeiliua
833 862 1070 930 invenerunt»
1091 855 1166 950 (πως
1183 885 1287 950 ταχιεν
1303 861 1360 952 ἑυχ
1378 855 1503 956 iopm)?

437 951 440 962 ’
464 965 514 1034 11.
528 967 710 1058 Duplieem
723 991 804 1038 varo
818 969 989 1060 imprimis
1001 969 1154 1038 ordinem
1168 971 1204 1038 in
1217 971 1282 1040 hoe
1297 973 1462 1042 universo
1474 971 1573 1043 Seri·

397 1079 523 1167 pturae
545 1083 761 1167 proponunt,
786 1099 829 1146 ex
860 1078 961 1146 ouius
991 1077 1267 1148 consideratione
1292 1077 1444 1148 hnmana
1474 1081 1572 1149 ratio

397 1181 507 1254 Βοιιιιι
529 1184 734 1252 existentem
757 1191 954 1274 eognoscat,
976 1186 1155 1274 physicum
1177 1191 1214 1253 st
1237 1187 1445 1254 historicum.

465 1289 510 1358 1⁰.
536 1290 663 1358 'Potum
687 1291 838 1359 ordinem
856 1293 1044 1380 ,physicum
1064 1315 1139 1362 esse
1162 1293 1228 1362 Dei
1251 1294 1570 1364 manifestationem

396 1395 610 1466 luculentam
634 1400 678 1468 ad
701 1401 850 1468 animam
881 1401 1110 1484 rationalem,
1135 1423 1177 1470 ex
1207 1403 1446 1491 superioribus
1476 1403 1570 1472 satia

396 1512 543 1575 eonstat.
569 1507 879 1578 Animadversione
903 1515 1019 1578 autem
1035 1509 1165 1598 dignus
1180 1517 1235 1578 est
1254 1510 1374 1579 medua
1390 1509 1568 1594 diversus,

398 1635 465 1704 qno
490 1613 618 1702 duplex
642 1615 848 1684 elementum
864 1615 1029 1705 logicum,
1045 1617 1075 1684 si
1094 1617 1145 1683 ita
1161 1615 1257 1706 loqui
1274 1617 1328 1684 fas
1344 1622 1416 1702 est,
1433 1623 1570 1686 utrum·

397 1740 463 1812 que
475 1721 708 1789 necessarium
720 1721 765 1790 ad
777 1723 1010 1791 ascensionem
1028 1722 1187 1790 mentina
1203 1723 1376 1790 creaturis
1389 1723 1425 1789 in
1441 1723 1567 1806 Deum,

397 1825 435 1894 in
458 1825 653 1916 Scripturis
684 1831 902 1918 proponitur.
927 1829 1152 1898 Evidentiam
1177 1829 1450 1918 imperfectionis
1472 1851 1571 1900 orea-

396 1937 510 2018 tnrae,
535 1957 577 2004 ex
602 1958 671 2028 qua
694 1937 890 2006 formaliter
913 1937 1133 2026 intelligitur
1155 1941 1197 2004 ut
1219 1943 1382 2006 ereatura
1396 1945 1432 2006 et
1447 1959 1508 2004 ana
1524 1937 1571 2004 sb

397 2039 479 2126 alio,
504 2047 680 2136 tamquam
704 2045 968 2114 fundamentum
992 2049 1203 2134 supponunt.
1226 2045 1267 2112 l'n
1283 2067 1322 2114 eo
1339 2043 1496 2112 declarat
1512 2065 1568 2112 sa·

398 2169 454 2218 ear
478 2151 628 2239 scriptor
651 2152 735 2220 libri
759 2153 959 2242 Sapientiae
982 2153 1236 2242 perversionem
1258 2153 1408 2220 rationis
1422 2157 1568 2221 natura·

397 2252 456 2340 lis,
481 2257 571 2349 quod
595 2258 749 2327 homines
765 2282 831 2328 non
849 2260 1111 2344 intellexerunt,
1133 2261 1251 2328 «bona
1263 2282 1351 2354 quae
1367 2259 1535 2328 videntur
1548 2285 1566 2320 ιι

397 2385 471 2435 esee
492 2387 534 2450 μη
555 2365 636 2444 ὂντα,
662 2371 703 2434 at
726 2366 805 2434 inde
830 2366 1072 2456 intelligerent
1095 2389 1143 2430 τιν
1164 2363 1246 2448 torm
1266 2367 1359 2459 quod
1379 2389 1446 2434 non
1464 2365 1570 2436 intel·

397 2469 560 2543 laxarunt
588 2495 692 2562 opera
714 2472 911 2543 formaliter
932 2481 974 2542 ut
996 2498 1119 2564 opera,
1146 2497 1186 2545 ao
1208 2475 1508 2565 pulchritudinem
1530 2479 1569 2544 et

397 2579 567 2648 virtutem
589 2602 707 2649 eorum
730 2579 960 2665 deficientem,
987 2569 1123 2650 atinde
1140 2581 1347 2672 colligerent
1368 2581 1569 2672 pulchritu-

397 2685 511 2758 dinem
526 2695 563 2758 et
578 2689 767 2780 potentiam
784 2690 1041 2778 primigeniam,
1060 2689 1289 2780 exemplarem
1306 2713 1347 2760 ae
1362 2691 1568 2759 creatrieem

400 2795 428 2886 (ὁ
444 2819 503 2888 γαρ
519 2819 569 2862 τευ
600 2794 730 2870 aulicae
750 2819 947 2888 γενεσιαρχιις
971 2797 1085 2862 ἔκτισεν
1111 2794 1217 2882 dore).
1237 2797 1295 2866 Ita
1310 2803 1347 2866 et
1363 2797 1496 2866 Paulus
1508 2796 1568 2866 do-

394 2909 462 2989 oet,
490 2933 507 2968 ιι
525 2911 721 2974 ereaturam
736 2905 857 2973 mnudi
875 2932 891 2966 a
914 2905 1071 2995 intelligi
1087 2905 1282 2976 formaliter
1299 2911 1340 2974 ut
1355 2911 1566 2990 ereaturam,

396 3032 457 3081 sen
481 3017 523 3080 ut
545 3013 580 3081 id
604 3013 695 3104 quod
719 3013 947 3097 factumest,
974 3019 1078 3106 atque
1101 3013 1138 3082 in
1162 3013 1228 3084 hae
1259 3012 1399 3082 formali
1429 3012 1567 3082 intelle·

396 3118 510 3188 otione
534 3133 711 3186 creaturae
731 3141 805 3188 esse
828 3119 982 3208 logicum
1005 3120 1229 3210 principium,
1248 3143 1291 3190 ex
1308 3143 1375 3212 quo
1391 3121 1483 3189 ratio
1499 3119 1565 3189 hu·

395 3247 497 3294 mana
520 3225 704 3294 oonoludat
720 3233 756 3294 et
775 3227 942 3296 ascendat
964 3227 1008 3296 ad
1033 3228 1230 3298 invisibilia
1248 3228 1331 3298 Dei:
1360 3257 1376 3293 a
1404 3228 1567 3298 invisibi-

396 3331 448 3402 lia
469 3333 544 3402 eiue
567 3355 589 3401 a
611 3340 774 3402 ereatura
796 3335 916 3404 mundi
932 3338 988 3421 (ut
1004 3357 1025 3403 a
1040 3335 1188 3405 termino
1204 3361 1226 3403 o
1243 3341 1324 3428 quo)
1340 3357 1401 3425 per
1416 3357 1457 3404 ea
1477 3357 1568 3429 qnae

395 3441 491 3510 faeta
507 3445 592 3509 sunt
609 3433 680 3530 (aas
697 3463 840 3528 ποιημασι
854 3443 878 3510 i.
897 3465 927 3510 e.
946 3443 1011 3510 sub
1027 3443 1166 3512 formali
1182 3443 1317 3512 ratione
1329 3442 1565 3530 reietfeetae),

394 3548 576 3618 intellecta
599 3549 892 3640 eonepioiuntnrs
912 3549 976 3638 (l).

457 3783 499 3860 (1)
519 3791 560 3842 Te
582 3809 634 3860 γαρ
656 3787 741 3858 dopna
759 3785 841 3841 dorne
868 3783 922 3840 ἄπο
945 3807 1052 3848 sereser
1078 3807 1253 3858 responsore
1281 3807 1414 3858 usurpem
1436 3806 1567 3860 senopem

394 3873 548 3948 καθορᾶται.
575 3877 660 3930 Multi
684 3877 853 3944 praesertim
879 3877 1052 3930 recentiores
1081 3873 1135 3928 ἀπο
1160 3895 1266 3936 artesae
1293 3895 1395 3946 ιισμοιι
1421 3875 1568 3944 aeolplnnt

394 3967 428 4016 nt
452 3965 622 4032 particulam
647 3965 800 4033 temporis:
821 3964 888 4018 inda
907 3981 924 4018 a
942 3963 1041 4018 mnndi
1064 3963 1236 4018 conditione.
1257 3965 1338 4018 Inter
1355 3965 1434 4032 ipsos
1453 3969 1566 4018 veteres

394 4065 449 4106 nen
470 4057 514 4107 est
532 4055 657 4108 omniurn
675 4070 732 4108 nna
750 4053 897 4108 sententia
915 4053 948 4108 de
968 4069 1054 4108 aenan
1074 4053 1160 4108 huius
1179 4053 1274 4108 incisi
1296 4055 1336 4108 De
1355 4053 1439 4108 rebus
1459 4055 1566 4108 orontio

394 4145 537 4210 tamquam
557 4143 679 4198 termino
698 4161 716 4196 e
734 4161 788 4212 pue
808 4145 992 4210 cognitionis,
1008 4147 1041 4196 nt
1062 4159 1113 4196 nos
1132 4144 1365 4212 interpretamur,
1384 4149 1460 4197 esrte
1478 4143 1566 4198 intel-

394 4234 530 4288 lexerunt
541 4233 595 4286 PP.
605 4235 707 4300 graeei,
724 4235 852 4288 Basilius
865 4251 910 4302 ep.
922 4235 984 4287 235.
999 4236 1038 4287 ol.
1050 4235 1113 4288 401.
1126 4233 1162 4288 ad
1174 4233 1313 4303 Amphll.;
1325 4235 1472 4301 Nyssonoa
1487 4239 1565 4288 eost.

394 4323 511 4378 Eunoni.
527 4324 549 4377 1.
561 4324 627 4379 llll.
643 4341 669 4392 p.
681 4324 743 4390 346,
757 4323 907 4392 chrysost.
920 4324 954 4378 do
966 4325 1079 4379 diabolo
1092 4329 1164 4378 tent.
1177 4325 1250 4378 hom.
1262 4323 1301 4376 11.
1315 4340 1343 4377 n.
1353 4324 1380 4392 ³5
1395 4321 1565 4379 'theodoret

394 4412 426 4468 tn
438 4412 468 4470 h.
481 4415 515 4482 1.;
539 4413 643 4481 cyrill.
654 4413 738 4470 Alex.
753 4415 785 4468 in
805 4417 845 4470 Io.
860 4415 948 4470 1.111.
968 4415 1001 4472 Τ.
1012 4417 1052 4469 11.
1068 4431 1098 4483 p.
1109 4413 1162 4467 tlt
1171 4433 1178 4480 i
1193 4417 1223 4466 et
1244 4412 1279 4468 do
1298 4413 1378 4468 'frlm
1397 4412 1565 4480 dialog-IV.
