3360 5060
441 521 711 591 CAIETANUS
736 519 967 591 TEDESGHI

316 679 528 754 rauroer'ruo
547 709 740 754 raovmoraa
760 709 911 752 eonem
930 708 994 752 ooo.
1010 709 1090 751 mera

179 922 254 980 Cum
276 937 352 997 opus
374 920 424 979 oui
445 920 560 981 titulus
573 939 590 980 c
605 921 776 980 Tractatus
796 921 834 978 de
848 921 912 980 Deo
928 937 989 978 ano
1012 921 1179 978 secundum
1203 925 1293 980 natu-

118 1035 185 1077 ram
199 1035 217 1076 »
232 1036 251 1076 a
266 1018 301 1076 P.
314 1018 452 1094 10.Bapt.
470 1017 638 1079 Franzeiin
655 1021 781 1076 nostrae
802 1017 975 1078 Societatis
996 1019 1160 1076 sacerdote
1182 1017 1290 1095 lingua

120 1115 220 1177 latina
233 1116 444 1193 conscriptum
461 1119 597 1193 quatuor
611 1117 750 1176 eiusdem
772 1115 939 1177 Societatis
956 1115 1114 1192 theologi,
1132 1115 1243 1192 quibus
1260 1116 1288 1174 id

118 1212 341 1286 commisimus,
359 1213 604 1291 recognoverint
618 1224 652 1274 et
663 1213 693 1272 in
711 1214 810 1274 lucem
828 1213 876 1272 eoi
898 1231 984 1290 posse
999 1211 1223 1290 probaverint3
1239 1229 1293 1289 po·

120 1314 237 1371 testate
258 1311 297 1370 ab
311 1311 349 1370 A.
365 1313 403 1372 R.
418 1313 453 1370 P.
471 1312 510 1373 N.
537 1313 633 1371 Petro
648 1311 755 1372 Beokx
779 1311 962 1390 Praeposito
985 1311 1132 1372 Generaii
1150 1309 1227 1370 mihi
1249 1313 1285 1370 ad

121 1412 151 1469 id
175 1412 260 1482 data,
284 1410 466 1472 facultatem
492 1414 646 1486 concedo,
671 1415 706 1472 ut
729 1412 814 1490 typis
838 1413 1016 1484 mandatur,
1039 1410 1065 1470 si
1089 1410 1127 1470 iis
1151 1410 1187 1470 ad
1214 1427 1292 1485 quos

122 1509 273 1586 pertinet,
290 1509 336 1570 ita
351 1509 523 1570 videbitur.

182 1609 215 1666 io
238 1606 325 1666 cuius
346 1605 393 1666 rai
409 1605 500 1666 tidem
517 1609 572 1668 has
595 1607 721 1668 litteras
738 1625 829 1669 manu
854 1626 921 1667 mae
936 1607 1126 1684 subscriptos
1142 1609 1174 1666 et
1187 1604 1294 1682 sigilio

122 1703 214 1764 offleii
236 1704 296 1764 mei
318 1705 455 1766 munitas
481 1705 563 1765 dedi.

184 1959 300 2018 Romae
322 1957 372 2016 die
397 1956 437 2016 ’20
459 1955 653 2033 Septembris
678 1955 765 2015 1869.

403 2154 439 2212 L.
465 2153 509 2212 S.¹

789 2468 966 2512 CAIETANUB
986 2465 1140 2510 'immiti
1161 2467 1186 2508 fl·
1201 2467 1222 2506 1.
1272 2475 1273 2481 ¹

821 2553 997 2618 Procpocitau
1012 2568 1092 2616 proc.
1107 2554 1186 2608 Rom.
