3280 5070
582 417 619 436 -·
641 389 700 449 581
724 419 761 434 -

82 505 148 565 ret.
169 504 206 584 o)
229 497 406 579 Declarat,
432 493 782 586 praedestinationem
806 503 877 561 tam
900 492 971 560 late
995 497 1124 581 patere,
1151 514 1252 583 qnam

80 605 157 672 late
173 609 295 693 patent
310 602 474 671 beneficia
490 601 664 670 salutaria
678 600 808 668 collata
821 601 858 668 in
870 611 1034 688 tempore.
1051 601 1086 684 b)
1099 599 1167 668 Est
1184 623 1253 668 ma·

81 711 350 780 nilestissimum
366 733 408 779 ex
424 709 591 790 hocloco,
610 731 631 774 a
647 708 684 776 S.
697 707 829 774 Thema
844 707 1000 798 intelligi
1017 706 1254 797 praedestina·

81 819 212 886 tionem
225 819 375 886 omnium
388 816 642 900 mnefieiorum,
658 815 748 883 utin
761 813 941 904 complexu
954 823 1173 904 spectantur,
1187 835 1255 880 non

81 931 200 993 autem
213 923 561 1012 praedestinationem
571 921 679 988 huius
688 921 745 988 vel
756 920 856 987 illius
870 921 1027 988 beneficii
1039 943 1109 1009 eg.
1121 920 1256 1010 gloriae

83 1053 145 1120 per
158 1053 195 1098 se
207 1037 394 1120 spectatae,
409 1029 546 1122 quoties
557 1028 668 1111 docet,
684 1027 1036 1116 praedestinationem
1049 1051 1117 1096 nou
1130 1027 1257 1095 habere

82 1138 254 1206 rationem
267 1139 302 1204 iu
320 1137 457 1206 meritis
473 1137 656 1226 praevisis.
675 1135 832 1204 Eatenus
849 1136 952 1220 enim,
971 1135 1099 1228 inquit,
1118 1156 1257 1204 necesse

81 1255 136 1313 est
153 1245 503 1334 praedestinationem
520 1265 706 1333 agnoscere
723 1243 929 1332 gratuitam,
948 1253 1122 1336 quatenus
1139 1241 1258 1332 gratia

82 1351 256 1420 credenda
277 1359 332 1419 est
354 1351 532 1439 gratuite;
559 1351 591 1418 si
613 1372 716 1440 porro
740 1351 866 1418 merita
887 1349 1007 1442 aliqua
1030 1361 1146 1419 essent
1165 1347 1258 1417 ratio

81 1458 196 1526 totius
219 1459 365 1527 effeetus
390 1457 730 1548 praedestinationis,
749 1458 943 1526 necessario
960 1465 1175 1549 sequeretur,
1194 1455 1257 1522 bu·

83 1564 234 1634 insmodi
251 1565 377 1633 merita
391 1587 465 1634 esse
480 1572 581 1634 extra
596 1572 633 1632 et
647 1573 730 1632 aute
744 1573 852 1633 totam
870 1565 993 1632 seriem
1009 1570 1257 1652 supernatura·

83 1673 173 1741 lium
187 1673 354 1741 donorum
366 1673 430 1741 Dei
447 1679 482 1741 et
497 1673 684 1741 effectuum
700 1670 1039 1761 praedestinationis,
1059 1693 1099 1738 ac
1115 1669 1259 1760 proinde

83 1803 159 1848 esse
180 1781 306 1849 merita
328 1779 518 1864 naturalia,
537 1781 628 1870 quod
643 1779 786 1868 sapiunt
808 1778 1003 1866 Pelagiani.
1022 1777 1077 1846 cf.
1096 1778 1130 1845 1.
1147 1803 1180 1869 q.
1200 1775 1255 1844 23.

83 1909 117 1952 a.
134 1889 168 1953 5.
187 1885 227 1954 si
243 1894 365 1954 contra
380 1891 411 1973 o)
426 1893 601 1975 spectetur
618 1909 678 1975 per
693 1908 729 1953 se
748 1906 839 1953 unns
854 1884 985 1975 aliquis
1000 1887 1146 1953 effectus
1162 1905 1258 1975 prae·

85 1992 345 2074 destinationis,
363 1994 425 2084 qui
447 1993 484 2061 in
507 1992 727 2061 exsecutione
754 1995 935 2060 confertur
956 1999 1098 2081 propter
1121 1991 1257 2074 merita,

86 2105 126 2164 ut
150 2095 267 2185 gloria
289 2100 450 2183 aeterna;
475 2103 551 2164 tum
569 2125 585 2160 a
604 2095 865 2164 rationabiliter
888 2095 1034 2178 dicitur,
1057 2121 1073 2156 a
1099 2095 1143 2162 ad
1168 2094 1260 2163 buno

86 2203 251 2273 effectum
274 2203 624 2293 praedestinationem
656 2225 730 2271 esse
753 2225 794 2270 ex
819 2202 954 2270 meritis
984 2201 1260 2292 supernaturali·

89 2314 152 2378 bus
176 2310 362 2400 praevisis,
388 2331 427 2378 eo
443 2311 518 2400 ipso
534 2311 624 2402 quod
645 2311 681 2378 in
698 2310 917 2378 exsecatione
933 2339 948 2374 o
963 2309 1070 2378 datur
1087 2307 1258 2377 meritis.»

88 2415 412 2502 d)Fundamentum
424 2417 535 2485 totius
550 2415 658 2485 huius
669 2416 847 2486 doctrinae
863 2415 955 2506 apud
970 2415 1180 2504 Angelicum
1193 2423 1258 2498 est,

89 2525 172 2614 quia
199 2553 214 2587 a
233 2524 328 2592 Deus
351 2521 464 2590 eodem
486 2527 623 2591 ratione
638 2523 753 2592 omnia
770 2523 945 2606 beneficia,
964 2545 1052 2613 quae
1068 2523 1167 2590 uobis
1183 2544 1261 2592 oon·

90 2629 159 2698 fert
183 2629 221 2697 in
244 2639 408 2720 tempore,
435 2631 661 2720 praeparavit
681 2630 778 2698 nobis
801 2629 845 2696 ab
867 2635 1020 2697 aeterno.
1041 2656 1057 2690 n
1077 2630 1170 2710 Quia
1195 2629 1261 2698 soi·

89 2735 172 2806 licet
189 2734 303 2803 eodan
317 2740 466 2816 ratione,
485 2758 553 2828 qua
569 2737 734 2806 beneficia
749 2737 885 2805 oculert
901 2735 937 2802 in
955 2740 1119 2825 tempore,
1137 2735 1202 2804 illa
1218 2737 1262 2804 ab

90 2853 229 2912 aeterno
252 2843 490 2935 praeparavit;
509 2844 584 2914 ideo
601 2843 749 2934 gloriam
765 2866 807 2912 ex
825 2843 996 2933 praevisis
1012 2844 1148 2911 meritis
1165 2864 1261 2933 prae·

92 2951 284 3020 destinasse
315 2949 573 3019 rationabiliter
606 2949 761 3034 dicitur,
787 2951 938 3039 gratiam
969 2955 1085 3018 autem
1117 2949 1262 3039 primam

91 3081 129 3126 ex
152 3057 327 3149 praevisis
349 3057 484 3126 meritis
499 3059 777 3148 praedestinasse
800 3057 870 3126 dici
904 3081 971 3126 non
1003 3064 1143 3146 potest,
1176 3057 1261 3149 quin

93 3165 127 3232 in
147 3187 300 3234 errorem
323 3163 543 3254 impingatur
565 3164 886 3255 semipelagiannm.

154 3272 247 3342 Vide
264 3271 457 3341 doctrinam
481 3273 519 3340 iu
542 3271 608 3342 hac
624 3271 717 3342 thesi
735 3271 928 3341 stabilitam
944 3271 1050 3342 etiam
1066 3271 1159 3361 apud
1175 3271 1261 3339 Vas·

95 3399 174 3467 quea
191 3378 229 3446 in
246 3377 278 3447 1.
299 3377 338 3446 Ρ.
356 3377 447 3468 disp.
465 3377 521 3446 82.
540 3401 571 3446 o.
590 3379 623 3464 ὃς
642 3377 734 3468 disp.
752 3377 795 3445 89
811 3401 841 3446 c.
861 3377 882 3444 9
893 3402 902 3464 ;
920 3379 962 3446 de
980 3377 1145 3448 Valentia
1167 3377 1203 3443 in
1227 3375 1260 3445 1.

95 3507 127 3574 q.
143 3483 199 3552 23.
218 3484 309 3575 disp.
326 3483 356 3551 Ι.
372 3493 493 3574 punct.
510 3485 544 3553 4.
565 3491 598 3568 5.
614 3486 646 3552 1.
663 3485 695 3571 o,
721 3484 882 3554 Lessium
906 3485 948 3554 da
972 3486 1093 3554 Praed.
1122 3492 1207 3554 sect.
1227 3485 1259 3552 1.

95 3613 130 3659 n.
144 3592 184 3678 43
211 3600 295 3660 sect.
313 3592 347 3660 2.
367 3616 402 3660 n.
421 3592 489 3679 293
518 3593 720 3682 Philippum
747 3591 1003 3661 Gamachaenm
1035 3593 1072 3661 in
1097 3592 1129 3660 1.
1152 3617 1185 3684 q.
1204 3590 1261 3659 23.

97 3698 358 3878 {leffium
386 3698 420 3767 2.
440 3700 536 3788 prob.
556 3699 598 3786 ὃς
633 3699 824 3770 Tricassin.
862 3699 904 3768 de
936 3700 1112 3769 Praedest.
1140 3723 1174 3788 p.
1201 3695 1258 3766 bd.

144 3858 151 3874 .
235 3813 328 3878 .etc.
