3360 5060
648 341 827 402 -713-

587 553 808 625 SEC'IIO
843 554 890 623 V.

657 715 770 782 (larun
794 713 824 782 Ι.

152 879 217 948 Ta.
237 877 386 947 XLVII.
423 877 475 946 De
505 876 689 947 voluntate
719 878 784 946 Dei
819 876 1035 946 antecedente
1064 886 1102 948 et
1131 903 1240 948 conse—

466 999 600 1076 quente.
675 1035 1101 1055 ........
1144 1013 1233 1079 pop.
1257 989 1326 1058 467

150 1093 215 1164 ru.
235 1093 404 1164 XLVIII.
429 1093 481 1162 De
506 1091 798 1162 distinctionibus
825 1093 1025 1191 voluntatis
1058 1095 1238 1166 salvificae

465 1197 569 1266 iuxta
591 1197 786 1269 doctrinam
809 1197 846 1265 S.
866 1197 1110 1288 Augustini..
1162 1250 1171 1269 .
1220 1229 1236 1262 r
1260 1202 1329 1270 475

643 1411 755 1480 Osrur
780 1411 829 1478 ΙΙ.

149 1623 215 1690 Tu.
234 1623 365 1693 XLIX.
425 1623 600 1692 Voluntas
614 1623 680 1690 Dei
696 1623 858 1692 salvifice
872 1625 1081 1693 antecedens
1097 1626 1237 1695 nniver-

148 1836 215 1905 Tn.
234 1838 274 1905 L.

148 2050 215 2121 Tu.
234 2049 295 2119 LI.

147 2264 213 2332 'Im
232 2264 312 2332 LII.

147 3121 212 3189 Te.
231 3119 326 3188 LIV.

147 3335 211 3401 Tu.
229 3333 304 3401 LV.

145 3549 211 3618 ΤΗ.
230 3547 325 3616 LVI.

462 1729 548 1798 solis
564 1729 827 1799 demonstratur
849 1753 891 1798 ex
918 1731 1128 1822 Scripturis.
1157 1784 1165 1800 .
1217 1735 1326 1804 „482

421 1836 596 1906 Voluntas
619 1837 685 1906 Dei
708 1837 870 1906 salvifica
888 1838 1007 1906 eodem
1023 1838 1238 1910 universalis

462 1943 722 2012 demonstratur
745 1965 787 2011 ex
810 1943 972 2011 doctriua
995 1945 1155 2014 Petrum.
1217 1974 1240 2035 n,
1258 1949 1326 2017 49³

421 2050 636 2118 Vindicatnr
660 2050 821 2118 doctrina
846 2050 1092 2140 S.Augustini
1105 2053 1238 2122 deuni-

461 2157 669 2225 versolitate
692 2156 890 2226 voluntatis
913 2159 1106 2228 salvificae.
1159 2213 1167 2228 .
1218 2189 1234 2223 n
1259 2163 1328 2231 497

421 2263 615 2354 Multiplici
639 2263 929 2353 interpretatione
951 2273 1072 2334 textus
1092 2267 1126 2336 1.
1143 2269 1236 2339 I'im.

463 2372 512 2439 II.
531 2373 566 2440 4.
592 2371 820 2460 Augustinus
849 2373 1154 2443 universalitatem
1179 2399 1238 2444 vo·

462 2479 615 2548 luntatis
652 2479 831 2548 sulvifioce
873 2479 1112 2550 antecedentis
1141 2506 1237 2552 num·

463 2607 566 2676 quum
589 2586 737 2674 negavit
740 2636 1169 2657 ........
1219 2592 1329 2660 »500

418 2693 611 2761 Voluntate
634 2694 858 2763 antecedente
875 2695 956 2763 vult
974 2697 1069 2764 Dens
1085 2700 1237 2767 omnium

462 2801 567 2867 etiam
592 2800 785 2869 infantium
809 2801 970 2870 salntem.
1038 2855 1045 2871 .
1099 2855 1107 2872 .
1158 2859 1165 2874 .
1218 2835 1234 2868 n
1260 2807 1327 2875 509

633 2959 744 3026 Curur
768 2961 837 3027 III.

419 3119 529 3188 Nulla
553 3119 660 3187 datur
690 3121 888 3208 reprobatio
919 3122 1075 3210 positiva
1107 3137 1236 3191 antece-

464 3226 545 3292 dens
570 3226 823 3316 praevisionem
849 3229 995 3315 peccati.
1036 3279 1044 3295 .
1096 3279 1104 3296 .
1155 3281 1164 3297 .
1214 3259 1231 3293 n

416 3332 527 3401 Nulla
547 3333 765 3401 admittenda
787 3339 842 3401 eet
857 3333 1055 3400 antecedens
1070 3339 1236 3425 nepetino

458 3441 653 3528 reprobatio
678 3461 699 3506 a
723 3439 800 3506 vita
823 3449 976 3508 aeterna.
1037 3493 1044 3508 .
1095 3493 1103 3510 .
1155 3494 1164 3512 .
1216 3472 1233 3506 n
1257 3447 1323 3517 541

418 3549 469 3615 De
482 3569 586 3616 sensu
599 3547 711 3629 vario,
723 3567 790 3636 quo
798 3543 1074 3634 praedestinatio
1087 3549 1124 3617 in
1136 3551 1235 3620 modo

460 3653 626 3746 loquendi
651 3653 855 3744 Scripturas
879 3663 915 3722 et
938 3656 1082 3725 Petrum
1108 3659 1234 3748 accipi-

461 3769 524 3829 tur
527 3812 926 3830 ........
948 3794 985 3872 p.
1036 3815 1044 3830 .
1096 3815 1104 3831 .
1156 3814 1164 3832 .
1214 3768 1324 3835 »562

144 3870 211 3938 ru.
229 3868 343 3937 LVII.
415 3869 515 3936 Dona
537 3869 603 3937 Dei
626 3891 704 3938 eum
721 3868 851 3938 habent
866 3871 1021 3938 ordinem
1037 3871 1075 3938 in
1091 3873 1233 3960 praede·

457 3975 663 4060 stipatione,
675 3975 960 4066 quemhabentin
973 3977 1229 4046 exsecutione.»
1256 3980 1322 4048 cte

143 4083 210 4152 ΤΗ.
229 4082 362 4152 LVIII.
410 4081 691 4150 Praedestinatio
722 4085 859 4170 gratiae
889 4087 925 4148 et
956 4082 1233 4171 praedestinatio

459 4187 626 4277 complete
652 4193 809 4276 spectate
832 4187 1021 4256 secundum
1044 4211 1159 4260 omnes
1182 4193 1232 4260 ef·

460 4295 574 4362 fectus
599 4293 704 4361 simul
727 4301 884 4382 sumptos
909 4317 978 4362 non
991 4306 1046 4364 est
1068 4321 1110 4366 ex
1134 4320 1232 4388 prae·

459 4401 596 4468 visione
620 4399 736 4468 meriti
742 4450 1163 4472 ........
1214 4432 1230 4466 n
1257 4406 1324 4474 582

1108 4509 1154 4548 u
