3292 5062
925 355 963 368 -
987 323 1045 382 172
1066 355 1103 369 -

430 455 523 538 puer
538 433 574 504 ti.
585 429 854 518 Chryaostomus
866 427 919 496 ita
930 428 1107 519 exprimit:
1125 428 1349 496 «substantia
1363 425 1608 496 substantiam

425 537 682 622 enormiorem
694 555 762 601 non
772 538 888 624 potest
898 536 1051 624 periente
1064 535 1155 606 scire
1164 563 1181 598 n
1194 535 1244 623 (1)
1257 535 1466 604 Hom.V.de
1480 533 1609 601 Incom-

428 649 524 752 poet„
534 669 569 717 a.
581 643 613 714 8.
627 641 668 712 Τ.
679 639 709 708 Ι.
722 663 756 730 p.
768 639 847 708 485.
859 640 1055 712 Secundum
1067 642 1133 712 hoc
1145 643 1357 734 principium
1371 641 1552 710 doctrina
1563 640 1610 708 in·

426 753 575 833 melios
586 750 623 822 S.
633 749 769 818 Irenaei
780 749 834 818 ito
846 749 963 820 hebet.
974 751 1069 820 Deus
1081 751 1254 842 imprimis
1271 750 1505 820 uscoundum
1518 769 1610 816 sunm

424 857 698 956 magnitudinem
727 857 799 926 nid
829 865 954 928 estex
984 865 1114 928 nutura
1148 884 1213 929 sus
1246 865 1300 929 est
1318 889 1334 923 a
1351 855 1605 949 incapabiliss

423 963 734 1048 scriburnensis,
752 985 816 1034 nec
830 965 901 1034 nisi
920 995 937 1030 u
955 967 1146 1036 secundum
1161 967 1380 1036 dilectionem
1397 993 1417 1026 ι
1435 965 1465 1034 i.
1477 986 1511 1033 ο.
1528 963 1611 1032 douo

424 1071 685 1171 supernaturali
707 1093 744 1140 ee
766 1077 924 1162 praestat
956 1073 1144 1144 visibilem.
1167 1075 1301 1144 «Unus
1332 1075 1460 1165 igitur
1493 1071 1608 1152 Deus,

425 1181 485 1280 qai
509 1179 623 1252 Verbo
645 1183 681 1248 st
704 1177 887 1268 Sapientia
917 1178 1072 1270 (Spiritu
1103 1179 1247 1269 Sancto)
1278 1181 1438 1251 feritet
1471 1175 1611 1269 aptavit

423 1289 594 1362 cronia...
612 1285 791 1354 recondam
812 1287 1086 1376 mapne'eadieem
1111 1289 1249 1381 quidam
1266 1289 1413 1378 ignotus
1427 1293 1491 1356 ast
1508 1283 1610 1353 omui·

424 1399 488 1470 baa
511 1395 579 1480 his,
605 1393 666 1485 qui
689 1393 732 1461 ab
754 1414 793 1462 οο
816 1393 905 1462 iacti
928 1401 1069 1464 snut...
1090 1397 1278 1466 secundum
1299 1402 1422 1464 numm
1450 1391 1609 1463 dilectio

424 1527 501 1578 nem
535 1500 758 1592 cognoscitur
791 1523 925 1592 semper
957 1526 1019 1593 per
1050 1525 1150 1590 eum,
1184 1526 1244 1596 per
1280 1527 1380 1597 quem
1417 1499 1609 1572 constituit

424 1612 596 1682 omnia...
614 1606 799 1678 Secundam
821 1610 1095 1700 mpeitadinem
1117 1611 1256 1704 quidem
1271 1627 1303 1680 et
1318 1610 1526 1677 mirabilem
1539 1607 1607 1697 plo·

424 1724 514 1788 riom
537 1740 635 1787 nemo
658 1717 793 1786 videbit
815 1715 945 1803 Deum,
971 1725 1007 1787 et
1030 1718 1129 1788 vivet
1157 1719 1283 1807 (Exod.
1308 1717 1495 1787 XXXIII.
1513 1715 1605 1800 20.);

425 1825 636 1918 incapabilis
658 1825 747 1892 euim
770 1824 890 1892 Peter.-
906 1827 1095 1897 secuudum
1117 1833 1234 1897 autem
1249 1827 1481 1897 dilectionem
1496 1831 1535 1894 et
1549 1823 1604 1889 hu·

425 1936 627 2006 manitatem
642 1929 878 2024 (φιλανθρωπιαν
898 1932 1023 2003 ci'l'it.
1039 1933 1109 2002 ΠΙ.
1123 1933 1176 2022 4.)
1188 1941 1225 2004 et
1240 1934 1331 2026 quod
1345 1937 1468 2004 omnia
1485 1933 1603 2026 possit,

425 2044 531 2114 etiam
554 2041 619 2112 hoc
641 2039 798 2110 concedit
812 2040 858 2108 iia
871 2041 932 2133 qui
956 2065 994 2110 sc
1018 2041 1188 2132 diligunt,
1203 2042 1241 2112 id
1257 2049 1321 2129 est,
1340 2043 1467 2113 videre
1483 2043 1601 2122 Deum,

427 2151 518 2244 quod
539 2156 575 2220 at
597 2148 852 2240 prophetabant
875 2149 1224 2240 prophstne.n'1'nm
1249 2173 1330 2222 vero
1352 2151 1530 2220 Irenaeus
1553 2171 1604 2216 su·

426 2257 683 2350 parnaturalem
707 2257 876 2328 visionem
899 2257 965 2326 Dei
988 2256 1181 2348 distinguit
1201 2258 1405 2349 tripliciter,
1435 2259 1601 2330 visionem
1636 2315 1637 2332 2

427 2365 563 2436 scilicet
583 2387 646 2458 per
668 2365 827 2456 symbola
850 2365 887 2433 in
911 2365 1136 2456 theophaniis
1160 2367 1290 2436 veteris
1306 2365 1540 2452 Testamenti3
1558 2363 1599 2431 ri·
1636 2399 1637 2411 κ

426 2473 556 2544 aionem
578 2473 687 2544 Verbi
709 2474 747 2543 iu
769 2479 900 2544 ustura
923 2473 1078 2544 humana
1107 2481 1307 2568 assumpta,
1333 2497 1422 2568 quac
1455 2480 1599 2562 utruque
1636 2458 1637 2487 ¹

426 2587 481 2652 cet
504 2581 595 2652 visio
616 2605 678 2674 per
701 2581 800 2652 aliud
822 2605 893 2652 non
915 2589 1032 2652 autom
1055 2582 1197 2653 divinae
1220 2589 1369 2652 naturas
1391 2583 1431 2651 in
1457 2605 1496 2652 ss
1515 2581 1595 2671 ipsa3

426 2695 598 2780 postremo
620 2689 719 2758 illam
742 2697 926 2782 utramque
952 2690 1178 2782 consequitur
1202 2689 1293 2760 visio
1316 2689 1382 2759 Dci
1404 2686 1597 2758 immediata

425 2797 463 2866 iu
485 2819 522 2866 se
544 2796 632 2888 ipso,
657 2795 718 2866 ubi
741 2797 820 2866 vita
841 2803 984 2867 aeterua
1007 2797 1172 2866 hauritur
1195 2821 1238 2867 ex
1262 2797 1340 2888 ipsa
1362 2797 1502 2868 visione
1524 2791 1592 2862 Dei.

425 2905 577 2974 Primam
600 2903 756 2996 appellat
770 2905 939 2974 visionem
957 2929 1022 2996 per
1036 2907 1207 2996 Spiritum
1222 2905 1594 2996 propheticarum

426 3011 624 3102 adoptiones
645 3011 684 3079 iu
705 3011 810 3098 Filio,
837 3013 872 3081 h.
889 3035 919 3082 ο.
938 3013 977 3082 iu
1001 3011 1154 3084 humana
1183 3019 1312 3084 nature
1339 3013 1512 3104 adoptata
1541 3027 1593 3076 sou

427 3125 609 3210 assumpta
630 3119 729 3205 Filii,
753 3121 895 3190 tertiam
919 3121 1088 3191 visionem
1115 3121 1342 3212 paternalem,
1361 3115 1593 3192 Manifestatr'o

489 3333 533 3411 (1)
545 3335 641 3392 ’Ocrea
652 3359 704 3410 pap
717 3333 808 3393 doceas
823 3339 1005 3411 ὑπεριχιυσαι
1019 3337 1064 3394 e'oa
1076 3340 1108 3393 ιὶι
1119 3337 1242 3399 &eedem
1252 3345 1337 3400 ιιλις
1352 3333 1590 3405 dedecoramentum
1635 3345 1636 3367 ¹

429 3441 528 3495 nempe
537 3427 659 3481 inierier
669 3427 833 3482 subeuntis
843 3429 938 3496 possit
947 3443 1112 3496 cognoscere
1121 3430 1304 3498 superiorem,
1313 3431 1440 3496 cognitio
1453 3433 1544 3484 temen
1553 3423 1590 3476 est

428 3531 486 3569 non
499 3515 651 3570 secuudum
664 3515 775 3572 modum
788 3519 948 3587 superioria
963 3520 1145 3574 eubetentiae
1157 3521 1299 3587 cognitae,
1315 3519 1365 3574 aed
1376 3519 1529 3574 secudum
1545 3526 1589 3566 mo

409 3606 494 3660 «ium
515 3605 665 3661 interioria
678 3609 883 3675 cognoscentia,
897 3609 972 3662 Hinc
982 3609 1008 3662 ei
1021 3609 1186 3663 subeuntia
1198 3609 1390 3675 coguoeoende
1401 3610 1526 3664 eminant
1536 3607 1587 3656 tota

428 3697 501 3748 ιιιιίι
513 3695 625 3750 ratione
637 3711 706 3764 pree
719 3698 885 3752 eubatentie
894 3703 1088 3766 cognoscente,
1104 3701 1174 3754 haec
1192 3701 1275 3754 illem
1286 3716 1341 3754 non
1354 3705 1451 3768 potest
1461 3691 1588 3755 naturali·

428 3787 474 3838 ter
485 3797 650 3850 agnoscere
667 3783 819 3838 secundum
838 3785 983 3854 propriam
996 3785 1138 3840 rationem
1152 3787 1215 3840 eins
1235 3802 1298 3851 eme,
1321 3787 1395 3840 utin
1405 3801 1436 3840 ιο
1447 3789 1502 3854 eet;
1513 3785 1585 3847 atqu·

428 3871 481 3926 irre
499 3873 563 3942 ipro
588 3889 644 3928 nou
664 3871 826 3930 immediate
849 3876 880 3928 iu
908 3875 973 3944 ipae
999 3874 1050 3930 aed
1075 3877 1167 3930 solum
1186 3890 1237 3944 per
1256 3875 1336 3930 eliud
1355 3891 1416 3931 eam
1435 3880 1585 3943 cognoscem

430 3965 535 4028 potest.
557 3961 647 4030 Atqui
668 3961 737 4017 haee
755 3963 912 4018 eminentie
931 3963 1026 4018 divini
1048 3963 1117 4018 Ειιο
1144 3967 1190 4018 eet
1214 3965 1381 4019 essentialia
1405 3979 1475 4034 pree
1498 3955 1583 4030 quari!

429 4049 594 4105 substantie
611 4055 718 4105 creata
738 4051 813 4118 argo
832 4053 937 4106 Danae
952 4053 1035 4106 uuile
1053 4057 1187 4108 creature
1204 4053 1381 4129 naturaiiter
1399 4043 1584 4118 cognocimus

430 4145 475 4194 eet
498 4139 661 4194 immediate
680 4141 712 4196 iu
735 4156 765 4195 ee
787 4142 860 4211 ipen.
884 4141 991 4196 contre
1009 4157 1078 4196 vero
1098 4157 1124 4196 e.
1138 4159 1167 4210 g.
1190 4145 1311 4209 angelus
1331 4142 1454 4196 inierior
1470 4141 1533 4196 licet
1549 4146 1581 4186 ιο·

429 4229 550 4284 eundum
568 4245 648 4286 enum
666 4231 777 4288 modum
796 4231 903 4286 οιιοιιᾶι·
920 4237 1072 4298 cognoscet
1089 4233 1223 4298 angelum
1242 4233 1435 4302 superiorem,
1457 4219 1583 4298 cogno!tii
1634 4249 1635 4268 ι

429 4323 525 4376 temen
548 4321 611 4376 eine
632 4322 787 4378 essentiam
806 4323 888 4377 utin
908 4337 937 4377 ee
957 4327 1017 4390 eet,
1039 4323 1108 4392 quie
1125 4327 1248 4392 uterque
1267 4327 1313 4378 eet
1330 4337 1381 4378 ene
1406 4320 1526 4376 eiusdem
1545 4326 1581 4365 rt·

430 4410 530 4464 ticum.
552 4407 625 4466 Vite
644 4409 811 4466 (ieietenum
830 4413 861 4466 iu
882 4413 907 4466 i.
922 4427 951 4482 q.
965 4413 1009 4468 la.
1018 4429 1045 4468 ι.
1056 4413 1085 4466 4.
