3230 5072
539 385 578 398 -
599 353 660 414 303
681 385 718 398 -

48 451 213 541 definitive
235 455 293 524 vel
316 459 578 546 circumscripte,
596 457 723 548 ubique
746 479 827 526 vero
843 479 904 548 per
927 456 1118 546 simplicem
1140 453 1212 525 ex'i·

46 563 213 649 atentiam
239 563 292 630 ita
315 570 457 653 propter
480 565 620 632 eandem
644 587 740 632 suam
765 565 1014 656 exemptionem
1038 566 1081 632 ab
1105 564 1211 632 omni·

47 670 101 735 bus
113 669 184 738 loci
199 670 429 738 relationibus
444 671 680 739 limitantibus
698 673 941 760 praesentiam,
954 673 1060 740 etiam
1072 672 1109 739 in
1126 671 1212 739 locis

45 777 275 862 possibilibus,
295 800 383 868 quae
406 801 589 868 possumus
612 779 649 846 in
672 779 894 846 indefinitum
918 778 1109 868 concipere,
1135 777 1212 845 nul-

44 881 99 948 libi
120 893 177 952 est
199 891 236 952 et
257 886 397 976 ubique,
423 885 507 953 lieet
529 885 580 952 ibi
603 883 694 952 nulli
718 885 771 952 rei
794 886 844 952 sit
864 909 1034 974 praesens,
1058 883 1141 976 quia
1163 883 1212 952 ibi

44 989 135 1056 nulla
158 1013 216 1059 res
240 991 377 1060 existit.
809 985 811 990 ’
1183 990 1187 996 ’

102 1098 278 1167 Similiter
301 1107 504 1190 conceptum
533 1100 700 1188 temporis
730 1099 933 1189 imaginarii
965 1101 1210 1184 efformamus,

43 1209 196 1294 nepotive
224 1208 456 1276 abstrahendo
487 1210 530 1275 ab
561 1209 719 1276 omnibns
757 1208 1034 1276 successionibus
1069 1207 1213 1276 realiter

42 1309 281 1394 existentibus,
299 1317 336 1379 et
353 1314 502 1400 positive
525 1311 748 1400 concipiendo
772 1313 1005 1380 successiones
1028 1311 1212 1380 continuas

43 1413 74 1478 in
88 1413 310 1482 indefinitum
329 1416 518 1501 possibiles.
530 1415 673 1485 Nullam
688 1423 804 1484 autem
821 1415 1000 1505 concipere
1016 1437 1209 1506 possumus,

43 1542 133 1608 qnae,
161 1521 192 1588 si
217 1520 363 1589 realiter
385 1521 566 1605 existeret,
593 1545 660 1590 non
683 1522 878 1590 necessario
902 1523 994 1590 foret
1017 1521 1212 1590 coexistens

42 1621 142 1690 eidem
167 1633 329 1692 aeternae
352 1631 388 1692 et
411 1624 623 1692 immutabili
648 1624 827 1692 durationi
851 1625 1005 1708 divinae,
1020 1625 1078 1693 oui
1101 1623 1211 1692 coexi-

42 1735 134 1797 stunt
157 1733 394 1800 successiones
415 1737 609 1820 temporum
635 1733 758 1816 reales,
785 1753 872 1822 qnae
896 1755 988 1810 nunc
1012 1738 1106 1799 sunt.

99 1837 155 1904 Ex
180 1835 238 1904 his
260 1861 362 1926 porro
387 1839 626 1928 intelligitur,
653 1838 898 1930 corrigendum
923 1860 998 1907 esse
1021 1837 1210 1921 iudicium,

44 1944 170 2034 siquis
195 1945 286 2012 forte
316 1946 479 2014 maiorem
502 1968 543 2014 ao
566 1947 730 2014 maiorem
753 1946 791 2013 in
814 1945 1034 2013 indefinitum
1070 1943 1127 2012 vel
1151 1944 1211 2011 im·

45 2051 256 2119 mensitatem
273 2052 331 2120 vel
346 2053 563 2120 durationem
576 2053 641 2122 Dei
658 2053 726 2121 sibi
748 2053 874 2141 fingat.
885 2052 1106 2120 Immenaitas
1120 2051 1212 2119 enim

43 2165 90 2224 est
112 2158 374 2248 simplicissima
396 2161 557 2228 absoluta
581 2161 748 2248 perfectio
771 2159 808 2226 in
832 2159 953 2227 ordine
977 2157 1209 2248 praesentiae,

44 2287 170 2354 semper
193 2266 323 2350 eadem,
344 2287 413 2357 qua
427 2267 522 2334 Deus
544 2273 725 2355 exemptus
748 2271 803 2334 est
825 2265 868 2332 ab
884 2265 976 2332 omni
999 2263 1211 2332 limitatione

44 2370 154 2458 locali;
174 2378 209 2439 et
223 2373 417 2440 aeternitas
432 2379 487 2441 eet
509 2371 769 2462 simplicissime
791 2371 953 2440 absoluta
976 2369 1213 2462 permanentia

45 2479 116 2546 sine
137 2478 213 2546 ulla
237 2479 396 2568 possibili
431 2481 647 2550 successione
672 2503 804 2570 semper
826 2479 965 2548 eadem:
991 2479 1106 2568 spatia
1130 2497 1212 2546 vero

45 2589 75 2648 et
88 2581 176 2666 loca,
196 2583 323 2673 quibus
339 2584 433 2652 Deus
457 2585 643 2652 immensus
667 2606 829 2673 praesens
845 2583 906 2666 sit,
924 2589 961 2650 et
980 2581 1213 2650 successiones

44 2711 80 2757 ao
102 2697 270 2780 tempora,
289 2713 377 2782 quae
399 2693 469 2760 Deo
492 2701 633 2761 aeterno
657 2693 865 2775 coexistunt,
890 2695 1035 2781 possunt
1057 2690 1094 2757 in
1119 2689 1213 2758 inde·

46 2797 177 2866 finitum
201 2797 448 2888 multiplicari,
474 2801 559 2891 quin
584 2823 745 2892 umquam
769 2800 813 2868 ad
837 2799 1001 2868 ultimum
1023 2797 1212 2865 terminum

45 2907 279 2993 perveniatur.
307 2907 502 2975 Secundum
534 2907 599 2974 bes
629 2907 863 2976 successiones
892 2905 1075 2996 possibiles
1104 2905 1214 2994 parti·

46 3013 137 3080 culae
159 3015 326 3103 temporis
357 3030 436 3080 ante
467 3023 502 3082 et
532 3030 630 3102 poet,
654 3019 753 3103 prius
783 3020 819 3084 et
848 3016 1042 3102 posterius,
1072 3011 1214 3080 duratio

47 3121 149 3184 maior
172 3127 209 3188 et
231 3123 343 3185 minor
367 3119 538 3209 explicari
562 3121 700 3206 debent,
727 3121 863 3212 quando
886 3119 974 3188 illuc
997 3119 1214 3187 transferun-

48 3231 114 3308 tur,
131 3225 190 3292 ubi
214 3225 351 3292 nullum
375 3233 453 3294 erat
474 3235 611 3316 tempus
626 3228 686 3296 sed
701 3227 825 3296 divina
847 3231 985 3294 tantum
1009 3225 1213 3308 aeternitas,

47 3339 85 3398 ut
99 3333 233 3423 quando
248 3333 380 3402 dicitur
397 3335 546 3402 mundus
563 3335 675 3403 creari
692 3335 847 3424 potuisse
863 3333 971 3402 eitius
989 3333 1045 3400 vel
1062 3331 1213 3416 tardius,

49 3449 81 3506 et
102 3443 304 3532 quaeritur,
333 3467 430 3510 ocur
454 3444 571 3533 potius
602 3451 688 3512 tnnc
710 3452 748 3512 et
770 3467 838 3512 non
869 3450 974 3511 antea
1005 3443 1121 3510 factus
1145 3441 1213 3528 sit;

49 3548 323 3635 quemadmodum
348 3549 469 3638 quaeri
494 3557 625 3639 potest,
653 3573 714 3620 our
743 3550 803 3618 hic
833 3551 971 3640 potius,
999 3549 1057 3616 ubi
1082 3554 1155 3633 est,
1181 3555 1218 3616 et

49 3676 110 3720 non
130 3655 229 3723 alibi.
250 3683 266 3717 n
291 3656 381 3724 Vide
405 3656 677 3746 disputationem
700 3657 896 3747 Augustini
921 3657 997 3724 civ.
1015 3655 1080 3724 Dei
1096 3655 1161 3723 XI.
1180 3657 1215 3739 5,

52 3761 142 3828 ouius
164 3763 342 3831 conclusio
367 3771 439 3832 est:
469 3793 484 3827 a
503 3765 640 3854 quodsi
664 3765 789 3833 dicunt
811 3765 934 3833 inanes
948 3785 1023 3832 esse
1038 3761 1214 3830 bominum

52 3869 290 3954 cogitationes,
317 3869 445 3961 quibus
467 3871 608 3939 infinita
632 3872 874 3968 imaginantur
896 3872 993 3955 loca,
1020 3892 1097 3938 com
1120 3869 1217 3936 loeus
1276 3919 1281 3932 .

53 3975 161 4043 nullus
184 3977 233 4044 sit
250 3983 389 4064 praeter
413 3979 590 4062 mundum,
609 3979 839 4067 respondetur
855 3978 917 4061 eis,
936 3977 1004 4044 isto
1029 3976 1126 4044 modo
1143 3975 1216 4041 ina·

54 4079 135 4148 niter
156 4082 311 4152 homines
335 4085 491 4174 cogitare
515 4085 707 4174 praeterita
729 4092 885 4174 tempora
908 4083 1104 4152 vacationis
1127 4081 1215 4166 Dei,

57 4209 123 4255 oum
145 4191 283 4258 nullum
307 4199 443 4280 tempus
468 4192 516 4260 sit
538 4199 619 4260 ante
644 4194 821 4261 mundum.
