3292 5062
921 365 958 379 -
982 333 1040 394 114
1063 365 1100 380 ·-

419 437 643 525 plementnm,
663 443 699 506 et
714 437 753 506 in
777 439 986 508 connexione
1015 463 1095 508 cum
1120 445 1198 508 tote
1224 438 1375 508 historia
1401 435 1600 508 christiana

420 546 663 634 subsequente,
689 568 776 639 quae
799 547 843 616 ab
866 547 941 638 ipso
963 547 1092 638 pendet
1114 555 1156 618 ιιι
1177 571 1200 616 a
1223 569 1328 616 causa
1349 554 1386 616 et
1408 545 1597 638 principio,

420 657 567 744 atquae
589 657 741 746 utraque
764 656 886 724 estad
909 655 1024 746 ipsum
1047 657 1157 726 atad
1180 657 1294 742 finem,
1312 675 1381 725 non
1396 660 1521 746 potest
1534 675 1600 722 non

420 759 579 850 intelligi
612 761 799 851 festigium
833 763 1130 834 manifestationis
1161 763 1240 832 Dei.
1266 763 1415 846 Quaerit
1438 761 1601 852 Cyrillus

420 867 524 936 Alex.
545 867 596 954 (in
612 868 664 938 Io.
682 869 770 959 Opp.
790 870 832 938 Τ.
851 871 915 940 IV.
934 896 969 961 p.
988 873 1074 958 77.),
1093 871 1184 940 unde
1200 872 1335 940 fuerint
1357 870 1429 938 ista
1452 867 1600 960 prophe

420 983 538 1044 tarum
561 977 727 1067 suspiria:
753 979 873 1047 emitte
896 978 1010 1048 lucem
1034 985 1229 1064 tunneto,
1247 1003 1326 1048 cnm
1340 978 1404 1048 lux
1419 979 1496 1046 iam
1512 981 1601 1044 esset

420 1083 458 1152 in
473 1083 612 1152 mundo.
631 1083 909 1175 Interrogationi
924 1087 1130 1177 respondet:
1152 1117 1169 1152 a
1184 1087 1245 1179 qni
1260 1087 1396 1177 pridem
1414 1083 1599 1175 cogitatio

308 1211 315 1226 ·
419 1213 464 1260 ne
487 1191 701 1281 apprehendi
723 1199 886 1283 poteret,
911 1195 943 1262 is
965 1194 1035 1262 iam
1058 1193 1147 1284 ipsis
1169 1193 1275 1263 etiam
1298 1191 1457 1283 corporis
1490 1189 1599 1259 oculis

420 1298 520 1368 visus
544 1303 813 1388 compactionem,
838 1316 878 1367 ιιι
902 1303 955 1368 ita
980 1303 1116 1394 loquar,
1143 1303 1352 1392 cognitionis
1374 1301 1444 1368 Dei
1468 1323 1598 1366 sennem

420 1410 567 1498 ingessit
589 1409 768 1476 miraculis
791 1423 823 1476 ct
845 1412 1041 1501 magnificia
1065 1411 1222 1500 operibus
1245 1411 1436 1500 cogniturae
1457 1407 1526 1497 (1).

486 1513 781 1597 Quemadmodum
803 1517 920 1608 igitur
943 1517 1147 1589 universum
1170 1517 1235 1588 hoc
1258 1515 1476 1608 aspectabile
1500 1537 1523 1583 a
1537 1515 1596 1583 Pe·

418 1623 535 1692 tribus
558 1625 681 1694 merito
705 1626 838 1696 dicitur
860 1628 1094 1717 praeconium,
1119 1627 1358 1717 proclamatio,
1379 1624 1546 1695 doctrina
1559 1623 1596 1692 de

418 1731 490 1800 Deo
514 1732 611 1820 (vide
627 1737 761 1824 supra),
787 1735 871 1827 quia
892 1735 1004 1804 Deum
1027 1734 1199 1804 humanae
1220 1734 1352 1804 rationi
1376 1733 1593 1817 manifestat,

418 1839 471 1907 ita
493 1839 604 1908 multo
628 1841 732 1908 etiam
756 1843 870 1930 magis
889 1843 1093 1911 universnm
1117 1841 1397 1934 supernaturale,
1416 1841 1524 1910 cuius
1543 1861 1593 1908 su·

419 1969 537 2037 prema
566 1947 777 2017 lineamenta
808 1949 1080 2040 descripsimus,
1110 1951 1223 2020 solum
1253 1949 1370 2019 adhuc
1400 1953 1594 2039 spectatum

419 2054 591 2124 obiective
613 2061 655 2124 ιιι
677 2055 877 2146 complexus
901 2058 1086 2142 factorum,
1111 2056 1383 2148 praescindendo
1405 2077 1427 2124 a
1452 2053 1592 2124 formali

417 2161 632 2233 revelatione
655 2165 714 2233 cui
737 2163 823 2234 fides
845 2165 1045 2255 respondet,
1064 2165 1134 2234 dici
1150 2165 1252 2234 debet
1267 2163 1441 2235 obiective
1455 2163 1526 2232 Dei
1539 2162 1592 2230 do·

418 2268 533 2338 ctrina
555 2269 598 2339 do
620 2293 656 2339 sc
680 2271 767 2361 ipso.
790 2272 928 2342 «Sicut
949 2274 1040 2342 enim
1060 2271 1213 2340 humana
1231 2271 1444 2342 consuetudo
1462 2269 1587 2352 verbis,

416 2376 470 2444 ait
497 2377 676 2466 praeclare
698 2379 925 2468 Augustinus
949 2384 1018 2470 (ep.
1047 2381 1124 2449 102.
1154 2381 1202 2449 al.
1230 2380 1288 2451 49.
1314 2382 1359 2450 ad
1381 2379 1590 2472 Deograties

417 2489 552 2576 quaest.
570 2485 642 2574 6.),
671 2487 726 2556 ita
749 2487 872 2558 divina
895 2487 1054 2578 potentia
1081 2489 1187 2558 etiam
1214 2489 1320 2559 factis
1347 2489 1529 2582 loquitur3
1558 2491 1589 2553 et

416 2591 510 2660 sicut
532 2591 684 2662 humano
707 2595 856 2664 sermoni
879 2597 987 2664 verba
1009 2619 1102 2666 nova
1123 2597 1182 2666 vel
1197 2597 1312 2666 minus
1328 2598 1466 2666 usitata
1483 2595 1587 2666 mode·

416 2705 493 2767 rate
516 2705 553 2768 et
575 2699 737 2770 decenter
759 2723 902 2792 aspersa
926 2703 1142 2792 splendorem
1165 2705 1323 2790 addunt,
1348 2705 1402 2772 ite
1424 2703 1463 2772 in
1488 2699 1587 2772 fectis

416 2807 638 2878 mirabilibus
661 2809 797 2902 aliquid
813 2811 1099 2900 significantibus
1114 2811 1362 2904 quodammodo
1377 2809 1585 2880 luculentior

416 2920 471 2983 est
494 2915 617 2984 divina
632 2915 843 3009 eloquentia.
861 2946 877 2982 n
897 2919 1042 2989 Scilicet
1056 2943 1124 2988 non
1141 2919 1253 2988 solum
1269 2921 1399 3004 verbis,
1418 2919 1481 2988 aad
1496 2937 1586 3008 prae

416 3029 470 3092 ter
493 3023 600 3090 verba
622 3029 659 3092 et
682 3047 753 3092 una
776 3049 854 3095 cum
878 3026 997 3096 verbis
1015 3055 1032 3092 u
1049 3033 1269 3096 contestatur
1291 3027 1386 3095 Deus
1416 3026 1532 3115 signis
1554 3027 1585 3090 st

416 3129 589 3220 portentis
618 3137 655 3200 et
678 3133 789 3202 variis
813 3134 1010 3205 virtutibus
1032 3142 1069 3204 et
1092 3133 1250 3226 Spiritus
1273 3133 1396 3206 Sancti
1421 3133 1583 3204 distribu-

416 3235 572 3306 tionibus
589 3265 606 3302 n
631 3239 718 3309 Heb.
737 3241 787 3310 H.
804 3241 839 3310 4.

478 3451 519 3528 (1)
534 3455 567 3510 '0
586 3461 672 3510 παλαι
695 3477 783 3515 eonon
803 3465 975 3521 καταληπτος
996 3481 1038 3513 και
1057 3458 1148 3522 doecre
1175 3457 1224 3520 vida
1247 3481 1302 3523 τοις
1322 3481 1368 3516 rou
1386 3480 1512 3533 σωματος
1530 3457 1581 3530 ὄρει-

415 3565 492 3616 precs
512 3539 663 3616 ὅρθαλμοις
675 3567 840 3620 saxonem,
860 3549 904 3602 isa
918 3548 996 3612 ὄυτως
1014 3545 1082 3615 isus,
1094 3571 1140 3612 ιιις
1155 3547 1317 3622 Sicyonem<
1336 3551 1398 3624 sipost
1417 3547 1580 3606 iteradum

414 3631 543 3692 ιίισθιισιι
564 3639 607 3690 δια
625 3633 768 3704 Seouerou
788 3661 831 3692 aas
850 3645 1051 3712 μιγαλουργιας
1069 3640 1314 3714 ἱπιγιιωσιομιιιις.

938 3973 1069 3988 ὴ
