<?xml version="1.0" encoding="UTF-8"?>
<!DOCTYPE html PUBLIC "-//W3C//DTD XHTML 1.0 Transitional//EN"
    "http://www.w3.org/TR/xhtml1/DTD/xhtml1-transitional.dtd">
<html xmlns="http://www.w3.org/1999/xhtml" xml:lang="en" lang="en">
 <head>
  <title>
</title>
<meta http-equiv="Content-Type" content="text/html;charset=utf-8" />
  <meta name='ocr-system' content='tesseract 3.04.00' />
  <meta name='ocr-capabilities' content='ocr_page ocr_carea ocr_par ocr_line ocrx_word'/>
</head>
<body>
  <div class='ocr_page' id='page_1' title='image "./ioannisbaptfran01frangoog_0478.png"; bbox 0 0 3262 5076; ppageno 0'>
   <div class='ocr_carea' id='block_1_1' title="bbox 50 367 1218 2805">
    <p class='ocr_par' dir='ltr' id='par_1_1' title="bbox 544 367 724 430">
     <span class='ocr_line' id='line_1_1' title="bbox 544 367 724 430; baseline 0 0"><span class='ocrx_word' id='word_1_1' title='bbox 544 399 583 415; x_wconf 97' lang='lat'>-</span> <span class='ocrx_word' id='word_1_2' title='bbox 605 367 662 430; x_wconf 80' lang='lat' dir='ltr'>tol</span> <span class='ocrx_word' id='word_1_3' title='bbox 685 398 724 416; x_wconf 92' lang='lat'>-</span> 
     </span>
    </p>

    <p class='ocr_par' dir='ltr' id='par_1_2' title="bbox 50 472 1218 2071">
     <span class='ocr_line' id='line_1_2' title="bbox 57 472 1214 566; baseline 0.002 -24"><span class='ocrx_word' id='word_1_4' title='bbox 57 472 227 566; x_wconf 87' lang='lat' dir='ltr'>inquibus</span> <span class='ocrx_word' id='word_1_5' title='bbox 241 473 285 542; x_wconf 86' lang='lat' dir='ltr'>ab</span> <span class='ocrx_word' id='word_1_6' title='bbox 300 473 376 544; x_wconf 87' lang='lat' dir='ltr'>eius</span> <span class='ocrx_word' id='word_1_7' title='bbox 392 472 557 543; x_wconf 88' lang='lat' dir='ltr'>libertate</span> <span class='ocrx_word' id='word_1_8' title='bbox 571 473 735 564; x_wconf 78' lang='lat' dir='ltr'>penderet</span> <span class='ocrx_word' id='word_1_9' title='bbox 744 493 887 565; x_wconf 89' lang='lat' dir='ltr'>peccare</span> <span class='ocrx_word' id='word_1_10' title='bbox 900 472 958 544; x_wconf 84' lang='lat' dir='ltr'>vel</span> <span class='ocrx_word' id='word_1_11' title='bbox 973 496 1041 544; x_wconf 90' lang='lat' dir='ltr'>non</span> <span class='ocrx_word' id='word_1_12' title='bbox 1059 495 1214 566; x_wconf 87' lang='lat' dir='ltr'>peecare,</span> 
     </span>
     <span class='ocr_line' id='line_1_3' title="bbox 56 580 1218 675; baseline 0.002 -27"><span class='ocrx_word' id='word_1_13' title='bbox 56 581 178 649; x_wconf 77' lang='lat' dir='ltr'>Petrae</span> <span class='ocrx_word' id='word_1_14' title='bbox 187 597 357 670; x_wconf 78' lang='lat' dir='ltr'>peccaret,</span> <span class='ocrx_word' id='word_1_15' title='bbox 373 581 500 651; x_wconf 87' lang='lat' dir='ltr'>Petrus</span> <span class='ocrx_word' id='word_1_16' title='bbox 522 605 589 648; x_wconf 82' lang='lat' dir='ltr'>nou</span> <span class='ocrx_word' id='word_1_17' title='bbox 603 597 771 671; x_wconf 69' lang='lat' dir='ltr'>peccant,-</span> <span class='ocrx_word' id='word_1_18' title='bbox 787 605 828 652; x_wconf 87' lang='lat' dir='ltr'>ex</span> <span class='ocrx_word' id='word_1_19' title='bbox 845 580 902 650; x_wconf 92' lang='lat' dir='ltr'>his</span> <span class='ocrx_word' id='word_1_20' title='bbox 925 582 1067 675; x_wconf 90' lang='lat' dir='ltr'>inquam</span> <span class='ocrx_word' id='word_1_21' title='bbox 1082 583 1218 652; x_wconf 79' lang='lat' dir='ltr'>duobus</span> 
     </span>
     <span class='ocr_line' id='line_1_4' title="bbox 56 687 1217 774; baseline 0.001 -18"><span class='ocrx_word' id='word_1_22' title='bbox 56 687 239 758; x_wconf 72' lang='lat' dir='ltr'>enundatis</span> <span class='ocrx_word' id='word_1_23' title='bbox 254 711 359 759; x_wconf 88' lang='lat' dir='ltr'>unum</span> <span class='ocrx_word' id='word_1_24' title='bbox 373 698 427 759; x_wconf 89' lang='lat' dir='ltr'>est</span> <span class='ocrx_word' id='word_1_25' title='bbox 440 689 669 759; x_wconf 88' lang='lat' dir='ltr'>determinate</span> <span class='ocrx_word' id='word_1_26' title='bbox 681 711 813 774; x_wconf 87' lang='lat' dir='ltr'>verum,</span> <span class='ocrx_word' id='word_1_27' title='bbox 826 689 975 758; x_wconf 88' lang='lat' dir='ltr'>alterum</span> <span class='ocrx_word' id='word_1_28' title='bbox 988 689 1217 760; x_wconf 88' lang='lat' dir='ltr'>determinate</span> 
     </span>
     <span class='ocr_line' id='line_1_5' title="bbox 54 795 1216 890; baseline 0.003 -28"><span class='ocrx_word' id='word_1_29' title='bbox 54 795 186 864; x_wconf 82' lang='lat' dir='ltr'>falsum.</span> <span class='ocrx_word' id='word_1_30' title='bbox 196 795 317 889; x_wconf 86' lang='lat' dir='ltr'>Neque</span> <span class='ocrx_word' id='word_1_31' title='bbox 329 820 413 866; x_wconf 87' lang='lat' dir='ltr'>eane</span> <span class='ocrx_word' id='word_1_32' title='bbox 424 803 539 888; x_wconf 90' lang='lat' dir='ltr'>potest</span> <span class='ocrx_word' id='word_1_33' title='bbox 550 819 624 866; x_wconf 86' lang='lat' dir='ltr'>esse</span> <span class='ocrx_word' id='word_1_34' title='bbox 637 803 823 890; x_wconf 89' lang='lat' dir='ltr'>utrumque</span> <span class='ocrx_word' id='word_1_35' title='bbox 833 819 953 866; x_wconf 86' lang='lat' dir='ltr'>verum</span> <span class='ocrx_word' id='word_1_36' title='bbox 965 820 1074 890; x_wconf 87' lang='lat' dir='ltr'>neque</span> <span class='ocrx_word' id='word_1_37' title='bbox 1083 805 1216 866; x_wconf 88' lang='lat' dir='ltr'>utrum-</span> 
     </span>
     <span class='ocr_line' id='line_1_6' title="bbox 54 903 1216 997; baseline 0.004 -28"><span class='ocrx_word' id='word_1_38' title='bbox 54 923 111 994; x_wconf 87' lang='lat' dir='ltr'>qne</span> <span class='ocrx_word' id='word_1_39' title='bbox 125 903 268 992; x_wconf 78' lang='lat' dir='ltr'>falsum3</span> <span class='ocrx_word' id='word_1_40' title='bbox 287 905 344 974; x_wconf 91' lang='lat' dir='ltr'>vel</span> <span class='ocrx_word' id='word_1_41' title='bbox 359 905 450 975; x_wconf 90' lang='lat' dir='ltr'>enim</span> <span class='ocrx_word' id='word_1_42' title='bbox 474 912 634 997; x_wconf 89' lang='lat' dir='ltr'>peccaret</span> <span class='ocrx_word' id='word_1_43' title='bbox 656 907 713 976; x_wconf 85' lang='lat' dir='ltr'>vel</span> <span class='ocrx_word' id='word_1_44' title='bbox 736 929 804 975; x_wconf 89' lang='lat' dir='ltr'>non</span> <span class='ocrx_word' id='word_1_45' title='bbox 828 911 998 997; x_wconf 78' lang='lat' dir='ltr'>peccaret,</span> <span class='ocrx_word' id='word_1_46' title='bbox 1016 911 1216 975; x_wconf 86' lang='lat' dir='ltr'>nouantem</span> 
     </span>
     <span class='ocr_line' id='line_1_7' title="bbox 52 1011 1213 1106; baseline 0.006 -29"><span class='ocrx_word' id='word_1_47' title='bbox 52 1017 160 1100; x_wconf 84' lang='lat' dir='ltr'>posset</span> <span class='ocrx_word' id='word_1_48' title='bbox 182 1011 291 1081; x_wconf 85' lang='lat' dir='ltr'>simul</span> <span class='ocrx_word' id='word_1_49' title='bbox 313 1019 349 1082; x_wconf 88' lang='lat' dir='ltr'>ct</span> <span class='ocrx_word' id='word_1_50' title='bbox 371 1015 437 1082; x_wconf 87' lang='lat' dir='ltr'>snb</span> <span class='ocrx_word' id='word_1_51' title='bbox 460 1014 576 1084; x_wconf 90' lang='lat' dir='ltr'>eodem</span> <span class='ocrx_word' id='word_1_52' title='bbox 591 1021 752 1106; x_wconf 88' lang='lat' dir='ltr'>respectu</span> <span class='ocrx_word' id='word_1_53' title='bbox 770 1037 909 1106; x_wconf 88' lang='lat' dir='ltr'>peccare</span> <span class='ocrx_word' id='word_1_54' title='bbox 925 1021 961 1084; x_wconf 90' lang='lat' dir='ltr'>et</span> <span class='ocrx_word' id='word_1_55' title='bbox 975 1037 1043 1084; x_wconf 94' lang='lat' dir='ltr'>non</span> <span class='ocrx_word' id='word_1_56' title='bbox 1060 1035 1213 1105; x_wconf 88' lang='lat' dir='ltr'>peccare.</span> 
     </span>
     <span class='ocr_line' id='line_1_8' title="bbox 52 1116 1216 1213; baseline 0.006 -28"><span class='ocrx_word' id='word_1_57' title='bbox 52 1116 138 1186; x_wconf 86' lang='lat' dir='ltr'>Illud</span> <span class='ocrx_word' id='word_1_58' title='bbox 162 1119 256 1210; x_wconf 91' lang='lat' dir='ltr'>qnod</span> <span class='ocrx_word' id='word_1_59' title='bbox 280 1121 423 1207; x_wconf 82' lang='lat' dir='ltr'>feceret,</span> <span class='ocrx_word' id='word_1_60' title='bbox 449 1128 541 1192; x_wconf 89' lang='lat' dir='ltr'>esset</span> <span class='ocrx_word' id='word_1_61' title='bbox 563 1122 792 1192; x_wconf 87' lang='lat' dir='ltr'>determinate</span> <span class='ocrx_word' id='word_1_62' title='bbox 815 1122 874 1191; x_wconf 90' lang='lat' dir='ltr'>hic</span> <span class='ocrx_word' id='word_1_63' title='bbox 892 1127 993 1191; x_wconf 89' lang='lat' dir='ltr'>actus</span> <span class='ocrx_word' id='word_1_64' title='bbox 1008 1121 1142 1213; x_wconf 88' lang='lat' dir='ltr'>peccati</span> <span class='ocrx_word' id='word_1_65' title='bbox 1158 1120 1216 1192; x_wconf 88' lang='lat' dir='ltr'>vel</span> 
     </span>
     <span class='ocr_line' id='line_1_9' title="bbox 52 1225 1216 1320; baseline 0.005 -27"><span class='ocrx_word' id='word_1_66' title='bbox 52 1225 273 1297; x_wconf 87' lang='lat' dir='ltr'>determinate</span> <span class='ocrx_word' id='word_1_67' title='bbox 289 1229 433 1318; x_wconf 87' lang='lat' dir='ltr'>negatio</span> <span class='ocrx_word' id='word_1_68' title='bbox 449 1230 595 1320; x_wconf 86' lang='lat' dir='ltr'>peccati;</span> <span class='ocrx_word' id='word_1_69' title='bbox 614 1235 715 1299; x_wconf 87' lang='lat' dir='ltr'>actus</span> <span class='ocrx_word' id='word_1_70' title='bbox 731 1231 823 1298; x_wconf 92' lang='lat' dir='ltr'>enim</span> <span class='ocrx_word' id='word_1_71' title='bbox 835 1229 1126 1299; x_wconf 88' lang='lat' dir='ltr'>indeterminatus</span> <span class='ocrx_word' id='word_1_72' title='bbox 1141 1249 1216 1300; x_wconf 81' lang='lat' dir='ltr'>esse</span> 
     </span>
     <span class='ocr_line' id='line_1_10' title="bbox 51 1333 1211 1425; baseline 0.003 -26"><span class='ocrx_word' id='word_1_73' title='bbox 51 1353 109 1400; x_wconf 93' lang='lat' dir='ltr'>nou</span> <span class='ocrx_word' id='word_1_74' title='bbox 132 1338 262 1422; x_wconf 84' lang='lat' dir='ltr'>potest.</span> <span class='ocrx_word' id='word_1_75' title='bbox 287 1333 355 1402; x_wconf 89' lang='lat' dir='ltr'>Est</span> <span class='ocrx_word' id='word_1_76' title='bbox 376 1357 460 1425; x_wconf 89' lang='lat' dir='ltr'>ergo</span> <span class='ocrx_word' id='word_1_77' title='bbox 484 1358 591 1404; x_wconf 88' lang='lat' dir='ltr'>unum</span> <span class='ocrx_word' id='word_1_78' title='bbox 607 1358 649 1405; x_wconf 85' lang='lat' dir='ltr'>ex</span> <span class='ocrx_word' id='word_1_79' title='bbox 665 1335 800 1405; x_wconf 87' lang='lat' dir='ltr'>duobus</span> <span class='ocrx_word' id='word_1_80' title='bbox 823 1335 1053 1406; x_wconf 88' lang='lat' dir='ltr'>determinate</span> <span class='ocrx_word' id='word_1_81' title='bbox 1077 1357 1211 1420; x_wconf 86' lang='lat' dir='ltr'>verum,</span> 
     </span>
     <span class='ocr_line' id='line_1_11' title="bbox 51 1437 1216 1531; baseline 0.003 -25"><span class='ocrx_word' id='word_1_82' title='bbox 51 1441 82 1506; x_wconf 88' lang='lat' dir='ltr'>et</span> <span class='ocrx_word' id='word_1_83' title='bbox 101 1437 253 1509; x_wconf 90' lang='lat' dir='ltr'>alterum</span> <span class='ocrx_word' id='word_1_84' title='bbox 277 1439 506 1510; x_wconf 89' lang='lat' dir='ltr'>determinate</span> <span class='ocrx_word' id='word_1_85' title='bbox 529 1441 677 1531; x_wconf 84' lang='lat' dir='ltr'>falsum;</span> <span class='ocrx_word' id='word_1_86' title='bbox 702 1443 787 1512; x_wconf 89' lang='lat' dir='ltr'>licet</span> <span class='ocrx_word' id='word_1_87' title='bbox 809 1442 1007 1512; x_wconf 88' lang='lat' dir='ltr'>intellectui</span> <span class='ocrx_word' id='word_1_88' title='bbox 1031 1442 1131 1512; x_wconf 87' lang='lat' dir='ltr'>linito</span> <span class='ocrx_word' id='word_1_89' title='bbox 1146 1463 1216 1510; x_wconf 91' lang='lat' dir='ltr'>non</span> 
     </span>
     <span class='ocr_line' id='line_1_12' title="bbox 51 1547 1213 1642; baseline 0.001 -28"><span class='ocrx_word' id='word_1_90' title='bbox 51 1552 193 1630; x_wconf 86' lang='lat' dir='ltr'>constet,</span> <span class='ocrx_word' id='word_1_91' title='bbox 220 1547 392 1638; x_wconf 88' lang='lat' dir='ltr'>quodnam</span> <span class='ocrx_word' id='word_1_92' title='bbox 414 1571 457 1617; x_wconf 89' lang='lat' dir='ltr'>ex</span> <span class='ocrx_word' id='word_1_93' title='bbox 481 1549 616 1618; x_wconf 90' lang='lat' dir='ltr'>duobus</span> <span class='ocrx_word' id='word_1_94' title='bbox 639 1550 687 1619; x_wconf 86' lang='lat' dir='ltr'>sit</span> <span class='ocrx_word' id='word_1_95' title='bbox 710 1573 851 1636; x_wconf 88' lang='lat' dir='ltr'>verum,</span> <span class='ocrx_word' id='word_1_96' title='bbox 876 1549 1047 1642; x_wconf 80' lang='lat' dir='ltr'><strong>quodnam</strong></span> <span class='ocrx_word' id='word_1_97' title='bbox 1071 1548 1213 1618; x_wconf 86' lang='lat' dir='ltr'>falsum.</span> 
     </span>
     <span class='ocr_line' id='line_1_13' title="bbox 50 1655 1217 1749; baseline 0.005 -27"><span class='ocrx_word' id='word_1_98' title='bbox 50 1655 92 1722; x_wconf 82' lang='lat' dir='ltr'>At</span> <span class='ocrx_word' id='word_1_99' title='bbox 119 1655 324 1726; x_wconf 84' lang='lat' dir='ltr'>intellectus</span> <span class='ocrx_word' id='word_1_100' title='bbox 353 1656 516 1726; x_wconf 83' lang='lat' dir='ltr'>infinitus</span> <span class='ocrx_word' id='word_1_101' title='bbox 546 1679 589 1726; x_wconf 93' lang='lat' dir='ltr'>ex</span> <span class='ocrx_word' id='word_1_102' title='bbox 612 1658 689 1748; x_wconf 86' lang='lat' dir='ltr'>ipsa</span> <span class='ocrx_word' id='word_1_103' title='bbox 719 1679 783 1726; x_wconf 90' lang='lat' dir='ltr'>sua</span> <span class='ocrx_word' id='word_1_104' title='bbox 810 1658 1023 1749; x_wconf 80' lang='lat' dir='ltr'>perfectione</span> <span class='ocrx_word' id='word_1_105' title='bbox 1055 1656 1217 1728; x_wconf 83' lang='lat' dir='ltr'>absoluta</span> 
     </span>
     <span class='ocr_line' id='line_1_14' title="bbox 51 1764 1213 1854; baseline 0.003 -23"><span class='ocrx_word' id='word_1_106' title='bbox 51 1764 238 1832; x_wconf 83' lang='lat' dir='ltr'>necessario</span> <span class='ocrx_word' id='word_1_107' title='bbox 267 1765 446 1854; x_wconf 80' lang='lat' dir='ltr'>cognoscit</span> <span class='ocrx_word' id='word_1_108' title='bbox 475 1786 574 1834; x_wconf 88' lang='lat' dir='ltr'>omne</span> <span class='ocrx_word' id='word_1_109' title='bbox 605 1787 746 1851; x_wconf 89' lang='lat' dir='ltr'>verum,</span> <span class='ocrx_word' id='word_1_110' title='bbox 770 1771 813 1835; x_wconf 88' lang='lat' dir='ltr'>nt</span> <span class='ocrx_word' id='word_1_111' title='bbox 843 1765 1014 1835; x_wconf 88' lang='lat' dir='ltr'>obiective</span> <span class='ocrx_word' id='word_1_112' title='bbox 1037 1788 1073 1834; x_wconf 86' lang='lat' dir='ltr'>se</span> <span class='ocrx_word' id='word_1_113' title='bbox 1096 1764 1213 1835; x_wconf 89' lang='lat' dir='ltr'>hebet.</span> 
     </span>
     <span class='ocr_line' id='line_1_15' title="bbox 50 1869 1212 1965; baseline 0.004 -26"><span class='ocrx_word' id='word_1_114' title='bbox 50 1869 135 1962; x_wconf 86' lang='lat' dir='ltr'>Ergo</span> <span class='ocrx_word' id='word_1_115' title='bbox 157 1873 268 1942; x_wconf 87' lang='lat' dir='ltr'>etiam</span> <span class='ocrx_word' id='word_1_116' title='bbox 292 1873 481 1962; x_wconf 83' lang='lat' dir='ltr'>cognoscit,</span> <span class='ocrx_word' id='word_1_117' title='bbox 498 1873 668 1965; x_wconf 79' lang='lat' dir='ltr'>quodnam</span> <span class='ocrx_word' id='word_1_118' title='bbox 692 1874 831 1943; x_wconf 83' lang='lat' dir='ltr'>axillis</span> <span class='ocrx_word' id='word_1_119' title='bbox 854 1874 989 1944; x_wconf 89' lang='lat' dir='ltr'>duobus</span> <span class='ocrx_word' id='word_1_120' title='bbox 1011 1874 1061 1943; x_wconf 86' lang='lat' dir='ltr'>sit</span> <span class='ocrx_word' id='word_1_121' title='bbox 1077 1895 1212 1960; x_wconf 87' lang='lat' dir='ltr'>verum,</span> 
     </span>
     <span class='ocr_line' id='line_1_16' title="bbox 52 1979 381 2071; baseline 0.003 -24"><span class='ocrx_word' id='word_1_122' title='bbox 52 1980 214 2071; x_wconf 79' lang='lat' dir='ltr'>quodnam</span> <span class='ocrx_word' id='word_1_123' title='bbox 239 1979 381 2048; x_wconf 81' lang='lat' dir='ltr'>falsum.</span> 
     </span>
    </p>

    <p class='ocr_par' dir='ltr' id='par_1_3' title="bbox 51 2085 1217 2805">
     <span class='ocr_line' id='line_1_17' title="bbox 107 2085 1217 2180; baseline 0.003 -27"><span class='ocrx_word' id='word_1_124' title='bbox 107 2085 159 2156; x_wconf 73' lang='lat'>8¹⁰.</span> <span class='ocrx_word' id='word_1_125' title='bbox 187 2085 229 2156; x_wconf 90' lang='lat' dir='ltr'>Si</span> <span class='ocrx_word' id='word_1_126' title='bbox 252 2085 337 2155; x_wconf 86' lang='lat' dir='ltr'>haec</span> <span class='ocrx_word' id='word_1_127' title='bbox 360 2085 413 2156; x_wconf 90' lang='lat' dir='ltr'>ita</span> <span class='ocrx_word' id='word_1_128' title='bbox 436 2094 537 2172; x_wconf 87' lang='lat' dir='ltr'>eunt,</span> <span class='ocrx_word' id='word_1_129' title='bbox 563 2109 675 2157; x_wconf 90' lang='lat' dir='ltr'>nonne</span> <span class='ocrx_word' id='word_1_130' title='bbox 697 2087 778 2157; x_wconf 90' lang='lat' dir='ltr'>tolli</span> <span class='ocrx_word' id='word_1_131' title='bbox 802 2087 944 2158; x_wconf 88' lang='lat' dir='ltr'>videtur</span> <span class='ocrx_word' id='word_1_132' title='bbox 966 2089 1046 2180; x_wconf 86' lang='lat' dir='ltr'>ipsa</span> <span class='ocrx_word' id='word_1_133' title='bbox 1069 2087 1217 2157; x_wconf 85' lang='lat' dir='ltr'>libertae</span> 
     </span>
     <span class='ocr_line' id='line_1_18' title="bbox 51 2194 1216 2286; baseline 0.003 -26"><span class='ocrx_word' id='word_1_134' title='bbox 51 2199 177 2280; x_wconf 88' lang='lat' dir='ltr'>creata,</span> <span class='ocrx_word' id='word_1_135' title='bbox 204 2194 251 2264; x_wconf 91' lang='lat' dir='ltr'>ad</span> <span class='ocrx_word' id='word_1_136' title='bbox 267 2196 368 2265; x_wconf 85' lang='lat' dir='ltr'>cuius</span> <span class='ocrx_word' id='word_1_137' title='bbox 383 2195 649 2286; x_wconf 77' lang='lat' dir='ltr'>explicationem</span> <span class='ocrx_word' id='word_1_138' title='bbox 663 2201 702 2265; x_wconf 90' lang='lat' dir='ltr'>et</span> <span class='ocrx_word' id='word_1_139' title='bbox 717 2195 994 2266; x_wconf 81' lang='lat' dir='ltr'>conciliationem</span> <span class='ocrx_word' id='word_1_140' title='bbox 1012 2219 1090 2266; x_wconf 89' lang='lat' dir='ltr'>cnm</span> <span class='ocrx_word' id='word_1_141' title='bbox 1109 2194 1216 2266; x_wconf 83' lang='lat' dir='ltr'>inlel-</span> 
     </span>
     <span class='ocr_line' id='line_1_19' title="bbox 52 2301 1215 2394; baseline 0.001 -25"><span class='ocrx_word' id='word_1_142' title='bbox 52 2301 133 2370; x_wconf 89' lang='lat' dir='ltr'>libili</span> <span class='ocrx_word' id='word_1_143' title='bbox 148 2301 374 2394; x_wconf 85' lang='lat' dir='ltr'>providentie</span> <span class='ocrx_word' id='word_1_144' title='bbox 396 2303 462 2372; x_wconf 91' lang='lat' dir='ltr'>Dei</span> <span class='ocrx_word' id='word_1_145' title='bbox 492 2303 751 2394; x_wconf 82' lang='lat' dir='ltr'>diligentiorem</span> <span class='ocrx_word' id='word_1_146' title='bbox 774 2304 1085 2374; x_wconf 80' lang='lat' dir='ltr'>considerationem</span> <span class='ocrx_word' id='word_1_147' title='bbox 1108 2305 1215 2372; x_wconf 76' lang='lat' dir='ltr'>ecten-</span> 
     </span>
     <span class='ocr_line' id='line_1_20' title="bbox 53 2407 1216 2501; baseline 0.008 -28"><span class='ocrx_word' id='word_1_148' title='bbox 53 2411 113 2476; x_wconf 82' lang='lat' dir='ltr'>u&#39;ce</span> <span class='ocrx_word' id='word_1_149' title='bbox 141 2407 276 2477; x_wconf 80' lang='lat' dir='ltr'>medice</span> <span class='ocrx_word' id='word_1_150' title='bbox 301 2409 522 2501; x_wconf 88' lang='lat' dir='ltr'>potissimum</span> <span class='ocrx_word' id='word_1_151' title='bbox 552 2412 782 2481; x_wconf 87' lang='lat' dir='ltr'>necessariam</span> <span class='ocrx_word' id='word_1_152' title='bbox 814 2433 888 2482; x_wconf 86' lang='lat' dir='ltr'>esse</span> <span class='ocrx_word' id='word_1_153' title='bbox 920 2412 1089 2482; x_wconf 75' lang='lat' dir='ltr'>dicimus?</span> <span class='ocrx_word' id='word_1_154' title='bbox 1119 2411 1216 2482; x_wconf 91' lang='lat' dir='ltr'>Haeo</span> 
     </span>
     <span class='ocr_line' id='line_1_21' title="bbox 51 2517 1215 2612; baseline 0.003 -26"><span class='ocrx_word' id='word_1_155' title='bbox 51 2517 233 2586; x_wconf 79' lang='lat' dir='ltr'>difficultas</span> <span class='ocrx_word' id='word_1_156' title='bbox 255 2517 398 2587; x_wconf 87' lang='lat' dir='ltr'>exclusa</span> <span class='ocrx_word' id='word_1_157' title='bbox 420 2518 544 2588; x_wconf 88' lang='lat' dir='ltr'>estiis</span> <span class='ocrx_word' id='word_1_158' title='bbox 568 2519 738 2605; x_wconf 89' lang='lat' dir='ltr'>omnibus,</span> <span class='ocrx_word' id='word_1_159' title='bbox 764 2519 892 2612; x_wconf 88' lang='lat' dir='ltr'>quibos</span> <span class='ocrx_word' id='word_1_160' title='bbox 915 2520 952 2588; x_wconf 87' lang='lat' dir='ltr'>in</span> <span class='ocrx_word' id='word_1_161' title='bbox 976 2519 1135 2589; x_wconf 87' lang='lat' dir='ltr'>thesibus</span> <span class='ocrx_word' id='word_1_162' title='bbox 1159 2543 1215 2589; x_wconf 92' lang='lat' dir='ltr'>su·</span> 
     </span>
     <span class='ocr_line' id='line_1_22' title="bbox 51 2624 1215 2717; baseline 0.003 -24"><span class='ocrx_word' id='word_1_163' title='bbox 51 2624 239 2714; x_wconf 83' lang='lat' dir='ltr'>perioribus</span> <span class='ocrx_word' id='word_1_164' title='bbox 262 2625 578 2696; x_wconf 87' lang='lat' dir='ltr'>demonstravimus</span> <span class='ocrx_word' id='word_1_165' title='bbox 600 2627 779 2696; x_wconf 86' lang='lat' dir='ltr'>libertatis</span> <span class='ocrx_word' id='word_1_166' title='bbox 802 2636 941 2698; x_wconf 87' lang='lat' dir='ltr'>nostrae</span> <span class='ocrx_word' id='word_1_167' title='bbox 971 2627 1215 2717; x_wconf 85' lang='lat' dir='ltr'>integritatem</span> 
     </span>
     <span class='ocr_line' id='line_1_23' title="bbox 51 2732 1214 2805; baseline 0.002 -5"><span class='ocrx_word' id='word_1_168' title='bbox 51 2733 106 2800; x_wconf 86' lang='lat' dir='ltr'>sub</span> <span class='ocrx_word' id='word_1_169' title='bbox 136 2732 325 2802; x_wconf 85' lang='lat' dir='ltr'>infallibili</span> <span class='ocrx_word' id='word_1_170' title='bbox 355 2736 501 2802; x_wconf 75' lang='lat' dir='ltr'>scientia</span> <span class='ocrx_word' id='word_1_171' title='bbox 529 2737 685 2804; x_wconf 73' lang='lat' dir='ltr'>wintonie.</span> <span class='ocrx_word' id='word_1_172' title='bbox 726 2736 869 2805; x_wconf 88' lang='lat' dir='ltr'>Veritas</span> <span class='ocrx_word' id='word_1_173' title='bbox 909 2735 953 2804; x_wconf 87' lang='lat' dir='ltr'>ab</span> <span class='ocrx_word' id='word_1_174' title='bbox 986 2740 1128 2804; x_wconf 83' lang='lat' dir='ltr'>aeterno</span> <span class='ocrx_word' id='word_1_175' title='bbox 1161 2755 1214 2803; x_wconf 92' lang='lat' dir='ltr'>co·</span> 
     </span>
    </p>
   </div>
   <div class='ocr_carea' id='block_1_2' title="bbox 53 2841 1318 2935">
    <p class='ocr_par' dir='ltr' id='par_1_4' title="bbox 53 2841 1318 2935">
     <span class='ocr_line' id='line_1_24' title="bbox 53 2841 1318 2935; baseline 0.003 -27"><span class='ocrx_word' id='word_1_176' title='bbox 53 2841 249 2930; x_wconf 83' lang='lat' dir='ltr'>gnoscibilis</span> <span class='ocrx_word' id='word_1_177' title='bbox 282 2841 470 2911; x_wconf 91' lang='lat' dir='ltr'>liberorum</span> <span class='ocrx_word' id='word_1_178' title='bbox 493 2848 634 2913; x_wconf 90' lang='lat' dir='ltr'>actuum</span> <span class='ocrx_word' id='word_1_179' title='bbox 657 2849 730 2912; x_wconf 90' lang='lat' dir='ltr'>tam</span> <span class='ocrx_word' id='word_1_180' title='bbox 753 2865 870 2913; x_wconf 88' lang='lat' dir='ltr'>eornm</span> <span class='ocrx_word' id='word_1_181' title='bbox 885 2893 902 2929; x_wconf 13' lang='lat'>,1</span> <span class='ocrx_word' id='word_1_182' title='bbox 920 2843 980 2935; x_wconf 89' lang='lat' dir='ltr'>qui</span> <span class='ocrx_word' id='word_1_183' title='bbox 1011 2844 1127 2912; x_wconf 79' lang='lat' dir='ltr'>forent</span> <span class='ocrx_word' id='word_1_184' title='bbox 1150 2843 1216 2912; x_wconf 90' lang='lat' dir='ltr'>suh</span> <span class='ocrx_word' id='word_1_185' title='bbox 1316 2890 1318 2898; x_wconf 69' lang='lat'>,</span> 
     </span>
    </p>
   </div>
   <div class='ocr_carea' id='block_1_3' title="bbox 53 2949 1216 4552">
    <p class='ocr_par' dir='ltr' id='par_1_5' title="bbox 53 2949 1216 4552">
     <span class='ocr_line' id='line_1_25' title="bbox 53 2949 1214 3042; baseline 0.003 -27"><span class='ocrx_word' id='word_1_186' title='bbox 53 2951 239 3020; x_wconf 89' lang='lat' dir='ltr'>conditione</span> <span class='ocrx_word' id='word_1_187' title='bbox 261 2971 365 3041; x_wconf 89' lang='lat' dir='ltr'>quam</span> <span class='ocrx_word' id='word_1_188' title='bbox 387 2949 546 3020; x_wconf 85' lang='lat' dir='ltr'>absolute</span> <span class='ocrx_word' id='word_1_189' title='bbox 577 2953 800 3037; x_wconf 81' lang='lat' dir='ltr'>futurorum,</span> <span class='ocrx_word' id='word_1_190' title='bbox 826 2951 987 3020; x_wconf 86' lang='lat' dir='ltr'>consistit</span> <span class='ocrx_word' id='word_1_191' title='bbox 1011 2951 1048 3019; x_wconf 92' lang='lat' dir='ltr'>in</span> <span class='ocrx_word' id='word_1_192' title='bbox 1072 2950 1150 3042; x_wconf 86' lang='lat' dir='ltr'>ipsa</span> <span class='ocrx_word' id='word_1_193' title='bbox 1171 2949 1214 3018; x_wconf 90' lang='lat' dir='ltr'>li·</span> 
     </span>
     <span class='ocr_line' id='line_1_26' title="bbox 54 3055 1215 3144; baseline 0.003 -19"><span class='ocrx_word' id='word_1_194' title='bbox 54 3055 314 3126; x_wconf 82' lang='lat' dir='ltr'>heracleoticas</span> <span class='ocrx_word' id='word_1_195' title='bbox 337 3057 535 3127; x_wconf 87' lang='lat' dir='ltr'>voluntatis</span> <span class='ocrx_word' id='word_1_196' title='bbox 557 3065 594 3129; x_wconf 93' lang='lat' dir='ltr'>et</span> <span class='ocrx_word' id='word_1_197' title='bbox 616 3059 653 3128; x_wconf 90' lang='lat' dir='ltr'>iu</span> <span class='ocrx_word' id='word_1_198' title='bbox 669 3059 857 3130; x_wconf 83' lang='lat' dir='ltr'>existentia</span> <span class='ocrx_word' id='word_1_199' title='bbox 879 3057 982 3128; x_wconf 90' lang='lat' dir='ltr'>liberi</span> <span class='ocrx_word' id='word_1_200' title='bbox 1006 3064 1130 3144; x_wconf 79' lang='lat' dir='ltr'>actns3</span> <span class='ocrx_word' id='word_1_201' title='bbox 1154 3056 1215 3128; x_wconf 91' lang='lat' dir='ltr'>sed</span> 
     </span>
     <span class='ocr_line' id='line_1_27' title="bbox 54 3161 1213 3256; baseline 0.002 -26"><span class='ocrx_word' id='word_1_202' title='bbox 54 3161 83 3231; x_wconf 93' lang='lat' dir='ltr'>in</span> <span class='ocrx_word' id='word_1_203' title='bbox 109 3165 300 3239; x_wconf 83' lang='lat' dir='ltr'>existentia</span> <span class='ocrx_word' id='word_1_204' title='bbox 323 3186 386 3256; x_wconf 90' lang='lat' dir='ltr'>pro</span> <span class='ocrx_word' id='word_1_205' title='bbox 409 3165 547 3235; x_wconf 89' lang='lat' dir='ltr'>diverso</span> <span class='ocrx_word' id='word_1_206' title='bbox 577 3173 674 3236; x_wconf 86' lang='lat' dir='ltr'>statu</span> <span class='ocrx_word' id='word_1_207' title='bbox 698 3167 856 3234; x_wconf 79' lang='lat' dir='ltr'>adnotato</span> <span class='ocrx_word' id='word_1_208' title='bbox 885 3170 950 3235; x_wconf 90' lang='lat' dir='ltr'>aut</span> <span class='ocrx_word' id='word_1_209' title='bbox 974 3167 1213 3255; x_wconf 72' lang='lat' dir='ltr'>hypothetico,</span> 
     </span>
     <span class='ocr_line' id='line_1_28' title="bbox 54 3271 1216 3365; baseline 0.002 -27"><span class='ocrx_word' id='word_1_210' title='bbox 54 3271 135 3342; x_wconf 83' lang='lat' dir='ltr'>sicut</span> <span class='ocrx_word' id='word_1_211' title='bbox 149 3295 273 3343; x_wconf 85' lang='lat' dir='ltr'>verum</span> <span class='ocrx_word' id='word_1_212' title='bbox 287 3273 401 3365; x_wconf 87' lang='lat' dir='ltr'>ipsum</span> <span class='ocrx_word' id='word_1_213' title='bbox 417 3281 472 3342; x_wconf 84' lang='lat' dir='ltr'>eet</span> <span class='ocrx_word' id='word_1_214' title='bbox 487 3273 676 3344; x_wconf 88' lang='lat' dir='ltr'>diversum.</span> <span class='ocrx_word' id='word_1_215' title='bbox 697 3275 791 3358; x_wconf 77' lang='lat' dir='ltr'>Quia</span> <span class='ocrx_word' id='word_1_216' title='bbox 807 3274 971 3344; x_wconf 86' lang='lat' dir='ltr'>voluntas</span> <span class='ocrx_word' id='word_1_217' title='bbox 986 3273 1093 3343; x_wconf 87' lang='lat' dir='ltr'>libere</span> <span class='ocrx_word' id='word_1_218' title='bbox 1111 3275 1216 3364; x_wconf 76' lang='lat' dir='ltr'>ponit</span> 
     </span>
     <span class='ocr_line' id='line_1_29' title="bbox 54 3375 1215 3472; baseline 0.003 -28"><span class='ocrx_word' id='word_1_219' title='bbox 54 3375 136 3450; x_wconf 89' lang='lat' dir='ltr'>huno</span> <span class='ocrx_word' id='word_1_220' title='bbox 163 3388 302 3466; x_wconf 87' lang='lat' dir='ltr'>ectum,</span> <span class='ocrx_word' id='word_1_221' title='bbox 328 3403 413 3451; x_wconf 83' lang='lat' dir='ltr'>vera</span> <span class='ocrx_word' id='word_1_222' title='bbox 442 3387 497 3450; x_wconf 85' lang='lat' dir='ltr'>est</span> <span class='ocrx_word' id='word_1_223' title='bbox 523 3387 559 3451; x_wconf 90' lang='lat' dir='ltr'>et</span> <span class='ocrx_word' id='word_1_224' title='bbox 590 3382 814 3472; x_wconf 78' lang='lat' dir='ltr'>cognoscitur</span> <span class='ocrx_word' id='word_1_225' title='bbox 844 3382 887 3449; x_wconf 90' lang='lat' dir='ltr'>eb</span> <span class='ocrx_word' id='word_1_226' title='bbox 915 3387 1056 3451; x_wconf 86' lang='lat' dir='ltr'>aeterno</span> <span class='ocrx_word' id='word_1_227' title='bbox 1087 3379 1215 3471; x_wconf 89' lang='lat' dir='ltr'>positio</span> 
     </span>
     <span class='ocr_line' id='line_1_30' title="bbox 55 3483 1212 3581; baseline 0.006 -30"><span class='ocrx_word' id='word_1_228' title='bbox 55 3483 148 3556; x_wconf 85' lang='lat' dir='ltr'>huius</span> <span class='ocrx_word' id='word_1_229' title='bbox 169 3495 273 3558; x_wconf 86' lang='lat' dir='ltr'>actus</span> <span class='ocrx_word' id='word_1_230' title='bbox 294 3511 358 3578; x_wconf 88' lang='lat' dir='ltr'>pro</span> <span class='ocrx_word' id='word_1_231' title='bbox 388 3489 452 3559; x_wconf 90' lang='lat' dir='ltr'>hoc</span> <span class='ocrx_word' id='word_1_232' title='bbox 483 3495 657 3581; x_wconf 86' lang='lat' dir='ltr'>tempore;</span> <span class='ocrx_word' id='word_1_233' title='bbox 682 3495 720 3559; x_wconf 93' lang='lat' dir='ltr'>et</span> <span class='ocrx_word' id='word_1_234' title='bbox 742 3490 774 3559; x_wconf 88' lang='lat' dir='ltr'>si</span> <span class='ocrx_word' id='word_1_235' title='bbox 798 3489 982 3574; x_wconf 85' lang='lat' dir='ltr'>voluntas,</span> <span class='ocrx_word' id='word_1_236' title='bbox 1008 3493 1050 3558; x_wconf 89' lang='lat' dir='ltr'>ut</span> <span class='ocrx_word' id='word_1_237' title='bbox 1078 3495 1212 3579; x_wconf 86' lang='lat' dir='ltr'>potest,</span> 
     </span>
     <span class='ocr_line' id='line_1_31' title="bbox 57 3595 1215 3680; baseline 0.003 -19"><span class='ocrx_word' id='word_1_238' title='bbox 57 3600 185 3680; x_wconf 86' lang='lat' dir='ltr'>poneret</span> <span class='ocrx_word' id='word_1_239' title='bbox 207 3595 318 3664; x_wconf 83' lang='lat' dir='ltr'>ulium</span> <span class='ocrx_word' id='word_1_240' title='bbox 341 3602 471 3679; x_wconf 89' lang='lat' dir='ltr'>actum,</span> <span class='ocrx_word' id='word_1_241' title='bbox 490 3595 548 3664; x_wconf 92' lang='lat' dir='ltr'>hic</span> <span class='ocrx_word' id='word_1_242' title='bbox 564 3595 658 3664; x_wconf 87' lang='lat' dir='ltr'>alius</span> <span class='ocrx_word' id='word_1_243' title='bbox 680 3596 796 3666; x_wconf 89' lang='lat' dir='ltr'>eodem</span> <span class='ocrx_word' id='word_1_244' title='bbox 820 3596 919 3666; x_wconf 93' lang='lat' dir='ltr'>modo</span> <span class='ocrx_word' id='word_1_245' title='bbox 941 3597 985 3666; x_wconf 90' lang='lat' dir='ltr'>ab</span> <span class='ocrx_word' id='word_1_246' title='bbox 1007 3603 1149 3666; x_wconf 86' lang='lat' dir='ltr'>aeterno</span> <span class='ocrx_word' id='word_1_247' title='bbox 1164 3619 1215 3665; x_wconf 82' lang='lat' dir='ltr'>co</span> 
     </span>
     <span class='ocr_line' id='line_1_32' title="bbox 56 3703 1213 3796; baseline 0.001 -25"><span class='ocrx_word' id='word_1_248' title='bbox 56 3710 288 3789; x_wconf 78' lang='lat' dir='ltr'>gnosceretur:</span> <span class='ocrx_word' id='word_1_249' title='bbox 313 3703 396 3796; x_wconf 88' lang='lat' dir='ltr'>quia</span> <span class='ocrx_word' id='word_1_250' title='bbox 418 3703 582 3774; x_wconf 85' lang='lat' dir='ltr'>voluntas</span> <span class='ocrx_word' id='word_1_251' title='bbox 609 3704 719 3774; x_wconf 89' lang='lat' dir='ltr'>libere</span> <span class='ocrx_word' id='word_1_252' title='bbox 737 3721 880 3794; x_wconf 80' lang='lat' dir='ltr'>poneret</span> <span class='ocrx_word' id='word_1_253' title='bbox 904 3704 998 3775; x_wconf 90' lang='lat' dir='ltr'>hunc</span> <span class='ocrx_word' id='word_1_254' title='bbox 1021 3711 1157 3789; x_wconf 86' lang='lat' dir='ltr'>actum,</span> <span class='ocrx_word' id='word_1_255' title='bbox 1181 3704 1213 3773; x_wconf 86' lang='lat' dir='ltr'>si</span> 
     </span>
     <span class='ocr_line' id='line_1_33' title="bbox 59 3811 1216 3898; baseline 0.005 -22"><span class='ocrx_word' id='word_1_256' title='bbox 59 3813 320 3882; x_wconf 88' lang='lat' dir='ltr'>constitueretur</span> <span class='ocrx_word' id='word_1_257' title='bbox 340 3811 381 3880; x_wconf 90' lang='lat' dir='ltr'>in</span> <span class='ocrx_word' id='word_1_258' title='bbox 402 3811 460 3880; x_wconf 90' lang='lat' dir='ltr'>his</span> <span class='ocrx_word' id='word_1_259' title='bbox 484 3811 726 3881; x_wconf 89' lang='lat' dir='ltr'>determinatis</span> <span class='ocrx_word' id='word_1_260' title='bbox 752 3813 1026 3898; x_wconf 87' lang='lat' dir='ltr'>conditionibus,</span> <span class='ocrx_word' id='word_1_261' title='bbox 1053 3833 1138 3881; x_wconf 86' lang='lat' dir='ltr'>vera</span> <span class='ocrx_word' id='word_1_262' title='bbox 1160 3819 1216 3882; x_wconf 88' lang='lat' dir='ltr'>est</span> 
     </span>
     <span class='ocr_line' id='line_1_34' title="bbox 57 3918 1214 4011; baseline 0.003 -29"><span class='ocrx_word' id='word_1_263' title='bbox 57 3921 87 3983; x_wconf 88' lang='lat' dir='ltr'>et</span> <span class='ocrx_word' id='word_1_264' title='bbox 105 3919 323 4010; x_wconf 81' lang='lat' dir='ltr'>cognoscitur</span> <span class='ocrx_word' id='word_1_265' title='bbox 345 3919 389 3986; x_wconf 86' lang='lat' dir='ltr'>ab</span> <span class='ocrx_word' id='word_1_266' title='bbox 412 3924 552 3988; x_wconf 89' lang='lat' dir='ltr'>aeterno</span> <span class='ocrx_word' id='word_1_267' title='bbox 576 3919 705 4011; x_wconf 88' lang='lat' dir='ltr'>positio</span> <span class='ocrx_word' id='word_1_268' title='bbox 729 3920 835 3990; x_wconf 84' lang='lat' dir='ltr'>huius</span> <span class='ocrx_word' id='word_1_269' title='bbox 864 3927 964 3988; x_wconf 88' lang='lat' dir='ltr'>ectus</span> <span class='ocrx_word' id='word_1_270' title='bbox 992 3919 1124 4007; x_wconf 82' lang='lat' dir='ltr'>futura</span> <span class='ocrx_word' id='word_1_271' title='bbox 1154 3918 1214 3986; x_wconf 80' lang='lat' dir='ltr'>ech</span> 
     </span>
     <span class='ocr_line' id='line_1_35' title="bbox 61 4023 1213 4115; baseline 0 -21"><span class='ocrx_word' id='word_1_272' title='bbox 61 4024 243 4115; x_wconf 76' lang='lat' dir='ltr'>typcrteei,</span> <span class='ocrx_word' id='word_1_273' title='bbox 268 4029 301 4094; x_wconf 73' lang='grc' dir='ltr'>εἰ</span> <span class='ocrx_word' id='word_1_274' title='bbox 322 4027 481 4095; x_wconf 78' lang='lat' dir='ltr'>colantes</span> <span class='ocrx_word' id='word_1_275' title='bbox 504 4030 767 4095; x_wconf 78' lang='lat' dir='ltr'>constitueretur</span> <span class='ocrx_word' id='word_1_276' title='bbox 796 4032 835 4094; x_wconf 68' lang='grc' dir='ltr'>ἐπ</span> <span class='ocrx_word' id='word_1_277' title='bbox 860 4028 914 4094; x_wconf 76' lang='lat' dir='ltr'>tte</span> <span class='ocrx_word' id='word_1_278' title='bbox 937 4023 1213 4110; x_wconf 56' lang='lat' dir='ltr'>conditionatum</span> 
     </span>
     <span class='ocr_line' id='line_1_36' title="bbox 61 4133 1211 4228; baseline 0.005 -28"><span class='ocrx_word' id='word_1_279' title='bbox 61 4133 128 4202; x_wconf 77' lang='lat' dir='ltr'>etei</span> <span class='ocrx_word' id='word_1_280' title='bbox 142 4137 205 4206; x_wconf 90' lang='lat' dir='ltr'>sub</span> <span class='ocrx_word' id='word_1_281' title='bbox 223 4135 412 4228; x_wconf 85' lang='lat' dir='ltr'>hypothesi</span> <span class='ocrx_word' id='word_1_282' title='bbox 428 4136 552 4206; x_wconf 89' lang='lat' dir='ltr'>horum</span> <span class='ocrx_word' id='word_1_283' title='bbox 567 4136 813 4206; x_wconf 88' lang='lat' dir='ltr'>adiuncturum</span> <span class='ocrx_word' id='word_1_284' title='bbox 830 4135 1008 4220; x_wconf 84' lang='lat' dir='ltr'>voluntas,</span> <span class='ocrx_word' id='word_1_285' title='bbox 1025 4141 1068 4205; x_wconf 86' lang='lat' dir='ltr'>ut</span> <span class='ocrx_word' id='word_1_286' title='bbox 1084 4141 1211 4226; x_wconf 84' lang='lat' dir='ltr'>posset,</span> 
     </span>
     <span class='ocr_line' id='line_1_37' title="bbox 62 4242 1215 4336; baseline 0.003 -28"><span class='ocrx_word' id='word_1_287' title='bbox 62 4257 90 4308; x_wconf 81' lang='lat' dir='ltr'>ee</span> <span class='ocrx_word' id='word_1_288' title='bbox 109 4242 377 4315; x_wconf 77' lang='lat' dir='ltr'>determinatum</span> <span class='ocrx_word' id='word_1_289' title='bbox 400 4246 492 4315; x_wconf 78' lang='lat' dir='ltr'>toret</span> <span class='ocrx_word' id='word_1_290' title='bbox 516 4245 561 4315; x_wconf 91' lang='lat' dir='ltr'>ad</span> <span class='ocrx_word' id='word_1_291' title='bbox 584 4253 701 4314; x_wconf 85' lang='lat' dir='ltr'>actum</span> <span class='ocrx_word' id='word_1_292' title='bbox 724 4244 853 4329; x_wconf 88' lang='lat' dir='ltr'>alium,</span> <span class='ocrx_word' id='word_1_293' title='bbox 878 4265 986 4336; x_wconf 88' lang='lat' dir='ltr'>neque</span> <span class='ocrx_word' id='word_1_294' title='bbox 1009 4264 1094 4312; x_wconf 85' lang='lat' dir='ltr'>vera</span> <span class='ocrx_word' id='word_1_295' title='bbox 1123 4248 1215 4312; x_wconf 86' lang='lat' dir='ltr'>esset</span> 
     </span>
     <span class='ocr_line' id='line_1_38' title="bbox 63 4349 1216 4444; baseline -0.002 -25"><span class='ocrx_word' id='word_1_296' title='bbox 63 4351 92 4413; x_wconf 76' lang='lat' dir='ltr'>tt</span> <span class='ocrx_word' id='word_1_297' title='bbox 109 4361 368 4443; x_wconf 81' lang='lat' dir='ltr'>cognosceretur</span> <span class='ocrx_word' id='word_1_298' title='bbox 383 4354 447 4422; x_wconf 90' lang='lat' dir='ltr'>sub</span> <span class='ocrx_word' id='word_1_299' title='bbox 464 4353 579 4422; x_wconf 87' lang='lat' dir='ltr'>eadem</span> <span class='ocrx_word' id='word_1_300' title='bbox 597 4352 788 4444; x_wconf 85' lang='lat' dir='ltr'>hypothesi</span> <span class='ocrx_word' id='word_1_301' title='bbox 801 4351 928 4442; x_wconf 91' lang='lat' dir='ltr'>positio</span> <span class='ocrx_word' id='word_1_302' title='bbox 943 4349 1050 4420; x_wconf 89' lang='lat' dir='ltr'>huius</span> <span class='ocrx_word' id='word_1_303' title='bbox 1065 4349 1216 4421; x_wconf 84' lang='lat' dir='ltr'>alterius</span> 
     </span>
     <span class='ocr_line' id='line_1_39' title="bbox 64 4455 1212 4552; baseline 0.006 -32"><span class='ocrx_word' id='word_1_304' title='bbox 64 4461 159 4528; x_wconf 79' lang='lat' dir='ltr'>ectus.</span> <span class='ocrx_word' id='word_1_305' title='bbox 185 4459 284 4528; x_wconf 86' lang='lat' dir='ltr'>Unde</span> <span class='ocrx_word' id='word_1_306' title='bbox 314 4459 498 4545; x_wconf 84' lang='lat' dir='ltr'>hebitudo,</span> <span class='ocrx_word' id='word_1_307' title='bbox 525 4481 627 4552; x_wconf 86' lang='lat' dir='ltr'>quem</span> <span class='ocrx_word' id='word_1_308' title='bbox 650 4460 689 4527; x_wconf 90' lang='lat' dir='ltr'>in</span> <span class='ocrx_word' id='word_1_309' title='bbox 712 4457 951 4550; x_wconf 87' lang='lat' dir='ltr'>superioribus</span> <span class='ocrx_word' id='word_1_310' title='bbox 972 4455 1131 4528; x_wconf 89' lang='lat' dir='ltr'>thesibus</span> <span class='ocrx_word' id='word_1_311' title='bbox 1154 4456 1212 4527; x_wconf 89' lang='lat' dir='ltr'>de-</span> 
     </span>
    </p>
   </div>
   <div class='ocr_carea' id='block_1_4' title="bbox 0 0 1636 5076">
    <p class='ocr_par' dir='ltr' id='par_1_6' title="bbox 0 0 1636 5076">
     <span class='ocr_line' id='line_1_40' title="bbox 0 0 1636 5076; baseline 0 0"><span class='ocrx_word' id='word_1_312' title='bbox 0 0 1636 5076; x_wconf 95' lang='lat' dir='ltr'> </span> 
     </span>
    </p>
   </div>
  </div>
 </body>
</html>
