3394 5056
614 369 652 386 -
675 337 715 400 15
735 369 773 386 ..

97 444 224 515 ritates
247 443 373 534 probat
395 449 433 514 et
455 442 612 514 declarat
633 441 831 513 immediate
855 465 897 513 ex
921 445 1018 514 fonte
1034 442 1102 512 sibi
1117 442 1270 533 proprio,

96 577 136 622 ex
159 553 270 622 verbo
293 552 361 622 Dei
384 551 540 643 inquam,
566 551 656 644 quod
680 551 883 621 continetur
898 551 935 620 in
948 551 1135 641 Scriptura
1151 557 1187 619 et
1201 559 1272 620 tra-

95 659 230 729 ditione
246 681 310 728 sen
324 659 584 750 praedicatione
606 659 855 744 ecclesiastica,
873 665 914 728 ut
928 659 1013 728 baec
1029 657 1274 748 multipliciter
1396 701 1399 706 ι

96 767 131 836 in
151 767 321 836 doctrina
350 765 607 850 Consiliorum,
632 767 865 836 Romanorum
888 766 1107 852 Pontificum,
1133 765 1293 836 Sars..

94 883 189 944 hum
214 881 254 944 et
276 875 464 944 Pastorum
486 875 676 960 Ecclesiae,
702 873 739 942 in
754 874 944 964 Liturgiis,
962 875 1000 943 in
1017 897 1084 942 usu
1103 873 1271 964 practico,

95 983 129 1050 in
153 983 386 1052 consensione
404 983 657 1072 theologorum,
676 983 713 1050 in
729 1005 834 1051 sensu
849 1003 890 1051 ac
906 1003 1072 1052 consensu
1086 980 1275 1050 christiani

94 1089 217 1180 populi
241 1111 319 1158 sese
343 1089 558 1158 manifestat.
583 1089 627 1156 In
650 1088 716 1158 hac
750 1088 952 1179 probatione
983 1111 1106 1180 scopus
1140 1109 1273 1178 semper

94 1203 145 1264 est
167 1196 426 1281 demonstrare,
451 1197 636 1266 veritatem
659 1196 815 1286 aliquam
831 1217 934 1264 sensu
950 1195 1179 1265 determinato
1195 1217 1272 1263 con-

94 1303 202 1372 tineri
240 1302 301 1372 vel
325 1308 419 1372 certe
435 1303 493 1373 vel
516 1303 746 1396 probabiliter
769 1303 807 1371 in
838 1304 944 1372 verbo
982 1303 1070 1388 Dei,
1099 1302 1274 1394 simulque

94 1409 292 1494 ostendere,
318 1408 483 1500 quomodo
500 1410 632 1478 veritas
655 1409 694 1478 in
710 1411 816 1480 verbo
830 1410 898 1479 Dei
910 1409 958 1480 sit
981 1409 1170 1500 proposita.
1193 1409 1273 1477 Pot

95 1523 147 1585 est
168 1523 294 1586 autem
317 1517 439 1588 modus
462 1517 676 1608 probationis
698 1518 893 1609 generatim
913 1539 949 1587 se
970 1515 1098 1587 habere
1121 1517 1272 1608 quadru-

97 1624 250 1716 pliciter.

161 1738 199 1820 α)
226 1733 352 1802 Potest
384 1735 544 1824 probatio
566 1757 641 1806 esse
674 1734 749 1820 ita,
775 1739 817 1803 nt
850 1733 1056 1804 ostendatur
1078 1733 1212 1802 veritas
1235 1734 1273 1802 in

99 1863 199 1912 sensu
222 1841 458 1912 determinato
482 1849 643 1912 contenta
665 1841 704 1910 in
727 1843 833 1912 verbo
854 1842 921 1910 Dei
935 1863 977 1910 ea
992 1840 1215 1925 certitudine,
1232 1846 1274 1909 ut

99 1949 313 2019 sufficienter
336 1953 386 2019 sit
407 1951 589 2041 proposita
621 1951 784 2020 fidelibus
807 1951 845 2018 in
875 1948 1069 2032 communi,
1095 1953 1272 2040 tamquam

100 2056 230 2126 veritas
252 2057 429 2145 revelata,
449 2061 545 2149 ,quod
568 2059 708 2150 quidem
730 2057 809 2127 fieri
831 2080 900 2126 uon
922 2062 1037 2147 potest
1057 2055 1129 2125 nisi
1151 2078 1193 2124 ex
1215 2055 1271 2124 de·

100 2173 295 2235 monstrata
310 2166 370 2235 vel
392 2167 596 2238 authentica
619 2167 821 2236 definitione
843 2165 901 2236 vel
924 2163 1111 2234 sufficienti
1133 2186 1272 2232 cousen-
1408 2179 1412 2188 ·

100 2275 190 2344 sione
202 2275 418 2345 universali.
432 2277 490 2345 Ita
502 2299 531 2346 a.
541 2302 577 2366 g.
590 2277 788 2366 theologica
803 2275 1052 2346 demonstratio
1066 2273 1273 2342 instituitur

100 2380 159 2450 SS.
170 2382 368 2452 Trinitatis
391 2405 434 2451 ex
456 2383 841 2471 Moeth.xxv1n.19;
860 2381 994 2472 peccati
1017 2379 1206 2470 originalia
1229 2402 1271 2449 ex

100 2489 251 2560 conv.
264 2490 321 2560 12.
337 2515 404 2583 sq.;
422 2493 528 2562 realis
540 2492 759 2583 praesentiae
783 2492 938 2582 corporis
955 2496 990 2559 et
1006 2490 1190 2579 sanguinis
1206 2489 1272 2558 Do·

100 2597 181 2666 mini
191 2599 260 2666 sub
277 2600 457 2688 speciebus
469 2602 570 2690 panis
583 2600 708 2669 etvini
722 2623 765 2669 ex
776 2599 906 2668 Matth.
916 2597 1169 2668 XXVI.26.28.
1179 2601 1272 2684 (cum

99 2705 295 2796 parallelis)
319 2713 387 2776 eto.
412 2707 576 2798 Idemque
598 2707 696 2776 valet
718 2707 760 2776 de
784 2707 986 2798 probatione
1010 2705 1161 2773 omnium
1180 2704 1271 2774 veri·

101 2821 212 2884 tatum
235 2815 322 2885 fidei
344 2816 403 2887 vel
425 2838 469 2884 ex
491 2815 678 2906 Scriptura
693 2815 750 2884 vel
766 2838 808 2884 ex
823 2814 1014 2884 traditione
1029 2813 1087 2883 vel
1109 2835 1151 2879 ex
1175 2817 1271 2880 utra-

100 2945 161 3014 quc
183 2924 315 3008 simul,
346 2923 481 3015 quoties
503 2924 662 3014 probatio
685 2924 743 2994 vel
765 2923 810 2992 ad
837 2923 1075 2993 authenticam
1099 2920 1271 2990 definitio·

101 3053 171 3100 nem
188 3031 275 3101 fidei
288 3031 346 3100 vel
357 3031 403 3100 ad
415 3054 616 3101 consensum
627 3032 806 3102 Ecclesiae
820 3030 997 3122 appellare
1013 3034 1138 3120 potest.
1153 3028 1196 3096 In
1205 3027 1271 3098 hac

101 3135 291 3230 hypothesi
314 3160 477 3208 assensus
498 3139 536 3208 in
559 3139 670 3231 ipsam
693 3141 880 3209 veritatem
902 3161 971 3206 non
993 3137 1086 3206 alius
1102 3138 1151 3205 sit
1173 3159 1271 3226 opor·

102 3251 149 3313 tet
171 3267 279 3338 qnam
301 3269 465 3316 assensus
479 3247 572 3336 fidei,
592 3248 740 3318 scientia
754 3247 952 3338 theologica
981 3253 1151 3338 quatenus
1167 3267 1188 3312 a
1203 3245 1272 3314 fide

103 3350 349 3442 distinguitur,
375 3355 486 3423 solum
502 3355 676 3445 pertinere
691 3361 806 3446 potest
820 3355 865 3424 ad
881 3355 1139 3423 distinctiorem
1155 3352 1272 3442 cogni·

102 3458 228 3528 tionem
240 3461 346 3546 modi,
358 3485 425 3554 quo
440 3463 574 3531 veritas
589 3462 627 3529 in
640 3464 745 3532 verbo
760 3463 827 3530 Dei
842 3459 1052 3545 continetur,
1063 3467 1099 3528 et
1113 3460 1151 3528 in
1166 3459 1271 3528 verbo

103 3564 163 3634 Dei
187 3567 360 3636 contineri
383 3569 654 3656 demonstratur,
679 3575 783 3660 atque
806 3569 977 3638 adversus
999 3565 1272 3636 contradictores

103 3674 314 3746 defenditur.

166 3783 201 3869 b)
224 3783 444 3876 Frequenter
465 3790 580 3875 potest
601 3784 777 3868 accidere,
802 3789 843 3851 ut
865 3782 1006 3852 aliunde
1029 3782 1167 3874 quidem
1185 3802 1271 3850 cou-

103 3897 167 3960 stet
191 3890 234 3960 de
256 3892 417 3961 revelata
438 3893 602 3978 veritate,
628 3891 790 3983 specialis
811 3898 928 3959 tamen
946 3891 1044 3959 locus
1057 3913 1099 3959 ex
1114 3911 1182 3982 quo
1194 3912 1271 3980 pro·

104 3995 194 4066 batio
216 3998 434 4085 instituitur,
460 3999 571 4068 solum
595 3999 675 4089 plus
697 3984 857 4067 minusue
880 3997 1057 4088 probabile
1086 4019 1271 4087 argumen-

104 4109 175 4172 tum
197 4107 412 4196 suppeditet,
439 4107 523 4199 quia
545 4129 607 4175 nec
630 4106 833 4175 intrinsecis
856 4129 919 4175 nec
941 4105 1148 4174 extrinsecis
1163 4106 1270 4172 ratio-

105 4210 200 4282 nibus
211 4219 415 4304 assumptus
427 4213 496 4282 loci
512 4235 634 4282 sensns
648 4212 748 4303 plene
764 4211 995 4281 demonstrari
1007 4218 1132 4302 potest,
1148 4211 1271 4280 saltem

104 4341 167 4388 non
188 4323 253 4406 ita,
280 4326 324 4390 ut
346 4343 389 4389 ex
412 4342 452 4389 eo
475 4342 536 4410 per
559 4342 596 4389 se
619 4325 774 4410 spectato
797 4325 917 4409 pateat
939 4319 1074 4389 veritas
1095 4325 1271 4408 tamquam

105 4427 308 4500 sufficienter
331 4427 492 4498 omnibus
516 4429 706 4519 proposita.
734 4427 793 4496 Sic
810 4433 947 4497 constat
961 4426 1003 4496 de
1019 4426 1087 4496 fide
1099 4425 1269 4495 sufficien-
