3224 5068
536 375 574 390 ..
596 343 653 404 231
677 374 716 388 -

53 449 198 519 omnium
221 449 461 520 essentialiter
484 455 521 518 et
535 448 794 541 impermistum
818 447 988 532 omnibus,
1006 468 1144 516 necesse
1167 451 1221 514 est

51 581 116 626 esse
138 559 299 629 diversa.
324 557 428 626 Etsi
453 557 653 649 quaeritur,
680 579 747 649 quo
771 555 941 624 differant
972 555 1066 624 siout
1096 553 1219 622 distin·

50 673 192 754 guente,
220 665 404 735 dicendum
429 664 518 756 quod
542 664 695 733 essentia
717 663 840 732 divina
863 684 899 730 se
922 661 999 752 ipst
1029 661 1151 730 differt
1174 659 1218 726 ab

49 776 224 858 omnibus,
251 780 288 842 et
315 795 379 843 sua
409 772 618 863 simplicitas
649 778 685 841 et
714 770 882 862 perfectio
912 792 979 837 non
1010 767 1219 859 permittunt

51 881 158 971 ipsam
182 881 295 950 aliani
317 903 392 951 esse
414 880 620 970 permixtam
637 879 702 966 ita,
721 877 812 969 quod
836 877 885 946 sit
907 877 949 945 dc
971 898 1045 945 esee
1070 875 1217 964 ipsius»

50 989 217 1058 Albertus
242 989 290 1057 M.
305 988 465 1059 Summae
479 987 520 1055 P.
539 987 568 1054 I.
584 986 704 1056 'l'ract
718 985 782 1054 VI.
799 1009 832 1076 q.
847 984 903 1052 29.
919 1007 964 1052 m.
980 983 1012 1052 l.
1028 1005 1061 1052 a.
1076 983 1110 1051 2.
1121 982 1166 1051 ad
1181 982 1212 1050 1.

51 1095 112 1182 (Cl.
132 1117 246 1188 supra
258 1096 311 1166 th.
325 1095 464 1164 xxm.
478 1119 514 1165 n.
530 1095 616 1179 111.)

110 1203 306 1273 Falluntur
328 1205 448 1296 itaque
470 1223 688 1293 magnopere,
710 1201 770 1293 qui
793 1207 921 1291 putant
944 1223 1011 1268 esse
1031 1197 1135 1284 illud,
1155 1197 1220 1266 snb

52 1315 145 1382 cuins
158 1313 302 1382 ratione
318 1311 529 1402 concipimus
552 1310 723 1403 quidquid
741 1309 924 1379 intellectu
941 1307 1164 1396 concipimus,
1184 1311 1220 1373 et

51 1423 145 1490 cuius
161 1422 244 1490 idea
254 1427 310 1490 est
321 1421 472 1489 omnium
483 1420 608 1510 prima,
623 1418 740 1508 reipsa
751 1418 861 1486 Deum
877 1439 951 1486 esse
963 1423 999 1484 et
1010 1413 1154 1506 proinde
1167 1435 1219 1482 re-

51 1528 131 1599 flexa
141 1529 287 1620 agnosci
299 1550 340 1598 ac
352 1528 518 1596 affirmari
530 1527 651 1596 debere
666 1532 844 1618 tamquam
852 1525 941 1592 Esse
953 1524 1118 1592 divinum.
1130 1521 1218 1590 Con·

53 1637 201 1706 tundunt
225 1636 318 1706 enim
333 1636 503 1704 rationem
519 1635 611 1703 entis
634 1633 724 1726 quod
744 1639 799 1732 eust
820 1631 967 1700 maxime
991 1632 1217 1715 abstractum,

53 1765 121 1811 cnm
143 1744 296 1812 maxime
320 1748 490 1827 concreto,
510 1741 710 1810 universale
735 1763 812 1809 oum
835 1739 1072 1808 essentialiter
1095 1737 1214 1828 singu·

53 1849 132 1936 lari,
164 1849 474 1919 indeterminatum
506 1854 542 1917 et
573 1848 798 1938 perfectionis
825 1845 1021 1914 intensione
1045 1845 1215 1930 omnium,

54 1979 131 2046 quae
145 1958 283 2048 concipi
305 1965 465 2048 possunt,
482 1957 662 2025 minimum
685 1979 763 2026 cum
786 1976 915 2024 summe
939 1955 1168 2024 determinato
1184 1959 1220 2023 et

54 2065 272 2151 perfectionis
287 2065 482 2134 intensione
498 2064 647 2152 infinito,
663 2063 810 2156 denique
826 2086 887 2132 ιιι
904 2062 1006 2155 quod,
1021 2061 1218 2130 formaliter

55 2177 90 2238 nt
110 2172 307 2261 concipitur
329 2172 542 2257 universale,
560 2179 661 2240 extra
684 2178 833 2240 mentem
855 2170 1004 2239 existere
1020 2168 1154 2261 nequit,
1173 2175 1215 2236 ut

57 2300 129 2347 vero
158 2279 417 2356 determinatur
440 2279 483 2349 ad
507 2280 571 2349 hoc
595 2279 653 2349 vel
675 2279 766 2348 illud
790 2302 851 2348 ιιι
883 2277 1063 2367 singulare
1094 2276 1214 2344 multi·

57 2383 216 2471 plicatum
239 2386 480 2456 identificatur
496 2409 572 2456 oum
589 2383 665 2454 illis
682 2385 768 2475 ipsis
784 2385 943 2453 omnibns
959 2382 1214 2472 singularibus,

56 2491 267 2562 confundunt
281 2516 359 2563 oum
375 2501 453 2564 ente
472 2493 663 2562 intrinseca
678 2493 886 2562 necessitate
902 2490 1133 2580 singulariter
1145 2491 1217 2558 exi-

56 2604 158 2666 stente
181 2605 218 2668 et
241 2600 285 2668 ab
302 2600 467 2670 omnibus
496 2605 573 2670 tota
603 2601 739 2668 ratione
770 2599 929 2682 diverso,
962 2619 1049 2689 quae
1082 2595 1217 2685 concipi

55 2713 182 2791 praeter
205 2707 320 2798 ipsum
343 2715 499 2798 possunt,
520 2709 738 2778 confundunt
755 2708 895 2800 inquam
911 2705 998 2774 Esse
1013 2704 1213 2772 absolutum

57 2817 85 2880 st
100 2813 175 2880 Ena
191 2837 214 2880 c
229 2837 345 2883 senon
361 2815 472 2885 solnm
489 2839 566 2886 cum
582 2838 656 2884 esse
673 2815 886 2906 participato
902 2813 961 2882 sed
978 2835 1056 2884 eum
1074 2835 1160 2897 esse,
1180 2812 1217 2879 in
1290 2861 1292 2866 .

57 2939 115 3007 quo
136 2920 330 3011 concipitur
353 2921 578 3012 participatio
602 2923 753 2990 omnium
777 2921 930 2989 minima.

112 3025 241 3118 Ingens
263 3027 348 3097 haec
371 3028 527 3114 fallacia,
547 3052 615 3121 qua
632 3053 688 3096 ens
702 3030 847 3119 simplex
866 3054 931 3120 per
954 3029 1216 3096 abstractionem

59 3132 280 3204 substituitur
295 3135 389 3202 Ereti
404 3135 558 3226 simplici
567 3159 633 3225 per
655 3136 845 3203 absolutam
863 3135 1123 3225 perfectionem,
1147 3155 1217 3203 non

58 3240 143 3308 nodo
164 3241 377 3332 principium
408 3249 463 3312 est
485 3249 522 3312 ot
544 3243 643 3312 velut
674 3244 910 3334 compendium
940 3243 1151 3333 pantheismi
1176 3243 1214 3312 in

58 3348 201 3418 omnibns
224 3351 300 3419 suis
323 3349 409 3420 lieet
431 3351 682 3420 diversissimis
705 3353 839 3437 formis,
865 3359 901 3420 et
923 3375 991 3420 non
1015 3351 1112 3421 modo
1136 3351 1215 3421 fun-

58 3451 241 3525 damentum
263 3462 341 3526 erat
362 3456 518 3528 theoriae
533 3458 771 3528 Eunomianae
794 3460 835 3528 de
852 3459 1080 3549 simplicitate
1096 3459 1162 3528 Dei
1177 3465 1215 3528 et

58 3556 92 3626 de
111 3561 308 3648 intuitione,
327 3585 396 3655 qua
411 3587 474 3632 nos
490 3566 675 3634 essentiam
700 3565 855 3634 divinam
878 3565 1134 3656 intelligamus;
1155 3566 1215 3634 sed
1272 3617 1280 3626 .

58 3687 93 3733 ex
111 3669 223 3738 eadem
246 3669 353 3738 etiam
377 3673 577 3741 confusione
601 3673 658 3742 vel
681 3695 723 3742 ex
747 3696 870 3762 parum
894 3679 1034 3742 attenta
1057 3673 1211 3743 conside·

58 3774 175 3846 ratione
193 3777 416 3848 diversitatis
431 3779 642 3849 omnimodae
658 3779 752 3849 inter
774 3803 835 3848 ens
851 3780 1052 3848 universale
1067 3787 1103 3849 et
1118 3780 1213 3848 inter

60 3899 109 3949 ιιι
128 3883 284 3954 divinum
308 3907 344 3954 se
360 3885 436 3976 ipso
458 3887 694 3956 essentialiter
718 3887 911 3978 singulare,
935 3895 1032 3957 ortae
1048 3893 1133 3958 sunt
1149 3887 1214 3955 fal-

62 4005 107 4055 sae
118 3989 294 4060 doetrinae
310 3991 555 4062 nonnullorum
568 3993 784 4064 eruditorum
793 3994 1053 4063 Catholicorum
1071 3995 1112 4062 de
1126 4009 1213 4074 ente,

65 4097 139 4183 qnod
160 4098 330 4168 obiectum
357 4099 407 4168 sit
433 4109 574 4170 nostrae
605 4100 736 4191 primae
760 4101 857 4170 ideae
889 4100 1145 4170 intellectualis
1179 4107 1216 4169 et

66 4208 184 4274 nostrae
213 4205 432 4276 immediatae
456 4207 671 4292 intuitionis,
697 4215 734 4277 et
757 4208 849 4300 quod
880 4209 1095 4278 contendunt
1126 4208 1215 4282 obie-

67 4309 143 4379 otive
155 4319 189 4382 ιι
203 4313 348 4384 realiter
364 4337 437 4384 esse
452 4315 562 4385 Deum
578 4315 662 4386 licet
677 4337 699 4384 a
713 4317 813 4384 nobis
828 4315 980 4385 nondum
996 4317 1060 4386 sub
1080 4316 1216 4385 ratione

69 4414 223 4489 seclusae
252 4421 424 4491 essentiae
454 4423 621 4492 distincte
644 4429 682 4492 st
704 4422 831 4493 reflexa
863 4425 1053 4513 cognitum.
1080 4423 1217 4511 Inque
