3394 5056
613 382 651 395 ..
674 351 711 410 71
737 381 775 394 -

112 455 276 525 naturalia
315 456 469 523 rationis
500 458 539 521 in
566 458 725 544 appetitu
756 455 836 520 boni
863 466 896 520 et
922 453 1021 542 sapa
1051 453 1138 520 meti
1169 469 1284 543 posset

111 568 197 658 aequi
214 569 324 632 etiam
340 568 496 632 nutritus
523 565 561 630 in
585 563 704 652 sylvis,
731 576 763 629 et
794 558 868 628 ideo
887 561 1047 628 nectutis
1069 574 1281 626 enoosaturn

112 676 204 766 Hugo
226 695 249 742 a
266 673 306 742 S.
326 673 441 742 Charo
456 679 493 742 et
508 673 545 742 S.
559 671 721 740 Thomas.
743 700 759 735 u
775 671 966 758 Praecepta
981 668 1127 738 moralia
1140 667 1281 754 dantur,

112 782 227 872 quibus
251 780 462 850 universum
486 802 597 870 genus
620 779 809 848 humanum
833 792 962 844 natura
990 779 1068 867 ipsu
1096 791 1166 842 tom
1183 775 1283 843 inati-
1346 771 1350 778 ’

113 893 173 956 tuit
202 906 275 956 tam
301 892 409 958 etiam
432 889 625 977 obliquam,-
645 887 713 971 lex,
740 909 843 979 quam
867 893 990 977 gentes
1024 885 1095 953 solo
1123 883 1284 951 naturali

113 995 290 1063 dictamine
308 997 477 1086 yar-ebant
499 998 664 1084 scriptam
695 997 734 1060 in
757 1009 879 1076 menta·
906 993 976 1077 lex,
992 1014 1080 1084 quae
1103 1014 1125 1059 a
1147 992 1219 1060 Deo
1234 1016 1284 1059 re·

112 1105 214 1172 uelato
241 1119 294 1171 est
322 1127 389 1193 per
413 1127 464 1183 ea,
483 1126 571 1194 qaae
594 1101 700 1190 factu
719 1117 814 1183 auom
842 1100 989 1168 moralia
1005 1101 1099 1169 Deus
1126 1099 1286 1189 pentibus

109 1234 163 1300 per
189 1211 305 1278 tormen
335 1225 502 1292 naturae,
530 1209 673 1278 Iudaeis
703 1209 809 1278 etiam
843 1207 1044 1298 expressius
1081 1230 1142 1298 par
1174 1206 1287 1296 legem

113 1318 272 1408 scriptam
297 1315 525 1403 illustravit;
553 1313 641 1382 idem
664 1317 848 1404 praestitit
869 1315 1029 1404 pentibus
1050 1314 1161 1380 tumen
1185 1329 1286 1380 natu·

113 1449 175 1509 roe,
204 1423 298 1518 prend
324 1423 468 1494 Iudaeis
503 1425 572 1506 len,
606 1424 766 1514 quamvis
789 1423 917 1492 minori
943 1422 1106 1492 claritate
1128 1449 1145 1485 n
1170 1419 1286 1490 Domi·

113 1535 203 1602 niens
226 1535 328 1603 Soto.
351 1533 609 1602 «Naturaliter
624 1532 762 1602 faciunt
778 1539 900 1623 gantos
924 1553 964 1601 ea
987 1553 1074 1624 quae
1086 1529 1176 1621 legis
1189 1537 1284 1616 sunt,

115 1641 147 1710 id
173 1651 226 1712 est
257 1646 354 1710 citra
384 1642 494 1708 ullam
523 1641 707 1708 revelatam
740 1656 772 1708 et
801 1643 991 1731 positivam
1020 1641 1125 1729 dapem
1152 1667 1168 1702 n
1194 1638 1288 1706 alius

116 1749 205 1818 Cone.
226 1749 333 1818 Trid.
352 1749 538 1838 theologus
554 1748 654 1837 Vaga
677 1749 714 1816 in
737 1745 1285 1818 Defenscono.Trid.l.XI.o.10.

119 1857 408 1948 «Intelliguntur
431 1857 540 1946 (apud
564 1856 726 1940 Paulum)
750 1857 905 1925 homines
928 1857 1002 1923 sola
1029 1859 1165 1922 ratione
1187 1870 1287 1920 natu·

117 1966 180 2030 rodi
192 1980 343 2045 arentes,
361 1964 501 2033 etiamsi
517 1965 618 2032 fidam
633 1987 702 2030 non
719 1962 872 2032 habeant
889 1991 905 2025 n
924 1962 1055 2032 Suarea
1072 1963 1097 2032 l.
1117 1987 1147 2031 o.
1165 1987 1201 2031 n.
1222 1962 1286 2049 205

118 2073 276 2158 infideles,
305 2071 371 2164 qui
395 2073 469 2161 depe
487 2069 647 2138 destituti
674 2057 817 2140 externa
845 2071 952 2138 solam
979 2073 1150 2138 internam
1173 2086 1206 2138 et
1227 2095 1289 2138 aa·

121 2183 251 2250 ruralem
279 2183 354 2250 siti
378 2181 491 2248 ducem
516 2181 640 2248 todoat
658 2209 674 2244 n
692 2181 846 2271 Ripalda
868 2181 894 2249 l.
914 2205 944 2250 e.
963 2205 998 2250 n.
1019 2179 1074 2248 33.
1095 2187 1162 2249 ate.

174 2292 270 2374 Quae
301 2296 429 2359 eontra
456 2297 612 2358 nostram
634 2291 737 2358 immo
761 2289 901 2380 potius,
929 2296 970 2358 ut
1003 2288 1230 2377 stapletonus
1253 2291 1290 2355 et

120 2394 236 2466 Suarez
254 2421 335 2466 eam
360 2397 540 2488 appellant
557 2407 594 2465 et
611 2396 853 2486 appellandam
869 2420 943 2465 esse
960 2419 1001 2465 ax
1015 2395 1120 2464 dictis
1138 2399 1287 2478 constat,

120 2515 227 2572 eontra
251 2529 468 2574 communem
485 2503 808 2593 interpretationem
825 2503 1018 2572 testimonii
1033 2501 1230 2592 Apostolioi
1247 2523 1289 2570 ax

121 2614 324 2682 auctoritate
347 2612 545 2681 extrinseca
568 2612 907 2702 praetendebantur,
934 2612 1022 2679 satis
1046 2619 1130 2700 puto
1154 2611 1291 2678 detenta

121 2729 202 2789 suut.
221 2722 353 2790 Restat
376 2721 620 2789 brevissimum
643 2744 786 2790 examen
808 2744 939 2804 eorum,
955 2742 1042 2811 quae
1065 2743 1107 2788 ex
1124 2725 1291 2788 contextu

122 2825 210 2896 Pauli
233 2828 313 2919 ipso
338 2827 573 2915 obiiciantur;
593 2829 715 2918 paucis
738 2828 775 2896 id
799 2827 961 2918 expedire
985 2849 1180 2916 possumne,
1207 2825 1292 2916 quia

122 2933 353 3020 fundamenta,
369 2935 497 3027 quibus
514 2936 649 3004 veritas
664 2943 805 3003 nostrae
829 2935 1131 3025 interpretationis
1155 2934 1290 3002 damon·

123 3048 257 3126 stratur,
283 3045 359 3111 iam
381 3043 420 3111 in
443 3043 618 3133 superiori
641 3043 735 3112 thesi
757 3043 1051 3134 praestruximus.

179 3149 226 3219 Π.
244 3153 471 3242 Argumenta
504 3152 618 3236 Estii,
645 3173 733 3242 quae
758 3181 775 3215 a
799 3149 903 3219 valde
934 3149 1112 3240 probabile
1146 3156 1182 3219 at
1218 3149 1292 3219 fera

125 3265 242 3326 eertum
267 3259 416 3329 reddare
433 3287 449 3322 a
469 3259 649 3344 dieantur,
668 3258 817 3327 Paulum
830 3258 928 3326 Rom.
946 3257 1292 3328 II.14.15.desolis

126 3361 273 3436 fidelibus
296 3367 422 3460 loqui,
447 3367 491 3436 ad
522 3367 608 3436 haee
639 3367 869 3435 reducuntur.
889 3365 922 3433 1ο
938 3365 1070 3434 Paulus
1104 3367 1140 3434 h.
1159 3366 1184 3433 l.
1204 3389 1291 3434 oom-

127 3474 252 3544 nendat
274 3482 401 3566 gentes
423 3477 467 3544 ab
492 3475 734 3544 observatione
757 3473 860 3564 legis:
886 3473 923 3542 id
948 3497 1030 3542 vero
1054 3473 1210 3564 intelligi
1234 3495 1291 3542 na-

128 3582 195 3670 quit
216 3584 256 3652 de
280 3583 496 3669 infidelibus,
515 3581 600 3676 quin
623 3583 813 3652 inducatur
837 3581 1078 3667 contradicti03
1096 3580 1293 3648 infidelium

128 3687 206 3756 euim
228 3692 363 3760 seelera
378 3698 453 3759 tum
477 3714 507 3760 o.
526 3691 556 3758 I.
575 3689 683 3758 huius
705 3688 873 3778 epistolae
890 3695 964 3756 tum
981 3688 1067 3756 alibi
1084 3710 1183 3778 saepe
1199 3689 1292 3777 Apo·

131 3795 228 3864 stolus
239 3805 394 3867 accusat.
413 3797 447 3864 2ο
457 3798 576 3867 Sermo
592 3797 628 3865 h.
643 3798 668 3864 l.
679 3803 733 3865 est
748 3796 789 3864 de
802 3796 1042 3864 observatione
1059 3795 1161 3885 legis,
1177 3793 1293 3888 qualis

131 3913 404 3974 commemoratur
426 3930 487 3974 vv.
506 3907 539 3974 7.
557 3904 612 3974 10.
632 3904 687 3972 13.
706 3905 762 3972 26.
777 3902 841 3990 29;
860 3925 901 3972 ea
923 3911 1040 3972 autem
1064 3913 1118 3972 est
1133 3904 1294 3971 observa-

131 4005 173 4074 tio
194 4011 294 4099 plena
316 4020 354 4082 et
377 4011 557 4080 meritoria
580 4009 675 4079 vitae
692 4017 864 4078 aeternae.
883 4009 917 4076 3⁰
934 4009 1062 4078 Gentes
1079 4031 1166 4101 quae
1183 4009 1294 4099 legem

133 4134 190 4182 nou
210 4117 349 4203 habent,
365 4125 401 4188 et
423 4125 539 4186 tamen
563 4119 700 4186 faciunt
723 4139 811 4208 qnae
834 4115 924 4206 legis
942 4123 1036 4200 sunt,
1052 4117 1177 4185 debent
1193 4115 1295 4184 intel·

134 4215 192 4310 ligi
212 4226 326 4294 eodem
349 4226 460 4312 modo,
487 4226 580 4294 siout
601 4225 638 4292 in
662 4223 850 4293 versieulis
866 4223 987 4292 citatis
1003 4223 1171 4292 laudatur
1188 4223 1295 4292 Grae·

137 4347 188 4396 ous
208 4354 350 4422 operans
383 4335 529 4418 bonurn,
556 4333 776 4424 praeputium
806 4353 1046 4400 consummans
1077 4329 1296 4422 legam,1a·

138 4429 230 4507 daeus
251 4441 289 4510 in
310 4441 514 4512 abscondito
536 4449 573 4511 et
596 4440 823 4511 circumcisus
846 4439 960 4527 eorda,
986 4439 1087 4510 ouius
1116 4439 1196 4507 laus
1227 4461 1296 4506 non
