<?xml version="1.0" encoding="UTF-8"?>
<!DOCTYPE html PUBLIC "-//W3C//DTD XHTML 1.0 Transitional//EN"
    "http://www.w3.org/TR/xhtml1/DTD/xhtml1-transitional.dtd">
<html xmlns="http://www.w3.org/1999/xhtml" xml:lang="en" lang="en">
 <head>
  <title>
</title>
<meta http-equiv="Content-Type" content="text/html;charset=utf-8" />
  <meta name='ocr-system' content='tesseract 3.04.00' />
  <meta name='ocr-capabilities' content='ocr_page ocr_carea ocr_par ocr_line ocrx_word'/>
</head>
<body>
  <div class='ocr_page' id='page_1' title='image "./ioannisbaptfran01frangoog_0039.png"; bbox 0 0 3394 5056; ppageno 0'>
   <div class='ocr_carea' id='block_1_1' title="bbox 386 341 1579 1075">
    <p class='ocr_par' dir='ltr' id='par_1_1' title="bbox 916 341 1075 402">
     <span class='ocr_line' id='line_1_1' title="bbox 916 341 1075 402; baseline -0.013 -14"><span class='ocrx_word' id='word_1_1' title='bbox 916 373 955 388; x_wconf 94' lang='grc'><strong>..</strong></span> <span class='ocrx_word' id='word_1_2' title='bbox 974 341 1017 402; x_wconf 70' lang='lat'><strong>2⁵2</strong></span> <span class='ocrx_word' id='word_1_3' title='bbox 1036 371 1075 386; x_wconf 93' lang='grc'><strong>..</strong></span> 
     </span>
    </p>

    <p class='ocr_par' dir='ltr' id='par_1_2' title="bbox 386 444 1579 644">
     <span class='ocr_line' id='line_1_2' title="bbox 386 444 1577 538; baseline -0.003 -22"><span class='ocrx_word' id='word_1_4' title='bbox 386 445 610 532; x_wconf 57' lang='lat' dir='ltr'><strong>&#39;axamitum</strong></span> <span class='ocrx_word' id='word_1_5' title='bbox 635 447 806 516; x_wconf 86' lang='lat' dir='ltr'><strong>eontinari</strong></span> <span class='ocrx_word' id='word_1_6' title='bbox 827 447 866 515; x_wconf 92' lang='lat' dir='ltr'><strong>iu</strong></span> <span class='ocrx_word' id='word_1_7' title='bbox 889 446 1117 532; x_wconf 76' lang='lat' dir='ltr'><strong>revelation03</strong></span> <span class='ocrx_word' id='word_1_8' title='bbox 1135 445 1194 514; x_wconf 84' lang='lat' dir='ltr'><strong>val</strong></span> <span class='ocrx_word' id='word_1_9' title='bbox 1209 444 1300 538; x_wconf 85' lang='lat' dir='ltr'><strong>quod</strong></span> <span class='ocrx_word' id='word_1_10' title='bbox 1315 444 1504 536; x_wconf 71' lang='lat' dir='ltr'><strong>propositio</strong></span> <span class='ocrx_word' id='word_1_11' title='bbox 1518 465 1577 513; x_wconf 90' lang='lat' dir='ltr'><strong>aa·</strong></span> 
     </span>
     <span class='ocr_line' id='line_1_3' title="bbox 404 551 1579 644; baseline -0.002 -20"><span class='ocrx_word' id='word_1_12' title='bbox 404 559 545 644; x_wconf 84' lang='lat' dir='ltr'><strong>sumpta</strong></span> <span class='ocrx_word' id='word_1_13' title='bbox 565 553 752 623; x_wconf 88' lang='lat' dir='ltr'><strong>rationalis</strong></span> <span class='ocrx_word' id='word_1_14' title='bbox 773 577 843 624; x_wconf 91' lang='lat' dir='ltr'><strong>nou</strong></span> <span class='ocrx_word' id='word_1_15' title='bbox 865 561 921 624; x_wconf 88' lang='lat' dir='ltr'><strong>est</strong></span> <span class='ocrx_word' id='word_1_16' title='bbox 942 561 1040 624; x_wconf 81' lang='lat' dir='ltr'><strong>uerba</strong></span> <span class='ocrx_word' id='word_1_17' title='bbox 1063 553 1123 628; x_wconf 87' lang='lat' dir='ltr'><strong>sed</strong></span> <span class='ocrx_word' id='word_1_18' title='bbox 1146 553 1258 622; x_wconf 88' lang='lat' dir='ltr'><strong>solnm</strong></span> <span class='ocrx_word' id='word_1_19' title='bbox 1279 551 1489 644; x_wconf 83' lang='lat' dir='ltr'><strong>probabilis,</strong></span> <span class='ocrx_word' id='word_1_20' title='bbox 1515 551 1579 622; x_wconf 83' lang='lat' dir='ltr'><strong>vel</strong></span> 
     </span>
    </p>

    <p class='ocr_par' dir='ltr' id='par_1_3' title="bbox 405 658 1575 753">
     <span class='ocr_line' id='line_1_4' title="bbox 405 658 1575 753; baseline -0.003 -24"><span class='ocrx_word' id='word_1_21' title='bbox 405 660 496 752; x_wconf 84' lang='lat' dir='ltr'><strong>quod</strong></span> <span class='ocrx_word' id='word_1_22' title='bbox 518 683 587 728; x_wconf 88' lang='lat' dir='ltr'><strong>non</strong></span> <span class='ocrx_word' id='word_1_23' title='bbox 609 667 664 730; x_wconf 86' lang='lat' dir='ltr'><strong>est</strong></span> <span class='ocrx_word' id='word_1_24' title='bbox 685 667 783 730; x_wconf 87' lang='lat' dir='ltr'><strong>oerta</strong></span> <span class='ocrx_word' id='word_1_25' title='bbox 804 660 965 751; x_wconf 88' lang='lat' dir='ltr'><strong>legitima</strong></span> <span class='ocrx_word' id='word_1_26' title='bbox 996 659 1243 753; x_wconf 76' lang='lat' dir='ltr'><strong>consequentia</strong></span> <span class='ocrx_word' id='word_1_27' title='bbox 1263 667 1369 752; x_wconf 86' lang='lat' dir='ltr'><strong>atqua</strong></span> <span class='ocrx_word' id='word_1_28' title='bbox 1397 658 1575 728; x_wconf 84' lang='lat' dir='ltr'><strong>deduetio.</strong></span> 
     </span>
    </p>

    <p class='ocr_par' dir='ltr' id='par_1_4' title="bbox 407 765 1577 860">
     <span class='ocr_line' id='line_1_5' title="bbox 407 765 1577 860; baseline 0.002 -28"><span class='ocrx_word' id='word_1_29' title='bbox 407 795 425 832; x_wconf 77' lang='lat' dir='ltr'><strong>e</strong></span> <span class='ocrx_word' id='word_1_30' title='bbox 442 765 657 856; x_wconf 75' lang='lat' dir='ltr'><strong>Theologia,</strong></span> <span class='ocrx_word' id='word_1_31' title='bbox 680 767 800 860; x_wconf 88' lang='lat' dir='ltr'><strong>inquit</strong></span> <span class='ocrx_word' id='word_1_32' title='bbox 820 767 954 838; x_wconf 85' lang='lat' dir='ltr'><strong>llolina</strong></span> <span class='ocrx_word' id='word_1_33' title='bbox 974 768 1001 838; x_wconf 93' lang='lat' dir='ltr'><strong>l.</strong></span> <span class='ocrx_word' id='word_1_34' title='bbox 1020 793 1067 854; x_wconf 75' lang='lat' dir='ltr'><strong>a,</strong></span> <span class='ocrx_word' id='word_1_35' title='bbox 1088 767 1202 860; x_wconf 83' lang='lat' dir='ltr'><strong>quoad</strong></span> <span class='ocrx_word' id='word_1_36' title='bbox 1231 767 1413 837; x_wconf 74' lang='lat' dir='ltr'><strong>dissutam</strong></span> <span class='ocrx_word' id='word_1_37' title='bbox 1433 766 1577 856; x_wconf 84' lang='lat' dir='ltr'><strong>proprie</strong></span> 
     </span>
    </p>

    <p class='ocr_par' dir='ltr' id='par_1_5' title="bbox 402 872 1575 969">
     <span class='ocr_line' id='line_1_6' title="bbox 402 872 1575 969; baseline 0.002 -27"><span class='ocrx_word' id='word_1_38' title='bbox 402 872 629 964; x_wconf 86' lang='lat' dir='ltr'><strong>theologiooa,</strong></span> <span class='ocrx_word' id='word_1_39' title='bbox 654 875 776 967; x_wconf 88' lang='lat' dir='ltr'><strong>quales</strong></span> <span class='ocrx_word' id='word_1_40' title='bbox 798 883 884 946; x_wconf 88' lang='lat' dir='ltr'><strong>sunt</strong></span> <span class='ocrx_word' id='word_1_41' title='bbox 906 877 1033 969; x_wconf 88' lang='lat' dir='ltr'><strong>quiex</strong></span> <span class='ocrx_word' id='word_1_42' title='bbox 1055 899 1127 946; x_wconf 90' lang='lat' dir='ltr'><strong>una</strong></span> <span class='ocrx_word' id='word_1_43' title='bbox 1150 875 1210 945; x_wconf 83' lang='lat' dir='ltr'><strong>val</strong></span> <span class='ocrx_word' id='word_1_44' title='bbox 1230 875 1393 966; x_wconf 88' lang='lat' dir='ltr'><strong>pluribus</strong></span> <span class='ocrx_word' id='word_1_45' title='bbox 1418 872 1575 965; x_wconf 84' lang='lat' dir='ltr'><strong>proposi·</strong></span> 
     </span>
    </p>

    <p class='ocr_par' dir='ltr' id='par_1_6' title="bbox 402 979 1577 1075">
     <span class='ocr_line' id='line_1_7' title="bbox 402 979 1577 1075; baseline -0.003 -25"><span class='ocrx_word' id='word_1_46' title='bbox 402 979 558 1050; x_wconf 88' lang='lat' dir='ltr'><strong>tionibus</strong></span> <span class='ocrx_word' id='word_1_47' title='bbox 579 981 748 1051; x_wconf 84' lang='lat' dir='ltr'><strong>revelatis</strong></span> <span class='ocrx_word' id='word_1_48' title='bbox 769 983 905 1075; x_wconf 87' lang='lat' dir='ltr'><strong>aliquid</strong></span> <span class='ocrx_word' id='word_1_49' title='bbox 927 983 1153 1068; x_wconf 87' lang='lat' dir='ltr'><strong>eoneludunt,</strong></span> <span class='ocrx_word' id='word_1_50' title='bbox 1177 981 1419 1072; x_wconf 86' lang='lat' dir='ltr'><strong>eompleotitnr</strong></span> <span class='ocrx_word' id='word_1_51' title='bbox 1440 979 1577 1048; x_wconf 83' lang='lat' dir='ltr'><strong>multas</strong></span> 
     </span>
    </p>
   </div>
   <div class='ocr_carea' id='block_1_2' title="bbox 394 1087 1576 4510">
    <p class='ocr_par' dir='ltr' id='par_1_7' title="bbox 397 1087 1576 2147">
     <span class='ocr_line' id='line_1_8' title="bbox 401 1087 1573 1180; baseline -0.002 -23"><span class='ocrx_word' id='word_1_52' title='bbox 401 1089 591 1180; x_wconf 88' lang='lat' dir='ltr'><strong>opiniones,</strong></span> <span class='ocrx_word' id='word_1_53' title='bbox 616 1097 658 1158; x_wconf 90' lang='lat' dir='ltr'><strong>ut</strong></span> <span class='ocrx_word' id='word_1_54' title='bbox 679 1089 807 1160; x_wconf 88' lang='lat' dir='ltr'><strong>babere</strong></span> <span class='ocrx_word' id='word_1_55' title='bbox 828 1091 944 1160; x_wconf 85' lang='lat' dir='ltr'><strong>solent</strong></span> <span class='ocrx_word' id='word_1_56' title='bbox 965 1092 1039 1160; x_wconf 84' lang='lat' dir='ltr'><strong>fere</strong></span> <span class='ocrx_word' id='word_1_57' title='bbox 1061 1113 1177 1160; x_wconf 87' lang='lat' dir='ltr'><strong>omnes</strong></span> <span class='ocrx_word' id='word_1_58' title='bbox 1196 1090 1362 1160; x_wconf 71' lang='lat' dir='ltr'>scientiae</span> <span class='ocrx_word' id='word_1_59' title='bbox 1375 1087 1573 1158; x_wconf 74' lang='lat' dir='ltr'><strong>naturales.</strong></span> 
     </span>
     <span class='ocr_line' id='line_1_9' title="bbox 400 1195 1574 1290; baseline -0.002 -24"><span class='ocrx_word' id='word_1_60' title='bbox 400 1195 586 1281; x_wconf 84' lang='lat' dir='ltr'><strong>Probatur,</strong></span> <span class='ocrx_word' id='word_1_61' title='bbox 611 1197 696 1290; x_wconf 91' lang='lat' dir='ltr'><strong>qnia</strong></span> <span class='ocrx_word' id='word_1_62' title='bbox 716 1198 907 1290; x_wconf 89' lang='lat' dir='ltr'><strong>aliquando</strong></span> <span class='ocrx_word' id='word_1_63' title='bbox 928 1198 1086 1290; x_wconf 86' lang='lat' dir='ltr'><strong>proaedit</strong></span> <span class='ocrx_word' id='word_1_64' title='bbox 1107 1197 1246 1290; x_wconf 91' lang='lat' dir='ltr'><strong>quidam</strong></span> <span class='ocrx_word' id='word_1_65' title='bbox 1267 1220 1311 1266; x_wconf 85' lang='lat' dir='ltr'><strong>ax</strong></span> <span class='ocrx_word' id='word_1_66' title='bbox 1326 1195 1574 1287; x_wconf 86' lang='lat' dir='ltr'><strong>propositioni-</strong></span> 
     </span>
     <span class='ocr_line' id='line_1_10' title="bbox 401 1301 1576 1396; baseline -0.001 -24"><span class='ocrx_word' id='word_1_67' title='bbox 401 1301 467 1372; x_wconf 90' lang='lat' dir='ltr'><strong>bus</strong></span> <span class='ocrx_word' id='word_1_68' title='bbox 488 1303 658 1374; x_wconf 75' lang='lat' dir='ltr'><strong>revelatio</strong></span> <span class='ocrx_word' id='word_1_69' title='bbox 679 1303 740 1374; x_wconf 88' lang='lat' dir='ltr'><strong>aad</strong></span> <span class='ocrx_word' id='word_1_70' title='bbox 762 1327 831 1372; x_wconf 90' lang='lat' dir='ltr'><strong>non</strong></span> <span class='ocrx_word' id='word_1_71' title='bbox 853 1305 891 1373; x_wconf 92' lang='lat' dir='ltr'><strong>in</strong></span> <span class='ocrx_word' id='word_1_72' title='bbox 914 1327 1032 1390; x_wconf 85' lang='lat' dir='ltr'><strong>aeusu,</strong></span> <span class='ocrx_word' id='word_1_73' title='bbox 1056 1327 1157 1396; x_wconf 87' lang='lat' dir='ltr'><strong>quem</strong></span> <span class='ocrx_word' id='word_1_74' title='bbox 1176 1309 1313 1374; x_wconf 88' lang='lat' dir='ltr'><strong>oonatat</strong></span> <span class='ocrx_word' id='word_1_75' title='bbox 1333 1325 1408 1372; x_wconf 88' lang='lat' dir='ltr'><strong>essa</strong></span> <span class='ocrx_word' id='word_1_76' title='bbox 1433 1303 1576 1372; x_wconf 83' lang='lat' dir='ltr'><strong>littera·</strong></span> 
     </span>
     <span class='ocr_line' id='line_1_11' title="bbox 400 1409 1575 1503; baseline 0.001 -25"><span class='ocrx_word' id='word_1_77' title='bbox 400 1409 469 1479; x_wconf 92' lang='lat' dir='ltr'><strong>lem</strong></span> <span class='ocrx_word' id='word_1_78' title='bbox 491 1417 529 1480; x_wconf 91' lang='lat' dir='ltr'><strong>at</strong></span> <span class='ocrx_word' id='word_1_79' title='bbox 550 1411 725 1480; x_wconf 89' lang='lat' dir='ltr'><strong>intentum</strong></span> <span class='ocrx_word' id='word_1_80' title='bbox 747 1413 792 1479; x_wconf 92' lang='lat' dir='ltr'><strong>ab</strong></span> <span class='ocrx_word' id='word_1_81' title='bbox 815 1411 955 1503; x_wconf 78' lang='lat' dir='ltr'><strong>Spiritu</strong></span> <span class='ocrx_word' id='word_1_82' title='bbox 978 1412 1119 1500; x_wconf 83' lang='lat' dir='ltr'><strong>Saneto;</strong></span> <span class='ocrx_word' id='word_1_83' title='bbox 1144 1411 1347 1482; x_wconf 91' lang='lat' dir='ltr'><strong>huiusmodi</strong></span> <span class='ocrx_word' id='word_1_84' title='bbox 1360 1419 1477 1480; x_wconf 86' lang='lat' dir='ltr'><strong>autem</strong></span> <span class='ocrx_word' id='word_1_85' title='bbox 1491 1433 1575 1501; x_wconf 88' lang='lat' dir='ltr'><strong>pro-</strong></span> 
     </span>
     <span class='ocr_line' id='line_1_12' title="bbox 399 1517 1574 1612; baseline -0.002 -24"><span class='ocrx_word' id='word_1_86' title='bbox 399 1517 589 1610; x_wconf 84' lang='lat' dir='ltr'><strong>positiones</strong></span> <span class='ocrx_word' id='word_1_87' title='bbox 600 1525 685 1588; x_wconf 89' lang='lat' dir='ltr'><strong>sunt</strong></span> <span class='ocrx_word' id='word_1_88' title='bbox 695 1519 872 1609; x_wconf 90' lang='lat' dir='ltr'><strong>prineipia</strong></span> <span class='ocrx_word' id='word_1_89' title='bbox 885 1519 1092 1610; x_wconf 68' lang='lat' dir='ltr'><strong>probabilia,</strong></span> <span class='ocrx_word' id='word_1_90' title='bbox 1109 1541 1198 1612; x_wconf 89' lang='lat' dir='ltr'><strong>quaa</strong></span> <span class='ocrx_word' id='word_1_91' title='bbox 1226 1521 1365 1590; x_wconf 90' lang='lat' dir='ltr'><strong>nonnisi</strong></span> <span class='ocrx_word' id='word_1_92' title='bbox 1376 1518 1574 1610; x_wconf 86' lang='lat' dir='ltr'><strong>opinionem</strong></span> 
     </span>
     <span class='ocr_line' id='line_1_13' title="bbox 398 1624 1575 1720; baseline -0.002 -26"><span class='ocrx_word' id='word_1_93' title='bbox 398 1633 546 1718; x_wconf 87' lang='lat' dir='ltr'><strong>possunt</strong></span> <span class='ocrx_word' id='word_1_94' title='bbox 566 1647 747 1716; x_wconf 75' lang='lat' dir='ltr'><strong>genanre.</strong></span> <span class='ocrx_word' id='word_1_95' title='bbox 770 1626 972 1718; x_wconf 83' lang='lat' dir='ltr'><strong>Aliquando</strong></span> <span class='ocrx_word' id='word_1_96' title='bbox 993 1650 1089 1712; x_wconf 83' lang='lat' dir='ltr'><strong>vero,</strong></span> <span class='ocrx_word' id='word_1_97' title='bbox 1113 1627 1198 1696; x_wconf 85' lang='lat' dir='ltr'><strong>lieet</strong></span> <span class='ocrx_word' id='word_1_98' title='bbox 1220 1624 1575 1720; x_wconf 80' lang='lat' dir='ltr'><strong>prooadataxaliqna</strong></span> 
     </span>
     <span class='ocr_line' id='line_1_14' title="bbox 399 1733 1574 1826; baseline 0 -24"><span class='ocrx_word' id='word_1_99' title='bbox 399 1734 437 1802; x_wconf 92' lang='lat' dir='ltr'><strong>in</strong></span> <span class='ocrx_word' id='word_1_100' title='bbox 460 1757 576 1818; x_wconf 81' lang='lat' dir='ltr'><strong>sensu,</strong></span> <span class='ocrx_word' id='word_1_101' title='bbox 601 1757 703 1826; x_wconf 87' lang='lat' dir='ltr'><strong>qnam</strong></span> <span class='ocrx_word' id='word_1_102' title='bbox 725 1741 861 1804; x_wconf 80' lang='lat' dir='ltr'><strong>oonstet</strong></span> <span class='ocrx_word' id='word_1_103' title='bbox 874 1757 950 1804; x_wconf 89' lang='lat' dir='ltr'><strong>esse</strong></span> <span class='ocrx_word' id='word_1_104' title='bbox 972 1735 1016 1804; x_wconf 89' lang='lat' dir='ltr'><strong>da</strong></span> <span class='ocrx_word' id='word_1_105' title='bbox 1037 1735 1117 1820; x_wconf 86' lang='lat' dir='ltr'><strong>fida,</strong></span> <span class='ocrx_word' id='word_1_106' title='bbox 1135 1735 1285 1804; x_wconf 71' lang='lat' dir='ltr'><strong>munio</strong></span> <span class='ocrx_word' id='word_1_107' title='bbox 1306 1733 1411 1802; x_wconf 88' lang='lat' dir='ltr'><strong>aliam</strong></span> <span class='ocrx_word' id='word_1_108' title='bbox 1429 1733 1574 1802; x_wconf 86' lang='lat' dir='ltr'><strong>minima</strong></span> 
     </span>
     <span class='ocr_line' id='line_1_15' title="bbox 398 1839 1573 1934; baseline -0.002 -24"><span class='ocrx_word' id='word_1_109' title='bbox 398 1841 591 1910; x_wconf 84' lang='lat' dir='ltr'><strong>revelatam</strong></span> <span class='ocrx_word' id='word_1_110' title='bbox 612 1849 718 1934; x_wconf 86' lang='lat' dir='ltr'><strong>atqua</strong></span> <span class='ocrx_word' id='word_1_111' title='bbox 740 1841 975 1912; x_wconf 83' lang='lat' dir='ltr'><strong>inevidentam</strong></span> <span class='ocrx_word' id='word_1_112' title='bbox 997 1845 1081 1928; x_wconf 90' lang='lat' dir='ltr'><strong>(nou</strong></span> <span class='ocrx_word' id='word_1_113' title='bbox 1104 1847 1268 1928; x_wconf 87' lang='lat' dir='ltr'><strong>oertam),</strong></span> <span class='ocrx_word' id='word_1_114' title='bbox 1292 1849 1359 1911; x_wconf 88' lang='lat' dir='ltr'><strong>aut</strong></span> <span class='ocrx_word' id='word_1_115' title='bbox 1379 1839 1573 1910; x_wconf 86' lang='lat' dir='ltr'><strong>oonalusio·</strong></span> 
     </span>
     <span class='ocr_line' id='line_1_16' title="bbox 397 1947 1573 2040; baseline -0.003 -22"><span class='ocrx_word' id='word_1_116' title='bbox 397 1969 475 2018; x_wconf 87' lang='lat' dir='ltr'><strong>nam</strong></span> <span class='ocrx_word' id='word_1_117' title='bbox 498 1949 744 2040; x_wconf 77' lang='lat' dir='ltr'><strong>aomequantia</strong></span> <span class='ocrx_word' id='word_1_118' title='bbox 765 1948 960 2018; x_wconf 84' lang='lat' dir='ltr'><strong>inevidentu&#39;</strong></span> <span class='ocrx_word' id='word_1_119' title='bbox 975 1949 1130 2018; x_wconf 79' lang='lat' dir='ltr'><strong>deducit.</strong></span> <span class='ocrx_word' id='word_1_120' title='bbox 1147 1949 1355 2018; x_wconf 76' lang='lat' dir='ltr'><strong>Huiusmodi</strong></span> <span class='ocrx_word' id='word_1_121' title='bbox 1368 1954 1484 2016; x_wconf 88' lang='lat' dir='ltr'><strong>antem</strong></span> <span class='ocrx_word' id='word_1_122' title='bbox 1498 1947 1573 2016; x_wconf 88' lang='lat' dir='ltr'><strong>dis·</strong></span> 
     </span>
     <span class='ocr_line' id='line_1_17' title="bbox 397 2055 1273 2147; baseline 0 -21"><span class='ocrx_word' id='word_1_123' title='bbox 397 2077 522 2126; x_wconf 72' lang='lat' dir='ltr'><strong>amans</strong></span> <span class='ocrx_word' id='word_1_124' title='bbox 544 2055 656 2126; x_wconf 91' lang='lat' dir='ltr'><strong>solum</strong></span> <span class='ocrx_word' id='word_1_125' title='bbox 678 2056 872 2147; x_wconf 83' lang='lat' dir='ltr'><strong>opinionem</strong></span> <span class='ocrx_word' id='word_1_126' title='bbox 894 2078 1061 2147; x_wconf 67' lang='lat' dir='ltr'><strong>ganeruo</strong></span> <span class='ocrx_word' id='word_1_127' title='bbox 1082 2065 1239 2147; x_wconf 64' lang='lat' dir='ltr'><strong>munt.</strong></span> <span class='ocrx_word' id='word_1_128' title='bbox 1255 2083 1273 2118; x_wconf 78' lang='lat' dir='ltr'><strong>a</strong></span> 
     </span>
    </p>

    <p class='ocr_par' dir='ltr' id='par_1_8' title="bbox 395 2163 1573 3114">
     <span class='ocr_line' id='line_1_18' title="bbox 463 2163 1571 2257; baseline 0.001 -24"><span class='ocrx_word' id='word_1_129' title='bbox 463 2163 624 2233; x_wconf 83' lang='lat' dir='ltr'><strong>Ceterum</strong></span> <span class='ocrx_word' id='word_1_130' title='bbox 646 2163 846 2234; x_wconf 86' lang='lat' dir='ltr'><strong>huiuamodi</strong></span> <span class='ocrx_word' id='word_1_131' title='bbox 868 2165 1146 2256; x_wconf 79' lang='lat' dir='ltr'><strong>propositiones,</strong></span> <span class='ocrx_word' id='word_1_132' title='bbox 1171 2185 1260 2257; x_wconf 88' lang='lat' dir='ltr'><strong>quaa</strong></span> <span class='ocrx_word' id='word_1_133' title='bbox 1287 2163 1440 2254; x_wconf 88' lang='lat' dir='ltr'><strong>pendant</strong></span> <span class='ocrx_word' id='word_1_134' title='bbox 1460 2163 1571 2234; x_wconf 83' lang='lat' dir='ltr'><strong>etiam</strong></span> 
     </span>
     <span class='ocr_line' id='line_1_19' title="bbox 396 2270 1572 2366; baseline 0.001 -27"><span class='ocrx_word' id='word_1_135' title='bbox 396 2291 420 2338; x_wconf 89' lang='lat' dir='ltr'><strong>a</strong></span> <span class='ocrx_word' id='word_1_136' title='bbox 441 2270 654 2340; x_wconf 85' lang='lat' dir='ltr'><strong>veritatibus</strong></span> <span class='ocrx_word' id='word_1_137' title='bbox 676 2294 745 2340; x_wconf 91' lang='lat' dir='ltr'><strong>non</strong></span> <span class='ocrx_word' id='word_1_138' title='bbox 767 2271 947 2356; x_wconf 84' lang='lat' dir='ltr'><strong>revelatis,</strong></span> <span class='ocrx_word' id='word_1_139' title='bbox 971 2272 1149 2366; x_wconf 86' lang='lat' dir='ltr'><strong>multoque</strong></span> <span class='ocrx_word' id='word_1_140' title='bbox 1171 2271 1284 2362; x_wconf 88' lang='lat' dir='ltr'><strong>magis</strong></span> <span class='ocrx_word' id='word_1_141' title='bbox 1306 2271 1485 2362; x_wconf 79' lang='lat' dir='ltr'><strong>opiniones</strong></span> <span class='ocrx_word' id='word_1_142' title='bbox 1509 2270 1572 2340; x_wconf 92' lang='lat' dir='ltr'><strong>da-</strong></span> 
     </span>
     <span class='ocr_line' id='line_1_20' title="bbox 398 2377 1573 2471; baseline 0 -23"><span class='ocrx_word' id='word_1_143' title='bbox 398 2377 523 2448; x_wconf 88' lang='lat' dir='ltr'><strong>duetaa</strong></span> <span class='ocrx_word' id='word_1_144' title='bbox 545 2401 588 2449; x_wconf 85' lang='lat' dir='ltr'><strong>ex</strong></span> <span class='ocrx_word' id='word_1_145' title='bbox 611 2380 812 2470; x_wconf 85' lang='lat' dir='ltr'><strong>praemissis</strong></span> <span class='ocrx_word' id='word_1_146' title='bbox 833 2387 973 2450; x_wconf 91' lang='lat' dir='ltr'><strong>tantum</strong></span> <span class='ocrx_word' id='word_1_147' title='bbox 994 2380 1253 2471; x_wconf 84' lang='lat' dir='ltr'><strong>probabilibus,</strong></span> <span class='ocrx_word' id='word_1_148' title='bbox 1278 2381 1391 2450; x_wconf 92' lang='lat' dir='ltr'><strong>solum</strong></span> <span class='ocrx_word' id='word_1_149' title='bbox 1419 2377 1573 2448; x_wconf 65' lang='lat' dir='ltr'><strong>mundo</strong></span> 
     </span>
     <span class='ocr_line' id='line_1_21' title="bbox 397 2485 1573 2578; baseline 0.002 -24"><span class='ocrx_word' id='word_1_150' title='bbox 397 2485 473 2556; x_wconf 87' lang='lat' dir='ltr'><strong>loeo</strong></span> <span class='ocrx_word' id='word_1_151' title='bbox 495 2491 532 2556; x_wconf 86' lang='lat' dir='ltr'><strong>at</strong></span> <span class='ocrx_word' id='word_1_152' title='bbox 553 2487 737 2578; x_wconf 63' lang='lat' dir='ltr'><strong>valut‘per</strong></span> <span class='ocrx_word' id='word_1_153' title='bbox 758 2489 931 2575; x_wconf 80' lang='lat' dir='ltr'><strong>assidens,</strong></span> <span class='ocrx_word' id='word_1_154' title='bbox 949 2511 1018 2558; x_wconf 90' lang='lat' dir='ltr'><strong>non</strong></span> <span class='ocrx_word' id='word_1_155' title='bbox 1032 2497 1150 2560; x_wconf 88' lang='lat' dir='ltr'><strong>autam</strong></span> <span class='ocrx_word' id='word_1_156' title='bbox 1172 2512 1215 2559; x_wconf 84' lang='lat' dir='ltr'><strong>ex</strong></span> <span class='ocrx_word' id='word_1_157' title='bbox 1237 2489 1446 2558; x_wconf 72' lang='lat' dir='ltr'><strong>necessitate</strong></span> <span class='ocrx_word' id='word_1_158' title='bbox 1466 2495 1504 2557; x_wconf 86' lang='lat' dir='ltr'><strong>at</strong></span> <span class='ocrx_word' id='word_1_159' title='bbox 1524 2511 1573 2557; x_wconf 85' lang='lat' dir='ltr'><strong>ex</strong></span> 
     </span>
     <span class='ocr_line' id='line_1_22' title="bbox 397 2593 1572 2688; baseline 0.001 -25"><span class='ocrx_word' id='word_1_160' title='bbox 397 2593 476 2684; x_wconf 90' lang='lat' dir='ltr'><strong>ipsa</strong></span> <span class='ocrx_word' id='word_1_161' title='bbox 496 2593 678 2664; x_wconf 88' lang='lat' dir='ltr'><strong>essentiali</strong></span> <span class='ocrx_word' id='word_1_162' title='bbox 699 2595 836 2666; x_wconf 86' lang='lat' dir='ltr'><strong>ratione</strong></span> <span class='ocrx_word' id='word_1_163' title='bbox 852 2617 971 2666; x_wconf 78' lang='lat' dir='ltr'><strong>saurae</strong></span> <span class='ocrx_word' id='word_1_164' title='bbox 987 2597 1095 2666; x_wconf 92' lang='lat' dir='ltr'><strong>huius</strong></span> <span class='ocrx_word' id='word_1_165' title='bbox 1109 2596 1315 2688; x_wconf 82' lang='lat' dir='ltr'><strong>disciplinae</strong></span> <span class='ocrx_word' id='word_1_166' title='bbox 1329 2597 1507 2686; x_wconf 80' lang='lat' dir='ltr'><strong>pertinent</strong></span> <span class='ocrx_word' id='word_1_167' title='bbox 1520 2594 1572 2664; x_wconf 90' lang='lat' dir='ltr'><strong>ad</strong></span> 
     </span>
     <span class='ocr_line' id='line_1_23' title="bbox 395 2699 1572 2794; baseline 0.003 -25"><span class='ocrx_word' id='word_1_168' title='bbox 395 2699 620 2790; x_wconf 78' lang='lat' dir='ltr'><strong>theologiam.</strong></span> <span class='ocrx_word' id='word_1_169' title='bbox 646 2701 748 2786; x_wconf 80' lang='lat' dir='ltr'><strong>Quod</strong></span> <span class='ocrx_word' id='word_1_170' title='bbox 770 2703 910 2794; x_wconf 88' lang='lat' dir='ltr'><strong>quidem</strong></span> <span class='ocrx_word' id='word_1_171' title='bbox 924 2703 1176 2774; x_wconf 83' lang='lat' dir='ltr'><strong>advertendum</strong></span> <span class='ocrx_word' id='word_1_172' title='bbox 1191 2709 1247 2774; x_wconf 87' lang='lat' dir='ltr'><strong>ast</strong></span> <span class='ocrx_word' id='word_1_173' title='bbox 1261 2703 1433 2774; x_wconf 82' lang='lat' dir='ltr'><strong>adversus</strong></span> <span class='ocrx_word' id='word_1_174' title='bbox 1455 2725 1572 2773; x_wconf 83' lang='lat' dir='ltr'><strong>resan-</strong></span> 
     </span>
     <span class='ocr_line' id='line_1_24' title="bbox 396 2806 1570 2904; baseline 0.004 -29"><span class='ocrx_word' id='word_1_175' title='bbox 396 2807 505 2876; x_wconf 86' lang='lat' dir='ltr'><strong>tioraa</strong></span> <span class='ocrx_word' id='word_1_176' title='bbox 536 2806 702 2901; x_wconf 88' lang='lat' dir='ltr'><strong>quosdam</strong></span> <span class='ocrx_word' id='word_1_177' title='bbox 730 2810 913 2896; x_wconf 82' lang='lat' dir='ltr'><strong>eruditos,</strong></span> <span class='ocrx_word' id='word_1_178' title='bbox 938 2811 1000 2904; x_wconf 91' lang='lat' dir='ltr'><strong>qui</strong></span> <span class='ocrx_word' id='word_1_179' title='bbox 1021 2819 1163 2902; x_wconf 87' lang='lat' dir='ltr'><strong>propter</strong></span> <span class='ocrx_word' id='word_1_180' title='bbox 1185 2809 1276 2881; x_wconf 90' lang='lat' dir='ltr'><strong>bano</strong></span> <span class='ocrx_word' id='word_1_181' title='bbox 1297 2810 1570 2902; x_wconf 86' lang='lat' dir='ltr'><strong>assumptionem</strong></span> 
     </span>
     <span class='ocr_line' id='line_1_25' title="bbox 396 2914 1569 3008; baseline 0 -24"><span class='ocrx_word' id='word_1_182' title='bbox 396 2914 588 2984; x_wconf 82' lang='lat' dir='ltr'><strong>veritatum</strong></span> <span class='ocrx_word' id='word_1_183' title='bbox 610 2916 837 2986; x_wconf 87' lang='lat' dir='ltr'><strong>rationalium</strong></span> <span class='ocrx_word' id='word_1_184' title='bbox 852 2940 921 2986; x_wconf 90' lang='lat' dir='ltr'><strong>nou</strong></span> <span class='ocrx_word' id='word_1_185' title='bbox 936 2919 1052 2986; x_wconf 91' lang='lat' dir='ltr'><strong>miuus</strong></span> <span class='ocrx_word' id='word_1_186' title='bbox 1065 2917 1279 3008; x_wconf 77' lang='lat' dir='ltr'><strong>theologiam</strong></span> <span class='ocrx_word' id='word_1_187' title='bbox 1300 2939 1323 2986; x_wconf 87' lang='lat' dir='ltr'><strong>a</strong></span> <span class='ocrx_word' id='word_1_188' title='bbox 1344 2915 1569 3008; x_wconf 88' lang='lat' dir='ltr'><strong>philosophia</strong></span> 
     </span>
     <span class='ocr_line' id='line_1_26' title="bbox 396 3021 1186 3114; baseline 0.005 -26"><span class='ocrx_word' id='word_1_189' title='bbox 396 3041 499 3114; x_wconf 90' lang='lat' dir='ltr'><strong>quam</strong></span> <span class='ocrx_word' id='word_1_190' title='bbox 521 3021 612 3092; x_wconf 88' lang='lat' dir='ltr'><strong>hano</strong></span> <span class='ocrx_word' id='word_1_191' title='bbox 634 3023 678 3090; x_wconf 93' lang='lat' dir='ltr'><strong>ab</strong></span> <span class='ocrx_word' id='word_1_192' title='bbox 700 3022 765 3092; x_wconf 88' lang='lat' dir='ltr'><strong>illa</strong></span> <span class='ocrx_word' id='word_1_193' title='bbox 786 3023 934 3114; x_wconf 86' lang='lat' dir='ltr'><strong>pandera</strong></span> <span class='ocrx_word' id='word_1_194' title='bbox 955 3025 1186 3094; x_wconf 83' lang='lat' dir='ltr'><strong>affirmarunt.</strong></span> 
     </span>
    </p>

    <p class='ocr_par' dir='ltr' id='par_1_9' title="bbox 394 3127 1567 3970">
     <span class='ocr_line' id='line_1_27' title="bbox 461 3127 1566 3220; baseline 0.005 -25"><span class='ocrx_word' id='word_1_195' title='bbox 461 3127 594 3196; x_wconf 79' lang='lat' dir='ltr'><strong>111.1u</strong></span> <span class='ocrx_word' id='word_1_196' title='bbox 615 3127 743 3196; x_wconf 90' lang='lat' dir='ltr'><strong>ultima</strong></span> <span class='ocrx_word' id='word_1_197' title='bbox 771 3137 872 3220; x_wconf 84' lang='lat' dir='ltr'><strong>parta</strong></span> <span class='ocrx_word' id='word_1_198' title='bbox 902 3131 1041 3201; x_wconf 87' lang='lat' dir='ltr'><strong>theseos</strong></span> <span class='ocrx_word' id='word_1_199' title='bbox 1069 3131 1265 3200; x_wconf 80' lang='lat' dir='ltr'><strong>iudicamus</strong></span> <span class='ocrx_word' id='word_1_200' title='bbox 1294 3129 1566 3200; x_wconf 76' lang='lat' dir='ltr'><strong>controversiam</strong></span> 
     </span>
     <span class='ocr_line' id='line_1_28' title="bbox 397 3235 1567 3331; baseline 0.005 -27"><span class='ocrx_word' id='word_1_201' title='bbox 397 3257 486 3328; x_wconf 89' lang='lat' dir='ltr'><strong>quaa</strong></span> <span class='ocrx_word' id='word_1_202' title='bbox 507 3235 696 3328; x_wconf 87' lang='lat' dir='ltr'><strong>aliqnando</strong></span> <span class='ocrx_word' id='word_1_203' title='bbox 719 3238 802 3320; x_wconf 79' lang='lat' dir='ltr'><strong>fuit,</strong></span> <span class='ocrx_word' id='word_1_204' title='bbox 828 3245 948 3308; x_wconf 90' lang='lat' dir='ltr'><strong>utrum</strong></span> <span class='ocrx_word' id='word_1_205' title='bbox 969 3239 1148 3330; x_wconf 76' lang='lat' dir='ltr'><strong>theologia</strong></span> <span class='ocrx_word' id='word_1_206' title='bbox 1169 3239 1311 3331; x_wconf 87' lang='lat' dir='ltr'><strong>proprio</strong></span> <span class='ocrx_word' id='word_1_207' title='bbox 1333 3262 1437 3310; x_wconf 89' lang='lat' dir='ltr'><strong>seusu</strong></span> <span class='ocrx_word' id='word_1_208' title='bbox 1459 3239 1508 3309; x_wconf 90' lang='lat' dir='ltr'><strong>sit</strong></span> <span class='ocrx_word' id='word_1_209' title='bbox 1528 3247 1567 3310; x_wconf 86' lang='lat' dir='ltr'><strong>at</strong></span> 
     </span>
     <span class='ocr_line' id='line_1_29' title="bbox 396 3342 1566 3438; baseline 0.007 -28"><span class='ocrx_word' id='word_1_210' title='bbox 396 3342 569 3434; x_wconf 85' lang='lat' dir='ltr'><strong>appellari</strong></span> <span class='ocrx_word' id='word_1_211' title='bbox 590 3343 716 3414; x_wconf 81' lang='lat' dir='ltr'><strong>debeat</strong></span> <span class='ocrx_word' id='word_1_212' title='bbox 745 3349 905 3414; x_wconf 76' lang='lat' dir='ltr'><strong>seientia.</strong></span> <span class='ocrx_word' id='word_1_213' title='bbox 937 3346 978 3416; x_wconf 84' lang='lat' dir='ltr'><strong>Si</strong></span> <span class='ocrx_word' id='word_1_214' title='bbox 1010 3347 1146 3416; x_wconf 87' lang='lat' dir='ltr'><strong>nomina</strong></span> <span class='ocrx_word' id='word_1_215' title='bbox 1179 3349 1343 3415; x_wconf 76' lang='lat' dir='ltr'><strong>scientiae</strong></span> <span class='ocrx_word' id='word_1_216' title='bbox 1364 3347 1566 3438; x_wconf 85' lang='lat' dir='ltr'><strong>inelligitur</strong></span> 
     </span>
     <span class='ocr_line' id='line_1_30' title="bbox 396 3449 1563 3543; baseline 0.004 -23"><span class='ocrx_word' id='word_1_217' title='bbox 396 3457 493 3520; x_wconf 83' lang='lat' dir='ltr'><strong>sarta</strong></span> <span class='ocrx_word' id='word_1_218' title='bbox 514 3457 552 3519; x_wconf 85' lang='lat' dir='ltr'><strong>et</strong></span> <span class='ocrx_word' id='word_1_219' title='bbox 572 3449 743 3522; x_wconf 71' lang='lat' dir='ltr'><strong>distima</strong></span> <span class='ocrx_word' id='word_1_220' title='bbox 764 3453 919 3543; x_wconf 77' lang='lat' dir='ltr'><strong>cognitio</strong></span> <span class='ocrx_word' id='word_1_221' title='bbox 940 3455 1117 3524; x_wconf 88' lang='lat' dir='ltr'><strong>rationum</strong></span> <span class='ocrx_word' id='word_1_222' title='bbox 1132 3462 1169 3524; x_wconf 88' lang='lat' dir='ltr'><strong>et</strong></span> <span class='ocrx_word' id='word_1_223' title='bbox 1185 3454 1491 3525; x_wconf 83' lang='lat' dir='ltr'><strong>fundamentorum</strong></span> <span class='ocrx_word' id='word_1_224' title='bbox 1506 3479 1563 3525; x_wconf 86' lang='lat' dir='ltr'><strong>va·</strong></span> 
     </span>
     <span class='ocr_line' id='line_1_31' title="bbox 394 3557 1564 3657; baseline 0.006 -30"><span class='ocrx_word' id='word_1_225' title='bbox 394 3557 517 3629; x_wconf 84' lang='lat' dir='ltr'><strong>ritatis</strong></span> <span class='ocrx_word' id='word_1_226' title='bbox 539 3559 720 3651; x_wconf 84' lang='lat' dir='ltr'><strong>mutuique</strong></span> <span class='ocrx_word' id='word_1_227' title='bbox 743 3561 935 3630; x_wconf 84' lang='lat' dir='ltr'><strong>veritatum</strong></span> <span class='ocrx_word' id='word_1_228' title='bbox 958 3561 1052 3632; x_wconf 90' lang='lat' dir='ltr'><strong>inter</strong></span> <span class='ocrx_word' id='word_1_229' title='bbox 1067 3586 1104 3633; x_wconf 90' lang='lat' dir='ltr'><strong>sa</strong></span> <span class='ocrx_word' id='word_1_230' title='bbox 1119 3573 1242 3654; x_wconf 81' lang='lat' dir='ltr'><strong>uaxds,</strong></span> <span class='ocrx_word' id='word_1_231' title='bbox 1260 3587 1416 3657; x_wconf 79' lang='lat' dir='ltr'><strong>congrua</strong></span> <span class='ocrx_word' id='word_1_232' title='bbox 1438 3587 1564 3656; x_wconf 88' lang='lat' dir='ltr'><strong>eogno-</strong></span> 
     </span>
     <span class='ocr_line' id='line_1_32' title="bbox 395 3667 1563 3761; baseline 0.006 -26"><span class='ocrx_word' id='word_1_233' title='bbox 395 3667 580 3736; x_wconf 85' lang='lat' dir='ltr'><strong>aeibilitati</strong></span> <span class='ocrx_word' id='word_1_234' title='bbox 601 3667 758 3758; x_wconf 86' lang='lat' dir='ltr'><strong>ipsarum</strong></span> <span class='ocrx_word' id='word_1_235' title='bbox 781 3667 970 3738; x_wconf 86' lang='lat' dir='ltr'><strong>veritatum</strong></span> <span class='ocrx_word' id='word_1_236' title='bbox 994 3693 1057 3761; x_wconf 90' lang='lat' dir='ltr'><strong>pro</strong></span> <span class='ocrx_word' id='word_1_237' title='bbox 1078 3679 1192 3742; x_wconf 87' lang='lat' dir='ltr'><strong>menta</strong></span> <span class='ocrx_word' id='word_1_238' title='bbox 1207 3676 1370 3758; x_wconf 85' lang='lat' dir='ltr'><strong>humana,</strong></span> <span class='ocrx_word' id='word_1_239' title='bbox 1394 3696 1492 3744; x_wconf 88' lang='lat' dir='ltr'><strong>namo</strong></span> <span class='ocrx_word' id='word_1_240' title='bbox 1505 3697 1563 3742; x_wconf 91' lang='lat' dir='ltr'><strong>ne·</strong></span> 
     </span>
     <span class='ocr_line' id='line_1_33' title="bbox 395 3774 1565 3874; baseline 0.007 -30"><span class='ocrx_word' id='word_1_241' title='bbox 395 3775 498 3865; x_wconf 88' lang='lat' dir='ltr'><strong>gabit</strong></span> <span class='ocrx_word' id='word_1_242' title='bbox 509 3774 722 3866; x_wconf 86' lang='lat' dir='ltr'><strong>theologiam</strong></span> <span class='ocrx_word' id='word_1_243' title='bbox 737 3777 925 3847; x_wconf 64' lang='lat' dir='ltr'><strong>meandum</strong></span> <span class='ocrx_word' id='word_1_244' title='bbox 939 3777 1115 3870; x_wconf 83' lang='lat' dir='ltr'><strong>tripliaem</strong></span> <span class='ocrx_word' id='word_1_245' title='bbox 1130 3803 1229 3851; x_wconf 89' lang='lat' dir='ltr'><strong>suam</strong></span> <span class='ocrx_word' id='word_1_246' title='bbox 1244 3789 1379 3872; x_wconf 82' lang='lat' dir='ltr'><strong>partam</strong></span> <span class='ocrx_word' id='word_1_247' title='bbox 1401 3781 1565 3874; x_wconf 83' lang='lat' dir='ltr'><strong>superius</strong></span> 
     </span>
     <span class='ocr_line' id='line_1_34' title="bbox 394 3878 1352 3970; baseline 0.01 -22"><span class='ocrx_word' id='word_1_248' title='bbox 394 3878 603 3970; x_wconf 81' lang='lat' dir='ltr'><strong>dasoaiptam</strong></span> <span class='ocrx_word' id='word_1_249' title='bbox 618 3885 669 3968; x_wconf 89' lang='lat' dir='ltr'><strong>(n.</strong></span> <span class='ocrx_word' id='word_1_250' title='bbox 683 3881 732 3970; x_wconf 94' lang='grc' dir='ltr'><strong>Ι.)</strong></span> <span class='ocrx_word' id='word_1_251' title='bbox 746 3903 820 3952; x_wconf 86' lang='lat' dir='ltr'><strong>asse</strong></span> <span class='ocrx_word' id='word_1_252' title='bbox 843 3883 1026 3954; x_wconf 86' lang='lat' dir='ltr'><strong>verissimo</strong></span> <span class='ocrx_word' id='word_1_253' title='bbox 1041 3908 1145 3956; x_wconf 89' lang='lat' dir='ltr'><strong>seusu</strong></span> <span class='ocrx_word' id='word_1_254' title='bbox 1159 3887 1352 3958; x_wconf 85' lang='lat' dir='ltr'><strong>seientiam.</strong></span> 
     </span>
    </p>

    <p class='ocr_par' dir='ltr' id='par_1_10' title="bbox 395 3985 1564 4510">
     <span class='ocr_line' id='line_1_35' title="bbox 461 3985 1564 4086; baseline 0.011 -30"><span class='ocrx_word' id='word_1_255' title='bbox 461 3985 607 4058; x_wconf 84' lang='lat' dir='ltr'><strong>Veteres</strong></span> <span class='ocrx_word' id='word_1_256' title='bbox 637 3993 753 4058; x_wconf 67' lang='lat' dir='ltr'><strong>minen</strong></span> <span class='ocrx_word' id='word_1_257' title='bbox 782 3988 921 4060; x_wconf 84' lang='lat' dir='ltr'><strong>soholaa</strong></span> <span class='ocrx_word' id='word_1_258' title='bbox 942 3991 1099 4084; x_wconf 86' lang='lat' dir='ltr'><strong>theologi</strong></span> <span class='ocrx_word' id='word_1_259' title='bbox 1128 3993 1171 4063; x_wconf 89' lang='lat' dir='ltr'><strong>da</strong></span> <span class='ocrx_word' id='word_1_260' title='bbox 1193 3993 1259 4066; x_wconf 85' lang='lat' dir='ltr'><strong>hoo</strong></span> <span class='ocrx_word' id='word_1_261' title='bbox 1287 3995 1423 4066; x_wconf 88' lang='lat' dir='ltr'><strong>nomina</strong></span> <span class='ocrx_word' id='word_1_262' title='bbox 1445 3996 1564 4086; x_wconf 88' lang='lat' dir='ltr'><strong>potius</strong></span> 
     </span>
     <span class='ocr_line' id='line_1_36' title="bbox 395 4095 1564 4188; baseline 0.01 -25"><span class='ocrx_word' id='word_1_263' title='bbox 395 4114 499 4186; x_wconf 85' lang='lat' dir='ltr'><strong>quam</strong></span> <span class='ocrx_word' id='word_1_264' title='bbox 521 4095 564 4165; x_wconf 88' lang='lat' dir='ltr'><strong>da</strong></span> <span class='ocrx_word' id='word_1_265' title='bbox 585 4119 624 4166; x_wconf 87' lang='lat' dir='ltr'><strong>ra</strong></span> <span class='ocrx_word' id='word_1_266' title='bbox 645 4119 714 4166; x_wconf 91' lang='lat' dir='ltr'><strong>non</strong></span> <span class='ocrx_word' id='word_1_267' title='bbox 736 4119 859 4188; x_wconf 89' lang='lat' dir='ltr'><strong>parum</strong></span> <span class='ocrx_word' id='word_1_268' title='bbox 881 4097 976 4169; x_wconf 89' lang='lat' dir='ltr'><strong>inter</strong></span> <span class='ocrx_word' id='word_1_269' title='bbox 1005 4123 1042 4170; x_wconf 87' lang='lat' dir='ltr'><strong>sa</strong></span> <span class='ocrx_word' id='word_1_270' title='bbox 1070 4101 1335 4174; x_wconf 83' lang='lat' dir='ltr'><strong>dissentiebant.</strong></span> <span class='ocrx_word' id='word_1_271' title='bbox 1359 4103 1564 4174; x_wconf 88' lang='lat' dir='ltr'><strong>Considera·</strong></span> 
     </span>
     <span class='ocr_line' id='line_1_37' title="bbox 395 4201 1563 4303; baseline 0.011 -34"><span class='ocrx_word' id='word_1_272' title='bbox 395 4201 481 4270; x_wconf 87' lang='lat' dir='ltr'><strong>bant</strong></span> <span class='ocrx_word' id='word_1_273' title='bbox 502 4201 559 4272; x_wconf 89' lang='lat' dir='ltr'><strong>illi</strong></span> <span class='ocrx_word' id='word_1_274' title='bbox 580 4203 791 4296; x_wconf 88' lang='lat' dir='ltr'><strong>theologiam</strong></span> <span class='ocrx_word' id='word_1_275' title='bbox 814 4207 879 4275; x_wconf 89' lang='lat' dir='ltr'><strong>sub</strong></span> <span class='ocrx_word' id='word_1_276' title='bbox 900 4229 942 4275; x_wconf 90' lang='lat' dir='ltr'><strong>ea</strong></span> <span class='ocrx_word' id='word_1_277' title='bbox 963 4209 1110 4296; x_wconf 88' lang='lat' dir='ltr'><strong>ratione,</strong></span> <span class='ocrx_word' id='word_1_278' title='bbox 1136 4233 1206 4303; x_wconf 90' lang='lat' dir='ltr'><strong>qua</strong></span> <span class='ocrx_word' id='word_1_279' title='bbox 1227 4235 1270 4282; x_wconf 87' lang='lat' dir='ltr'><strong>ax</strong></span> <span class='ocrx_word' id='word_1_280' title='bbox 1293 4211 1481 4303; x_wconf 87' lang='lat' dir='ltr'><strong>prineipiis</strong></span> <span class='ocrx_word' id='word_1_281' title='bbox 1509 4235 1563 4282; x_wconf 85' lang='lat' dir='ltr'><strong>rs·</strong></span> 
     </span>
     <span class='ocr_line' id='line_1_38' title="bbox 395 4307 1563 4412; baseline 0.009 -34"><span class='ocrx_word' id='word_1_282' title='bbox 395 4307 526 4379; x_wconf 79' lang='lat' dir='ltr'><strong>velatis</strong></span> <span class='ocrx_word' id='word_1_283' title='bbox 558 4315 595 4380; x_wconf 90' lang='lat' dir='ltr'><strong>at</strong></span> <span class='ocrx_word' id='word_1_284' title='bbox 628 4310 696 4381; x_wconf 84' lang='lat' dir='ltr'><strong>fida</strong></span> <span class='ocrx_word' id='word_1_285' title='bbox 725 4311 869 4382; x_wconf 83' lang='lat' dir='ltr'><strong>eraditis</strong></span> <span class='ocrx_word' id='word_1_286' title='bbox 891 4314 1062 4385; x_wconf 83' lang='lat' dir='ltr'><strong>veritates</strong></span> <span class='ocrx_word' id='word_1_287' title='bbox 1094 4317 1249 4388; x_wconf 87' lang='lat' dir='ltr'><strong>dadueit.</strong></span> <span class='ocrx_word' id='word_1_288' title='bbox 1274 4319 1347 4402; x_wconf 74' lang='lat' dir='ltr'><strong>oni</strong></span> <span class='ocrx_word' id='word_1_289' title='bbox 1371 4319 1489 4412; x_wconf 86' lang='lat' dir='ltr'><strong>igitur</strong></span> <span class='ocrx_word' id='word_1_290' title='bbox 1517 4319 1563 4388; x_wconf 93' lang='lat' dir='ltr'><strong>ad</strong></span> 
     </span>
     <span class='ocr_line' id='line_1_39' title="bbox 396 4416 1563 4510; baseline 0.011 -26"><span class='ocrx_word' id='word_1_291' title='bbox 396 4416 566 4490; x_wconf 85' lang='lat' dir='ltr'><strong>rationem</strong></span> <span class='ocrx_word' id='word_1_292' title='bbox 576 4417 744 4489; x_wconf 48' lang='lat' dir='ltr'><strong>&amp;rufina</strong></span> <span class='ocrx_word' id='word_1_293' title='bbox 756 4441 826 4490; x_wconf 92' lang='lat' dir='ltr'><strong>nou</strong></span> <span class='ocrx_word' id='word_1_294' title='bbox 841 4420 940 4490; x_wconf 90' lang='lat' dir='ltr'><strong>modo</strong></span> <span class='ocrx_word' id='word_1_295' title='bbox 955 4422 1212 4510; x_wconf 85' lang='lat' dir='ltr'><strong>oartitudinam,</strong></span> <span class='ocrx_word' id='word_1_296' title='bbox 1226 4425 1287 4496; x_wconf 88' lang='lat' dir='ltr'><strong>aad</strong></span> <span class='ocrx_word' id='word_1_297' title='bbox 1301 4425 1407 4496; x_wconf 87' lang='lat' dir='ltr'><strong>etiam</strong></span> <span class='ocrx_word' id='word_1_298' title='bbox 1421 4425 1563 4496; x_wconf 84' lang='lat' dir='ltr'><strong>avidan-</strong></span> 
     </span>
    </p>
   </div>
   <div class='ocr_carea' id='block_1_3' title="bbox 0 0 1702 5056">
    <p class='ocr_par' dir='ltr' id='par_1_11' title="bbox 0 0 1702 5056">
     <span class='ocr_line' id='line_1_40' title="bbox 0 0 1702 5056; baseline 0 4"><span class='ocrx_word' id='word_1_299' title='bbox 0 0 1702 5056; x_wconf 95' lang='lat' dir='ltr'><strong> </strong></span> 
     </span>
    </p>
   </div>
  </div>
 </body>
</html>
