3262 5076
379 473 565 564 perducere
589 472 631 540 ed
655 471 798 542 eandem
828 367 998 562 gratiddo,
1024 472 1056 540 ei
1080 471 1248 541 voluntas
1276 474 1354 540 eius
1376 479 1549 562 spectetur

1612 422 1623 573 ι

377 581 567 650 secundum
594 579 862 670 amplitudinem
890 579 1175 670 omnipotentiae.
1201 578 1273 648 Ubi
1295 601 1379 648 vero
1400 579 1551 668 Fulgen·
1613 642 1620 687 ς

377 688 451 757 tius
470 693 607 779 spectat
621 687 839 757 voluntatem
856 685 1104 754 antecedentem
1119 686 1249 754 salutis
1268 686 1553 764 conditionem,
1613 692 1621 745 ἑ

377 795 494 864 eedem
512 794 588 864 eius
604 799 658 864 eet
673 817 714 863 ac
730 795 844 864 nostri
861 795 1017 864 auctoris
1033 793 1220 864 sententia.
1245 823 1262 858 u
1276 791 1349 862 Cur
1367 816 1437 862 nou
1453 793 1554 862 etiam

379 901 415 970 iu
431 901 652 993 baptizandis
668 903 867 972 infantibus
884 901 1079 974 certissime
1098 901 1281 972 credamus
1296 923 1338 972 ac
1354 901 1470 972 libere
1484 923 1556 991 pro

379 1008 589 1094 clamemus,
623 1008 846 1099 diligentiam
877 1017 1061 1102 parentum
1083 1009 1128 1078 ad
1152 1009 1309 1100 gratiam
1336 1008 1555 1089 redimentis,

380 1115 632 1208 negligentiam
652 1140 735 1186 vero
750 1118 795 1188 ad
811 1117 1003 1188 iudicantis
1018 1115 1194 1188 iustitiam
1210 1115 1439 1207 pertineret»
1458 1117 1556 1183 Aea-

380 1246 455 1294 men
477 1223 563 1294 haec
578 1225 799 1315 negligentia
814 1249 882 1294 nou
897 1233 1009 1296 estex
1028 1227 1211 1296 voluntate
1236 1224 1420 1316 multoque
1446 1225 1558 1292 miuus

1612 806 1621 851 i

380 1355 421 1400 ex
447 1333 629 1403 voluntate
660 1333 876 1402 antecedente
897 1335 963 1404 Dei
987 1335 1201 1422 iudicantis;
1234 1333 1295 1402 sed
1325 1339 1383 1402 est
1412 1339 1496 1402 tota
1521 1354 1557 1398 eu
1612 1352 1617 1363 ·

380 1437 472 1506 mele
487 1439 671 1508 voluntate
687 1437 878 1524 homiuum,
890 1461 994 1532 quam
1006 1441 1100 1510 Deus
1112 1463 1182 1508 non
1195 1437 1276 1509 vult
1289 1439 1352 1508 sed
1364 1436 1556 1529 permittit.

380 1546 612 1639 Prosequitur
635 1546 740 1616 enim:
769 1570 865 1615 enon
883 1547 967 1639 quia
989 1570 1031 1616 ex
1055 1548 1128 1616 Deo
1144 1551 1199 1615 est
1214 1547 1295 1616 boni
1310 1547 1434 1636 operis
1451 1544 1559 1636 negli-

379 1653 512 1744 gentia,
540 1675 562 1720 a
585 1675 652 1745 quo
675 1654 776 1722 nulla
800 1676 962 1746 nmquam
977 1657 1095 1744 potuit
1110 1677 1186 1724 esse
1199 1653 1284 1723 mali
1299 1655 1422 1745 operis
1442 1675 1557 1730 causa.

379 1761 439 1830 sed
463 1761 546 1852 quie
570 1761 660 1828 bone
681 1760 889 1830 voluutas...
915 1783 937 1830 a
959 1761 1032 1830 Deo
1054 1761 1271 1831 tribuitur...
1289 1761 1384 1828 mala
1400 1783 1492 1830 vero
1507 1783 1560 1828 vo

380 1867 510 1952 luntas,
538 1889 627 1960 quae
651 1891 714 1938 suo
737 1869 863 1938 merito
886 1869 1040 1959 gratiam
1056 1868 1246 1938 cheritstis
1262 1875 1416 1938 autnon
1434 1868 1560 1958 accipit

380 1982 444 2045 aut
467 1975 615 2060 emittit,
634 1983 808 2066 torporem
825 1975 1063 2066 negligentiae
1080 1998 1164 2046 suae
1186 1999 1255 2046 uon
1278 1975 1430 2067 deponit
1445 2003 1463 2038 r
1481 1974 1560 2044 Fui·

368 2131 374 2151 .
381 2091 477 2174 gent.
492 2083 543 2152 ibi
555 2107 586 2154 c.
602 2083 657 2152 10.
674 2107 709 2152 ιι.
725 2083 782 2152 21.

448 2191 620 2260 Scholion.
647 2189 902 2274 Difficultatee,
928 2213 1016 2284 quae
1038 2191 1118 2260 deri
1141 2191 1255 2262 solent
1277 2197 1407 2260 contra
1432 2192 1559 2260 verita

380 2305 449 2368 tam
471 2321 513 2369 ex
537 2299 698 2370 doctrina
723 2298 926 2389 Scripturae
949 2305 986 2368 et
1008 2299 1154 2368 Petrum
1178 2298 1473 2384 munitissimam,
1495 2297 1558 2390 ple

380 2427 507 2496 raeque
543 2405 816 2496 proficiscuntur
846 2427 888 2473 ex
920 2405 1144 2494 perversione
1176 2411 1293 2474 status
1322 2403 1556 2496 quaestionis.

381 2511 505 2603 Itaque
527 2536 596 2581 nou
618 2519 674 2582 est
695 2511 980 2603 permittendum,
1006 2515 1042 2595 α)
1066 2519 1109 2582 ut
1130 2512 1370 2582 confundatur
1390 2511 1559 2580 voluntas

380 2619 539 2686 abactam
562 2642 640 2689 oum
666 2618 849 2689 voluntate
872 2619 1126 2701 conditionate·
1151 2620 1186 2706 t)
1209 2627 1251 2689 ut
1273 2619 1366 2688 falso
1386 2641 1559 2710 suppone
1618 2672 1625 2693 .

381 2733 465 2812 tur,
498 2726 632 2796 nullam
664 2749 862 2817 possessae
885 2727 923 2794 in
945 2727 1018 2796 Deo
1041 2727 1258 2796 voluntatem
1282 2724 1557 2794 mederemu-

380 2832 532 2919 salutia,
564 2834 636 2904 nisi
659 2833 813 2904 conditio
840 2833 1035 2924 pandecta
1060 2833 1174 2904 libera
1196 2834 1382 2904 voluntate
1407 2833 1558 2904 Ιιοιιιίιιὶι

380 2941 554 3011 salvandi.
570 2942 670 3027 Quod
686 2941 852 3027 conditio,
865 2943 930 3010 sub
946 2963 1017 3034 qua
1027 2943 1122 3012 Deus
1139 2943 1219 3013 vult
1235 2943 1386 3012 eduam
1404 2942 1557 3011 omniun

380 3047 593 3134 infantium,
623 3073 691 3117 uon
718 3047 846 3138 pendet
871 3049 916 3117 ab
941 3071 1060 3120 eorum
1088 3051 1279 3134 libertate,
1308 3050 1346 3119 id
1374 3049 1558 3119 evidenter

380 3155 519 3249 quidem
542 3157 689 3247 probat,
723 3157 921 3246 gratuitum
951 3157 1079 3226 donum
1107 3157 1255 3227 visionis
1282 3156 1474 3227 beatificus
1496 3177 1557 3226 uou

379 3285 454 3332 esse
477 3263 514 3332 iu
538 3263 650 3336 libera
674 3271 847 3356 potestate
870 3265 1078 3352 infantium,
1096 3266 1157 3334 sed
1179 3287 1248 3334 non
1272 3265 1413 3356 probat,
1435 3265 1475 3334 in
1490 3263 1556 3332 Deo

381 3369 514 3440 unllam
541 3395 616 3443 ease
631 3371 849 3442 voluntatem
877 3373 941 3442 hoc
967 3373 1093 3442 donum
1121 3372 1172 3442 eie
1199 3371 1425 3457 concedendi,
1454 3393 1554 3465 quan·

380 3481 455 3544 tum
484 3475 580 3567 leges
607 3477 742 3546 ordinis
770 3476 948 3567 generalis
970 3499 1039 3546 nou
1061 3478 1252 3547 obsistunt.
1278 3476 1334 3546 Ex
1356 3475 1482 3546 eadem
1505 3497 1553 3545 ra·

380 3584 474 3652 tione
487 3584 578 3676 qnod
590 3586 744 3655 conditio
759 3607 828 3654 uon
844 3584 973 3675 pendet
987 3606 1009 3651 a
1023 3583 1136 3654 libera
1149 3584 1332 3655 voluntate
1348 3585 1553 3666 infantium,

380 3713 482 3784 porro
509 3693 758 3785 consequitur,
790 3693 941 3763 caluam
969 3693 1292 3784 beatitudinemque
1321 3693 1554 3765 aeternamsi

380 3799 595 3886 conceditur,
621 3801 672 3870 eia
693 3824 762 3870 non
785 3823 861 3871 esse
889 3801 1075 3870 mercedem
1099 3809 1136 3870 et
1159 3823 1319 3870 coronam
1344 3824 1410 3892 pro
1431 3799 1551 3870 liberis

380 3907 515 3978 meritis
538 3930 600 3998 per
623 3909 817 3998 gratuitam
842 3908 995 3999 gretiam
1019 3908 1250 3999 comparatie;
1275 3907 1336 3978 sed
1359 3929 1437 3977 esse
1460 3907 1552 3976 here

378 4015 525 4084 ditatam
549 4023 586 4082 et
610 4015 808 4105 gratuitum
832 4015 958 4086 donum
982 4014 1195 4106 respondeus
1218 4014 1359 4104 gratiae
1376 4014 1468 4104 ipsis
1482 4013 1551 4082 siue

378 4121 467 4212 ipsis
490 4121 581 4210 (siue
604 4122 758 4213 ipsorum
782 4122 895 4194 libera
911 4123 1166 4214 cooperatione)
1182 4121 1333 4192 infame.
1353 4122 1462 4191 Porro
1478 4143 1547 4191 eum

377 4226 444 4296 hac
474 4227 605 4298 salutis
636 4228 869 4323 acquirendae
901 4229 958 4298 vel
989 4228 1204 4298 amittendae
1235 4228 1549 4320 independeutiaa

380 4333 561 4406 voluntate
577 4336 770 4406 infantium
786 4334 948 4408 cohaeret
959 4335 1121 4406 doctriua
1132 4335 1259 4405 salam
1273 4336 1546 4406 communissima

380 4443 415 4510 iu
440 4441 581 4528 scholis,
599 4443 680 4514 fidei
697 4444 880 4534 analogiae
898 4445 1173 4528 convenientior,
1192 4443 1415 4534 gravissimis
1433 4451 1543 4510 aucto

1613 2294 1624 2477 t

1616 2742 1626 2835 i

1617 2844 1626 2913 ι
