3240 5064
556 376 593 391 -
614 343 674 406 231
697 376 735 390 -

73 449 272 520 chritndinis
305 447 493 519 manifeste
526 455 581 518 est
614 448 735 520 divino
770 449 990 536 intellectui,
1018 473 1105 543 ques
1139 450 1231 522 lutet

73 581 310 652 quemeumque
333 563 544 628 erecturum.
565 584 583 620 r
612 556 788 628 Videlicet
806 581 874 626 non
889 557 980 627 lctet
1002 558 1141 651 quidem
1167 559 1230 628 cli-

72 689 137 756 que
143 667 322 757 perfectio,
338 667 430 760 quod
442 689 549 757 supro
560 666 613 734 th.
626 666 744 736 XVII.
756 667 1028 756 confutavimus
1043 666 1103 736 sed
1119 668 1230 758 perfe-

71 775 135 843 ctio
148 796 233 866 quse
243 789 317 841 totu
328 775 483 860 videtur,
498 797 567 842 non
578 775 721 845 videtur
739 775 906 858 totaliter,
922 775 957 844 h.
969 798 999 844 e.
1010 799 1079 844 non
1090 781 1167 845 tote
1179 776 1231 846 in·

69 883 224 952 tensitate
247 889 283 950 et
305 881 468 951 claritate
484 882 635 967 infinite,
651 903 720 972 quo
735 904 777 950 ex
801 905 874 952 sese
899 882 1145 973 cognoscibilis
1160 891 1228 972 est;

68 997 163 1082 etque
178 990 231 1059 ite
246 989 530 1080 cognoscibilius
544 991 746 1080 ucufiuitur
759 991 913 1060 videntis
925 991 1135 1082 cognitione.
1150 992 1231 1062 Ideo

69 1098 259 1168 Riohsrdus
281 1121 350 1167 uon
373 1098 467 1168 dixit
489 1099 614 1190 aliquo
640 1098 762 1165 divino
782 1099 953 1188 perfectio
980 1100 1081 1184 lutet,
1100 1100 1132 1168 si
1154 1122 1230 1190 per-

69 1207 227 1276 fectiones
250 1206 352 1276 velut
374 1209 545 1274 eotteuce'ce
567 1211 780 1296 spectentnr3
808 1206 868 1276 sed
892 1207 1016 1298 aliqua
1039 1206 1230 1298 profundi·

70 1331 131 1398 tur,
157 1313 298 1406 aliquid
320 1314 360 1382 de
379 1313 626 1404 profunditate
650 1313 792 1384 divinae
815 1315 1093 1405 pulchritudinis
1125 1317 1226 1386 lutet.

68 1422 1112 1516 HoeetismmotlodefinitioAugustiniep.147.n.21,quem
1125 1424 1230 1494 Scho-

68 1529 179 1599 lastici
191 1531 421 1600 communiter
432 1531 658 1620 adoptarunt,
677 1538 713 1601 et
734 1556 797 1602 nos
812 1553 920 1623 supra
935 1556 969 1622 p.
981 1533 1059 1603 209.
1075 1531 1153 1600 210.
1173 1532 1229 1624 tls-

69 1638 284 1724 clemvimtts,
310 1639 428 1708 verbis
450 1638 621 1708 Richardi
644 1639 815 1730 explicari
828 1645 955 1730 potest.
977 1641 1126 1710 «notum
1149 1664 1232 1708 corn-

64 1746 281 1837 pretenditur
306 1746 467 1832 videndo,
483 1747 535 1818 cit
556 1748 795 1838 Augustinus,
822 1749 913 1840 quod
935 1748 989 1817 ite
1011 1747 1165 1832 videtur,
1191 1763 1230 1815 ut

69 1857 154 1922 nihil
174 1861 246 1924 dus
270 1858 382 1924 lateat
402 1853 590 1940 videntem,
616 1871 678 1923 aut
696 1859 792 1924 cuius
812 1858 900 1946 flues
924 1857 1140 1944 circumspici
1151 1879 1229 1945 pot·

68 1979 149 2032 tunt.
169 1991 185 2028 n
203 1963 380 2034 Nimirum
395 1964 440 2032 ud
457 1965 791 2055 comprehensionem
815 1966 1023 2057 requiritur,
1041 1971 1161 2034 utnon
1178 1985 1229 2034 eo·

68 2072 132 2140 lun
154 2072 245 2142 nihil
268 2072 380 2142 latest
395 2071 438 2140 de
457 2086 526 2140 toto
543 2073 644 2143 velut
659 2073 841 2142 extensive
857 2079 1026 2164 spectatu
1046 2073 1105 2144 sed
1122 2073 1230 2141 etiem

70 2185 106 2246 ut
125 2179 213 2248 nihil
235 2178 349 2248 lateat
371 2177 413 2246 de
432 2177 683 2269 profunditate
706 2179 793 2265 eius,
820 2179 911 2271 quod
934 2185 1047 2248 totum
1072 2180 1227 2249 videtur:

70 2309 129 2356 non
150 2288 251 2380 qussi
273 2285 311 2355 in
335 2287 406 2356 Deo
430 2293 547 2356 essent
569 2287 702 2377 gradus
725 2286 989 2376 perfectionum,
1008 2287 1069 2378 qui
1092 2310 1161 2354 non
1176 2287 1229 2356 vi-

69 2394 206 2464 deantur
229 2417 252 2462 c
275 2395 478 2464 videntibus
499 2396 610 2464 Deum
634 2395 741 2464 sicuti
756 2400 812 2463 est
826 2395 922 2481 (vide
946 2417 1053 2484 supro
1068 2419 1103 2485 p.
1117 2393 1226 2482 210.),

70 2524 179 2572 terum
194 2503 287 2596 quod
310 2503 348 2571 in
371 2503 578 2572 inteneitute
594 2509 631 2572 et
645 2503 808 2572 claritate
826 2505 970 2570 cisionis
987 2507 1124 2572 orestes
1146 2508 1231 2572 sunt

71 2611 190 2699 gradum
213 2612 252 2682 in
276 2611 509 2696 indefinitum,
535 2611 662 2703 quibus
694 2611 851 2680 omnibus
885 2611 976 2680 idem
1000 2611 1059 2680 sed
1082 2633 1151 2679 non
1173 2617 1228 2680 et·

70 2718 135 2786 dem
162 2719 377 2809 perfectione
411 2719 555 2788 videtur
585 2709 648 2806 (1).
666 2717 767 2788 Unde
801 2718 886 2788 hseo
920 2718 1101 2788 distinctio
1136 2718 1229 2788 inter

70 2831 285 2894 retentionem
311 2833 348 2896 et
371 2829 594 2894 intensionem
618 2827 766 2897 visionis
789 2849 857 2894 non
892 2827 1004 2896 solum
1038 2826 1083 2896 ed
1117 2826 1227 2916 expli·

71 2937 201 3006 undum
224 2934 678 3026 incomprehensibilitatem
710 2934 907 3004 necessarie
937 2941 1014 3022 est;
1041 2933 1229 3004 sedetiam

71 3041 102 3111 in
121 3067 220 3115 nsum
243 3045 355 3130 venit,
381 3044 444 3112 nbi
466 3043 713 3114 deolcrsndum
737 3050 802 3129 est,
821 3043 987 3135 quomodo
1010 3043 1047 3111 in
1074 3043 1153 3133 ipsu
1176 3041 1228 3110 v'i·

72 3149 152 3220 sione
173 3151 350 3220 intuitiva
372 3149 514 3220 divinae
548 3150 741 3235 essentiae,
769 3154 810 3219 ut
833 3150 960 3220 obiecti
994 3147 1229 3218 beatitudinis

72 3257 268 3343 meotidis,
295 3257 389 3326 beuti
411 3257 506 3326 siout
537 3255 642 3326 stelle
665 3278 686 3324 e
709 3256 814 3324 stella
843 3257 938 3326 inter
973 3277 1010 3324 se
1046 3255 1226 3324 differunt.

75 3365 273 3437 «Gordium
295 3391 363 3432 nou
389 3367 557 3434 iuteusice
580 3385 645 3454 par
666 3364 799 3434 dicitnr
822 3365 922 3458 (quie
945 3387 1036 3434 nnus
1060 3362 1131 3430 elio
1156 3361 1228 3432 ole-

73 3472 137 3542 rius
156 3476 268 3544 Deum
285 3474 410 3563 videt),
429 3475 488 3544 sed
513 3477 696 3556 sestertios,
721 3474 804 3566 quis
822 3474 863 3543 de
878 3473 1006 3543 eisdem
1023 3477 1059 3540 et
1072 3477 1127 3541 tot
1143 3493 1228 3560 geu-

75 3577 124 3648 let
142 3603 256 3666 unus,
282 3581 325 3650 de
349 3582 476 3673 quibus
497 3589 534 3652 et
560 3588 645 3674 quot
678 3582 810 3671 gaudet
843 3581 967 3651 alteru
992 3579 1029 3650 S.
1048 3580 1227 3649 Beneven-

75 3691 144 3756 iure
163 3689 197 3758 4.
217 3689 304 3759 dist.
321 3688 378 3758 49.
397 3690 437 3758 P.
455 3689 487 3756 Ι.
505 3714 539 3781 q.
561 3689 594 3760 6.
612 3690 669 3759 sd.
688 3688 721 3757 1.
739 3694 776 3758 et
791 3689 825 3756 2.

130 3797 178 3868 δ”.
196 3797 253 3867 Ex
274 3797 352 3888 ipsc
375 3797 676 3889 comprehensione
704 3797 771 3866 Dei
802 3799 975 3864 iuteuciuu
1004 3795 1228 3887 consequitur

77 3905 314 3996 conprehensio
336 3905 439 4006 uelut
463 3907 651 3988 entcusiuo,
669 3905 705 3973 h.
723 3927 753 3974 e.
773 3910 814 3974 ut
836 3905 874 3974 in
896 3905 1019 3974 divine
1050 3905 1225 3990 essentia,

77 4015 233 4107 tcnqnem
255 4037 417 4105 supreme
440 4014 590 4085 venitote
606 4034 646 4083 eo
663 4015 759 4084 fonte
776 4013 887 4081 omnis
903 4011 991 4097 veri,
1011 4033 1079 4082 nno
1096 4011 1226 4080 eodem·

131 4265 169 4340 (1)
186 4269 231 4322 ltu
248 4269 422 4323 Richardum
440 4267 664 4334 intelligendum
686 4283 748 4320 esse
770 4283 804 4319 ex
822 4270 957 4322 contextu
970 4272 1060 4337 petet,
1079 4285 1135 4322 non
1147 4285 1225 4338 vero,

83 4357 108 4406 u
119 4356 215 4413 Sueten
232 4360 376 4414 lndienvit
391 4359 439 4436 (tle
453 4361 510 4415 Deo
525 4361 547 4414 l.
559 4360 598 4414 11.
612 4375 636 4415 c.
648 4359 693 4413 22.
704 4373 733 4410 n.
746 4355 796 4430 2.),
811 4357 959 4426 oculique
976 4361 1152 4428 perfectione
1163 4361 1225 4430 Dei,

84 4457 142 4509 quoe
156 4448 243 4505 letoni
256 4451 366 4506 beatos.
