3280 5070
80 469 301 564 persuadere
323 469 448 557 solent,
475 469 670 544 universim
692 476 869 563 spectatas
892 493 1015 566 parum
1030 471 1184 546 efficaces
1198 496 1273 547 esse

85 579 327 650 ostendemus.

158 686 190 759 1.
218 686 319 770 Quod
342 687 496 759 directas
519 688 798 781 oppugnationes
820 695 962 770 nostrae
985 691 1202 782 probationis
1218 696 1270 763 st·

82 793 201 883 tinet;
235 793 269 864 1·
299 805 548 888 argumentum
578 795 683 889 longe
706 799 932 891 praecipuum
955 804 992 870 et
1014 821 1076 892 per
1100 823 1137 871 ss
1151 801 1273 878 ,solnm

83 903 267 974 sufficiens
290 927 353 996 pro
376 903 671 976 demonstratione
694 905 1025 996 praedestinationis
1055 907 1100 978 ad
1123 907 1271 998 gloriam

86 1036 135 1081 ero
158 1012 336 1082 uoluntate
357 1029 577 1107 consequente
585 1017 835 1105 praevisionem
847 1019 964 1084 meriti
978 1019 1271 1108 supernaturalis,

86 1129 339 1212 argumentum
362 1122 505 1216 iuquam
528 1121 672 1193 ductum
696 1147 738 1192 eu·
752 1125 931 1192 voluntate
951 1126 1018 1193 Dei
1044 1125 1270 1210 antecedente,

87 1243 132 1296 rat
158 1253 268 1297 omnes
291 1233 425 1298 omniuo
447 1232 595 1300 domines
615 1233 707 1301 sulci
724 1234 830 1323 fiunt,
841 1231 941 1302 nulla
952 1233 1125 1324 probabili
1137 1234 1272 1306 ratione
1389 1241 1392 1246 ’

88 1335 213 1406 refelli
227 1344 298 1407 *ant
313 1337 515 1430 impugnari
531 1345 658 1430 potest.
676 1339 901 1432 Impugneiio
916 1341 1008 1410 enim
1024 1341 1157 1433 suscipi
1172 1341 1273 1412 nulls

90 1450 233 1538 potest,
258 1446 330 1516 nisi
352 1447 411 1517 vel
433 1449 691 1518 antecedentem
714 1448 932 1519 voluntatem
962 1449 1091 1520 salutis
1121 1450 1273 1522 omnium

89 1553 274 1624 hominnm
296 1554 559 1647 interpretando
582 1559 618 1626 in
643 1579 794 1644 sensum,
820 1581 920 1652 quem
944 1559 1128 1630 manifesto
1144 1559 1273 1630 falsum

92 1661 412 1732 demonstravimus
435 1663 509 1751 (th.
524 1663 674 1735 XLVII.
690 1689 765 1758 sqq.
778 1667 803 1752 ),
823 1673 859 1736 et
875 1665 977 1736 ouius
992 1666 1141 1736 assertio
1155 1667 1273 1762 aequi·
1325 1759 1329 1766 .

92 1766 195 1839 velet
209 1769 389 1859 negationi
404 1769 601 1841 voluntatis
618 1771 810 1859 salvificae,
829 1771 965 1865 qualem
982 1773 1019 1842 in
1037 1773 1224 1864 Scriptura
1238 1781 1274 1845 et

92 1899 116 1946 a
143 1875 310 1947 Patribus
332 1877 531 1970 praedicari
555 1879 781 1967 ostendimus;
807 1878 866 1950 vel
889 1879 1076 1950 manifeste
1099 1881 1273 1952 contradi·

92 1983 211 2055 atione
233 1983 338 2054 simul
361 1986 545 2056 asserendo
568 1987 828 2058 antecedentem
850 1986 1069 2058 voluntatem
1085 1988 1273 2080 positivam

91 2114 165 2161 non
189 2091 498 2184 comprehendendi
521 2093 792 2166 innumerabiles
814 2094 970 2165 homines
986 2095 1025 2167 in
1039 2119 1182 2168 numero
1204 2096 1274 2167 sal·

95 2200 290 2274 sanderum
313 2207 350 2273 et
372 2201 590 2274 voluntatem
613 2202 885 2288 antecedentem,
904 2209 946 2273 nt
960 2203 990 2276 ii
1004 2225 1121 2275 omnes
1145 2204 1273 2276 sintin

93 2331 239 2378 numero
262 2307 522 2380 salvandorum.
548 2310 600 2381 De
622 2309 687 2380 hae
710 2333 749 2382 re
773 2309 862 2381 satis
885 2309 1039 2382 diximus
1061 2311 1116 2382 th.
1140 2312 1218 2382 LV.

163 2415 209 2486 θ’.
227 2415 284 2488 Ad
299 2417 500 2488 testimonia
514 2419 652 2512 relique
668 2417 932 2512 seripturarum
946 2426 983 2490 et
999 2420 1146 2489 Patrnm
1162 2421 1198 2491 in
1216 2443 1274 2492 su·
1366 2454 1368 2460 ¹

94 2521 228 2618 periuri
249 2522 343 2594 thesi
365 2523 516 2596 adducta
528 2527 659 2598 Suarsa
675 2535 711 2597 et
726 2525 882 2597 Genetns
898 2549 976 2597 eum
992 2527 1118 2598 ceteris
1135 2525 1274 2616 unicam

94 2629 227 2699 habent
241 2630 508 2720 responsionem:
526 2631 625 2702 iniis
640 2631 805 2702 nimirum
821 2631 980 2701 omuibus
996 2653 1184 2702 sermonem
1199 2653 1274 2703 esse

94 2737 345 2808 nondeordine
356 2739 698 2830 praedestinationis,
715 2741 774 2810 sed
791 2739 833 2810 de
848 2737 1223 2826 ordineexsaentionis,
1235 2739 1274 2810 in

95 2867 165 2939 quo
181 2845 303 2938 utique
320 2845 508 2937 posteriori
520 2847 715 2919 concedunt
725 2845 852 2918 merita
863 2845 1072 2938 praeviseet
1082 2846 1276 2938 praedesti·

95 2957 183 3022 nata
204 2957 380 3046 tamqnam
404 2953 519 3024 media
540 2953 586 3025 ad
608 2954 712 3024 finem
726 2953 932 3046 praeoedere
947 2952 1184 3024 consecutioni
1199 2952 1274 3045 glo·

85 3060 173 3132 riae
201 3061 484 3152 praedestinatae
514 3060 577 3151 (1).
610 3061 772 3154 Fingunt
794 3059 932 3132 seilicet
953 3061 998 3134 in¹
1014 3066 1129 3131 mente
1151 3060 1274 3133 diviua

163 3310 207 3392 (1)
219 3315 318 3372 Didae.
329 3315 405 3372 Rois
416 3317 438 3372 1.
449 3316 501 3372 x1.
513 3315 548 3372 de
560 3315 663 3373 Praed.
675 3316 735 3371 alia
747 3315 918 3372 circuitione
928 3314 1050 3384 protare
1062 3313 1167 3382 voluit,
1179 3329 1276 3372 omnes

97 3409 201 3464 Patres
220 3421 336 3475 naseos
348 3411 377 3462 st
395 3408 505 3464 latinos
526 3405 567 3480 (ai
584 3407 697 3477 superis
710 3400 816 3478 piseet)
836 3405 966 3462 docuisse
979 3405 1274 3478 praedestinationem

98 3497 136 3554 ad
156 3497 277 3566 gloriam
296 3501 364 3552 ante
382 3499 516 3568 praevisa
533 3497 649 3553 merita.
669 3495 738 3551 Bam
762 3500 873 3552 tautam
885 3497 1000 3554 eoudeit
1011 3497 1064 3554 irae
1079 3513 1137 3553 una
1149 3495 1273 3566 ratione,

99 3587 176 3659 quod
194 3589 414 3657 praescientiam
432 3591 600 3644 meritorum
618 3587 652 3644 ds
671 3603 728 3658 qua
746 3588 802 3643 PP.
816 3588 984 3656 loquuntur,
1003 3591 1089 3658 putat
1107 3601 1169 3642 ssss
1186 3587 1275 3644 scisn-

99 3679 172 3732 tiam
190 3677 344 3746 practicam
357 3677 394 3732 ad
409 3677 582 3734 conterenda
601 3678 713 3745 merita,
735 3681 899 3732 nouantem
918 3677 1068 3734 seleutiam
1088 3676 1277 3734 viriosius

99 3784 181 3824 nemo
201 3771 331 3823 nostrum
349 3774 446 3838 necas,
468 3771 544 3824 sicut
561 3771 593 3824 in
613 3769 717 3838 quevis
733 3768 855 3824 oonsilio
875 3782 991 3836 operum
1008 3768 1062 3822 Dei
1081 3767 1118 3822 ad
1135 3771 1219 3822 extra
1231 3767 1276 3822 ita

100 3860 189 3914 etlam
210 3859 241 3914 in
260 3859 525 3929 praedastlnatione
549 3863 609 3914 tum
629 3859 740 3927 grstiae
759 3863 820 3914 tum
842 3857 1007 3912 meritorum
1021 3861 1081 3912 tum
1100 3855 1210 3923 glortas
1230 3870 1275 3910 ae·

100 3955 200 4005 ternas
219 3950 332 4006 includi
349 3951 436 4006 etiam
452 3951 604 4006 scientiam
623 3951 787 4021 practicam.
802 3948 937 4013 Quaestio
951 3951 996 4003 sst
1007 3948 1091 4014 louge
1111 3945 1184 4014 alia;
1206 3941 1276 4016 quid

100 4057 200 4111 nempe
211 4043 312 4098 Patres
332 4042 452 4098 doeesut
466 4042 500 4098 ds
514 4041 615 4098 ordine
624 4041 704 4097 inter
717 4039 1010 4112 praedestinationem
1027 4038 1139 4106 gratias
1153 4041 1184 4092 et
1196 4051 1277 4108 pras·

102 4133 324 4188 destinationem
346 4133 473 4201 glorias:
500 4136 598 4188 utrum
626 4148 688 4187 cnm
708 4130 885 4187 adversariis
908 4130 1055 4197 sentiant,
1089 4128 1180 4198 primu
1209 4129 1277 4182 ants

102 4239 210 4279 omnem
228 4223 439 4292 praevisionem
458 4238 573 4293 eperum
594 4225 742 4278 creaturae
755 4221 864 4276 liberas
886 4219 1017 4275 absoluta
1031 4217 1277 4288 praedestinatum

103 4329 163 4369 assa
186 4313 317 4368 omnibus
337 4312 487 4368 salvandis
506 4315 614 4367 eertum
633 4309 751 4379 grsdnm
776 4311 899 4378 gloriae,
926 4313 956 4364 st
974 4308 1076 4364 deinde
1097 4311 1131 4362 ut
1153 4307 1228 4360 hunc
1245 4307 1277 4361 ii·

102 4419 166 4459 usur
182 4401 430 4472 praedestinatum
450 4406 651 4471 assequantur,
673 4399 890 4470 praedestinata
903 4413 966 4454 esse
982 4398 1086 4454 merita
1103 4393 1277 4465 responden·

104 4491 146 4546 tia
162 4489 213 4546 1111
234 4487 357 4557 grsdnir
379 4505 417 4544 an
437 4487 534 4561 potius
553 4487 690 4557 doceant,
712 4488 801 4544 Deum
828 4485 986 4557 praemium
1008 4484 1118 4554 glorias
1142 4485 1276 4539 aeternae

244 4595 402 4652 Frssseie's
1096 4589 1133 4647 dt
