3394 5056
931 363 969 379 -
990 331 1031 394 88
1052 362 1091 380 ..

426 437 522 524 Deo,
548 437 684 528 hacque
705 435 877 527 religione
899 437 1029 506 fictitia
1050 459 1112 527 per
1135 435 1259 526 longas
1282 439 1417 505 aetates
1439 433 1606 524 vpublicis

426 545 647 639 privatisque
670 545 823 614 moribus
846 567 887 614 ac
909 545 1088 614 institutis
1110 545 1204 613 inter
1227 566 1342 613 omnes
1365 549 1488 634 gentas
1520 565 1605 611 con·

425 655 577 740 firmati,
602 653 751 724 traditio
773 653 839 722 illa
860 655 989 723 erroris
1011 675 1033 722 a
1056 653 1245 722 maioribus
1267 661 1408 743 accepta
1429 663 1466 722 et
1494 651 1605 720 insti·

424 762 517 830 tutio
541 761 582 832 de
605 760 675 830 diis
698 761 894 854 deabusque
916 761 1178 830 absurdissimis
1200 761 1370 830 rationem
1393 783 1462 828 nou
1485 759 1606 828 solum

424 893 493 938 non
515 868 636 954 iuvat,
662 869 721 940 sed
745 869 966 940 vehomenter
987 869 1094 940 etiam
1116 869 1263 960 impedit
1284 869 1322 938 in
1345 869 1605 938 manifestatio·

423 977 528 1046 nibus
543 957 613 1046 Dei
625 977 849 1046 naturalibus
864 979 934 1046 rite
948 977 1176 1046 aestimandis
1193 978 1256 1065 (1).
1275 977 1362 1046 Cum
1377 999 1461 1066 ergo
1476 977 1515 1044 in
1530 975 1605 1045 hac

423 1084 644 1174 corruptions
667 1085 895 1154 nihilominus
918 1085 998 1155 idea
1020 1091 1057 1156 et
1079 1085 1208 1154 notitia
1231 1087 1377 1154 obscura
1392 1090 1429 1154 et
1451 1085 1605 1155 confusa

424 1216 528 1263 verae
551 1194 755 1263 divinitatis
778 1200 999 1284 perseverat,
1025 1217 1065 1268 ea
1088 1218 1157 1264 nou
1191 1195 1370 1264 doctrinae
1392 1200 1430 1264 et
1451 1193 1605 1262 institu-

422 1302 513 1370 tioni
537 1303 579 1372 de
602 1303 677 1372 illis
700 1305 866 1373 monstris
888 1303 1029 1374 deorum
1053 1303 1112 1374 sed
1135 1302 1414 1373 manifestationi
1435 1301 1604 1371 naturali

421 1409 459 1479 in
483 1412 669 1497 creaturis,
688 1433 791 1504 quam
806 1413 922 1482 lumen
938 1411 1088 1481 rationis
1119 1411 1220 1481 velut
1245 1417 1367 1502 sponte
1390 1431 1456 1479 sua
1477 1431 1603 1500 appre·

421 1515 545 1586 bendit
578 1517 681 1587 iuxta
702 1521 808 1609 paulo
838 1527 918 1589 ante
953 1519 1159 1607 declarata,
1185 1519 1340 1588 adscribi
1363 1517 1477 1588 debet.

489 1625 547 1694 Ita
569 1625 692 1695 Patres
715 1633 753 1696 et
773 1627 939 1696 Doctores
962 1627 1150 1698 christiani
1172 1649 1241 1696 non
1257 1650 1299 1696 ex
1315 1626 1472 1696 subsidio
1486 1624 1601 1696 tradi·

419 1731 530 1801 tionis
542 1733 740 1823 gentilium,
756 1735 816 1804 sed
828 1751 946 1802 tantm
962 1733 1237 1825 impedimentum
1253 1735 1354 1802 beina
1371 1731 1598 1815 traditionis,

420 1865 483 1932 per
498 1843 694 1911 naturalem
710 1849 746 1913 at
761 1851 984 1935 spontaneam
998 1843 1305 1935 apprehensionem
1321 1867 1364 1913 ex
1380 1845 1483 1912 rebus
1499 1863 1598 1912 crea·

418 1949 468 2018 tis
491 1949 741 2020 universaliter
763 1973 986 2043 perseverare
1009 1953 1134 2022 docent
1155 1953 1310 2046 aliquam
1333 1951 1457 2021 saltem
1474 1951 1599 2020 confu-

421 2078 495 2126 sam
518 2057 595 2127 veri
617 2057 683 2127 Dei
706 2058 818 2128 ideam
841 2081 882 2129 ac
905 2061 1080 2132 notitiam.
1101 2061 1169 2130 «A
1184 2060 1374 2152 primordio
1389 2081 1520 2144 rerum,
1541 2057 1597 2126 in·

419 2164 498 2258 quit
520 2165 764 2236 Tertullianus
786 2171 900 2256 (cont.
918 2167 1026 2238 Marc.
1045 2168 1076 2237 1.
1106 2191 1137 2240 o.
1162 2169 1260 2256 10.),
1289 2167 1448 2238 conditor
1470 2187 1597 2234 earum

418 2293 491 2340 enm
514 2273 602 2364 iptio
621 2275 758 2362 pariter
791 2289 976 2362 compertae
999 2289 1066 2360 eet,
1100 2278 1187 2368 iptio
1210 2273 1257 2343 cd
1286 2274 1525 2364 bocoprclatie
1555 2285 1596 2338 eet

417 2377 509 2446 Dens
535 2394 828 2470 cgnomentum...
845 2380 957 2451 Maior
973 2381 1192 2472 popularitas
1208 2380 1427 2468 (multitudo)
1450 2379 1595 2470 generis

416 2483 561 2554 humani
583 2508 626 2556 ne
648 2486 785 2555 nomine
816 2487 954 2580 quidem
983 2486 1091 2556 Mosis
1126 2491 1322 2579 compotes,
1347 2487 1458 2555 Deum
1480 2483 1595 2554 Musis

416 2596 532 2662 tamen
554 2602 696 2682 nuruum
723 2599 827 2662 etiam
851 2610 983 2662 tantam
1006 2594 1212 2662 idololatria
1235 2594 1500 2662 dominationem
1519 2598 1592 2681 (co-

415 2701 608 2791 gnitionem
631 2701 775 2771 dominii
798 2702 877 2774 veri
897 2701 977 2789 Dei)
1001 2703 1220 2772 obumbrante
1234 2725 1390 2774 seorsum
1412 2709 1530 2772 tamen
1548 2699 1592 2770 il·

412 2807 487 2878 lum
510 2811 611 2902 quasi
633 2810 774 2902 proprio
796 2810 932 2880 nomine
955 2811 1068 2882 Deum
1089 2812 1285 2904 perhibent,
1311 2819 1348 2884 et
1368 2815 1481 2884 Deum
1499 2812 1591 2882 Deo·

476 3073 717 3154 (intimarent,
743 3081 817 3136 bauo
837 3081 996 3138 doctrinam
1018 3085 1054 3139 ab
1075 3099 1216 3152 anonymo
1241 3086 1295 3141 iilo
1320 3083 1371 3153 qni
1390 3085 1508 3140 nostrae
1534 3083 1591 3141 baa

412 3170 729 3240 theeeeimpugnandae
741 3174 879 3240 suscepit,
899 3175 1028 3242 potuisse
1049 3175 1214 3244 detorqueri
1235 3181 1266 3232 et
1283 3179 1359 3232 serto
1380 3179 1532 3247 affirmari,
1552 3193 1589 3232 ex

411 3264 512 3314 nostra
527 3261 675 3314 sententia
690 3261 907 3317 iustitutionem
924 3264 956 3316 in
976 3265 1101 3319 humana
1119 3269 1258 3322 societate
1271 3269 1432 3335 gentilibus
1445 3267 1482 3322 ad
1496 3267 1589 3336 expli·

410 3349 530 3404 candum
550 3365 630 3403 usum
650 3352 774 3404 rationis
788 3367 845 3404 nou
863 3353 1028 3408 adiumento
1042 3355 1092 3409 aed
1103 3357 1305 3425 impedimento
1319 3360 1420 3416 inlesa.
1435 3379 1448 3407 ι
1461 3359 1531 3414 (lum
1547 3357 1589 3412 di-

410 3443 501 3507 oatur,
522 3439 597 3508 qnod
617 3440 770 3494 institutio
789 3443 921 3510 socialis,
942 3445 1039 3512 qualia
1059 3449 1123 3500 erat
1141 3447 1216 3514 apud
1234 3452 1346 3516 gentes,
1367 3449 1509 3503 rationem
1527 3463 1586 3502 non

409 3528 495 3580 iuvat
520 3527 570 3580 aad
591 3527 776 3582 vehementer
800 3529 937 3598 impedit,
959 3533 1043 3586 iuxta
1064 3533 1138 3588 hana
1162 3535 1322 3590 doctrinam
1346 3537 1445 3592 ielloea
1469 3535 1586 3592 dicendi

409 3619 509 3669 essent
525 3617 574 3670 illl
597 3617 688 3684 pueri,
704 3619 754 3684 qul
777 3619 877 3672 statim
899 3623 966 3686 post
985 3623 1173 3676 nativitatem
1193 3625 1510 3679 aeorelmaceterornm
1520 3639 1585 3678 eon·

409 3705 499 3756 nortio
518 3703 703 3756 nutrirentur
718 3706 748 3756 et
764 3719 858 3758 rerum
877 3707 1113 3775 contemplationi
1127 3711 1408 3766 committerentur...
1428 3713 1585 3766 Praeterea

407 3805 443 3844 ex
461 3793 498 3844 el.
512 3793 637 3846 auctoris
657 3791 789 3846 doctrina
807 3795 890 3862 sequi
913 3795 1039 3864 ridetur,
1062 3798 1136 3866 qnod
1151 3801 1302 3855 institutio
1319 3803 1416 3856 aliena
1431 3802 1583 3856 Platonem

408 3895 437 3933 v.
448 3895 476 3946 g.
496 3895 553 3934 non
572 3879 653 3935 modo
676 3897 733 3936 ncu
747 3883 863 3938 iuravit
884 3883 921 3958 (i.
933 3899 958 3939 e.
971 3883 1067 3958 iuvit)
1086 3888 1136 3943 aed
1148 3890 1246 3956 potius
1260 3890 1425 3959 impedivit.
1440 3912 1453 3940 u
1468 3891 1518 3944 lta
1530 3892 1583 3946 ille

406 3969 437 4022 ln
450 3985 544 4037 opust.
555 3973 606 4025 cit.
618 3989 646 4040 p.
659 3971 704 4024 d'l.
717 3973 758 4025 De
769 3974 961 4028 institutione
981 3977 1083 4031 sociali
1093 3979 1125 4032 iu
1140 3979 1239 4034 ordine
1250 3979 1286 4033 ad
1298 3995 1379 4034 usum
1395 3981 1522 4035 rationis
1534 3995 1581 4034 ex·

404 4055 568 4122 plicandum
580 4056 645 4110 heic
658 4056 735 4111 nibil
749 4073 801 4112 uos
822 4059 946 4114 diximus
964 4059 1089 4134 (ailquid
1105 4065 1140 4118 de
1154 4081 1187 4119 ea
1200 4066 1393 4122 indicarimus
1405 4067 1438 4122 in
1446 4067 1578 4137 Appeud.

403 4143 455 4197 clt.
467 4142 503 4196 ad
524 4144 618 4198 'tract
633 4143 667 4198 de
686 4144 796 4219 irad),
818 4149 868 4202 aed
889 4151 1019 4221 dictum,
1035 4153 1246 4210 straditionem
1265 4159 1397 4210 erroris·
1413 4161 1443 4210 et
1454 4157 1581 4212 absurda

402 4237 568 4300 commenta,
588 4233 707 4301 quaeda
725 4237 783 4291 diis
795 4255 812 4292 a
823 4240 980 4294 maioribus
998 4249 1166 4312 acceperant
1185 4246 1321 4314 gentiles,
1341 4261 1398 4300 ucn
1419 4247 1579 4300 subsidium

405 4321 454 4377 aed
475 4325 719 4382 obumbrationem
739 4331 769 4382 et
785 4329 1019 4397 impedimentum
1036 4331 1127 4390 iuliae
1139 4335 1176 4392 ad
1193 4336 1364 4391 rationalem
1385 4335 1576 4402 coguitionem

404 4411 458 4468 Dei
478 4412 696 4484 divmarumuue
717 4418 933 4476 attributorum.
