3454 5068
878 307 916 321 -
936 275 996 335 634
1017 307 1054 320 -

448 385 590 454 Clarum
614 389 685 468 est,
713 403 812 472 posse
835 403 1038 473 quemquam
1062 380 1231 449 haeresim
1262 379 1412 470 positam
1442 379 1552 449 tertio

382 493 456 562 loco
479 499 589 562 totam
611 489 798 582 repudiare
821 511 861 558 ao
884 489 1016 558 sentire
1039 487 1081 556 de
1104 488 1243 578 gratiae
1273 485 1432 577 gratuito
1462 487 1552 556 dono

380 603 483 695 plane
505 599 692 671 secundnm
713 595 920 667 catholicam
936 596 1049 682 fidem,
1070 599 1105 665 et
1119 595 1348 664 nihilominus
1364 594 1550 682 offirmare,

380 711 472 802 quod
489 709 622 779 dicitur
644 706 755 798 primo
780 712 815 774 et
838 705 987 775 secundo
1002 704 1089 790 loco,
1109 703 1268 796 quamvis
1284 703 1471 794 repudiata
1486 702 1553 770 illa

378 817 515 888 haeresi
531 838 653 886 sensns
670 813 796 882 harum
819 812 1052 883 assertionum
1076 813 1147 881 erit
1169 812 1274 882 alius.
1299 811 1396 902 Ergo
1420 813 1451 880 si
1473 813 1549 880 An-

379 927 545 1017 gustinus
568 924 728 1009 censuit,
761 931 912 993 errorem
942 945 1010 991 non
1042 921 1141 991 modo
1168 944 1242 990 esse
1265 923 1302 990 in
1325 922 1454 1007 tertio,
1488 921 1550 990 sed

379 1035 484 1104 etiam
500 1034 538 1102 in
554 1033 688 1102 duobus
703 1031 879 1122 prioribus
895 1055 956 1122 per
980 1055 1015 1100 sc
1038 1038 1075 1102 et
1098 1031 1257 1100 absolute
1277 1029 1456 1122 spectatis;
1478 1052 1549 1098 non

378 1141 467 1210 satis
481 1140 514 1210 ei
530 1146 608 1210 erat
624 1139 802 1230 postulare
818 1137 1039 1208 reiectionem
1057 1138 1157 1207 tertii
1173 1137 1327 1223 membri,
1346 1138 1405 1208 sed
1424 1137 1550 1207 debuit

377 1248 571 1318 necessario
587 1247 689 1316 fidem
705 1247 898 1339 oppositam
913 1247 1055 1339 exigere
1078 1247 1184 1316 etiam
1207 1247 1320 1340 quoad
1343 1247 1494 1338 primum
1510 1251 1549 1314 et

377 1355 579 1426 secundum.
1152 1353 1153 1357 ’
1360 1407 1368 1433 ,

442 1463 557 1554 Atqui
584 1471 620 1553 a)
647 1463 759 1555 quoad
790 1463 939 1553 primum
963 1463 1212 1553 Augustiana,
1245 1464 1348 1532 immo
1371 1461 1547 1532 Catholici

376 1593 492 1640 omnes
515 1570 708 1640 concedunt
729 1592 770 1640 ac
793 1570 937 1657 docent,
963 1571 1075 1642 vitam
1099 1577 1274 1641 aeternam
1302 1571 1379 1640 dari
1407 1571 1546 1639 meritis

375 1681 499 1772 utiquc
522 1679 863 1770 supernaturalibus.
888 1679 987 1748 Unde
1011 1681 1221 1749 sententiam
1238 1679 1463 1770 Pelagianam
1479 1678 1546 1748 hec

375 1788 450 1858 sola
472 1788 608 1858 ratione
631 1787 798 1878 corrigit:
833 1817 849 1853 a
872 1811 949 1858 cnm
973 1789 1095 1858 dicunt
1117 1789 1342 1878 Pelagiani...
1367 1795 1546 1857 aeternam

374 1896 485 1966 vitam
508 1896 646 1966 meritis
668 1896 800 1966 nostris
821 1895 1112 1988 praecedentibus
1134 1896 1244 1982 reddi,
1270 1897 1545 1988 respondendum

375 2011 429 2074 est
450 2005 514 2073 eis.
541 2003 581 2072 Si
603 2003 695 2073 enim
719 2005 844 2074 merita
870 2011 993 2074 nostra
1015 2005 1065 2074 sic
1089 2003 1348 2095 intelligerent,
1374 2011 1416 2074 ut
1438 2007 1546 2074 etiam

373 2115 450 2204 ipsa
472 2112 562 2182 dona
583 2113 649 2182 Dei
672 2135 745 2182 esee
769 2118 1026 2202 cognoscerent,
1044 2135 1112 2181 non
1127 2119 1219 2183 esset
1233 2113 1450 2204 reprobanda
1471 2112 1545 2180 ista

373 2221 578 2289 renuntia»
598 2219 640 2290 de
656 2219 758 2291 Grct.
774 2225 810 2290 et
821 2219 884 2288 lib.
898 2222 973 2288 arb.
988 2245 1023 2290 n.
1039 2219 1093 2290 15.
1113 2221 1222 2288 Immo
1238 2243 1315 2290 cnm
1330 2224 1462 2289 certum
1479 2220 1541 2305 sit,

372 2327 484 2398 vitam
503 2333 679 2397 aeternam
696 2351 771 2398 esse
787 2349 946 2398 coronam
969 2333 1007 2397 et
1028 2328 1217 2398 mercedem
1233 2351 1294 2418 pro
1310 2327 1458 2413 meritis,
1472 2350 1542 2396 non

372 2433 442 2504 alio
459 2457 562 2504 sensu
579 2457 652 2504 eam
672 2457 772 2526 posse
795 2435 867 2505 dici
889 2435 1042 2526 gratiam
1065 2434 1259 2526 gratuitam
1275 2434 1437 2526 pluribus
1453 2435 1542 2504 locis

371 2543 471 2613 docet
482 2543 720 2633 Augustinus,
730 2543 801 2614 nisi
814 2543 897 2636 qnia
908 2543 1032 2614 merita
1043 2545 1121 2636 ipsa
1132 2549 1376 2634 comparantur
1388 2565 1449 2634 per
1461 2565 1542 2632 grs-

371 2651 457 2720 tiem
470 2655 539 2742 (ep.
555 2650 633 2720 194.
653 2651 697 2720 ad
711 2650 817 2740 Sixt.;
832 2673 886 2743 ep.
899 2650 975 2720 186.
990 2676 1026 2720 n.
1038 2649 1093 2720 10.
1104 2651 1147 2722 ad
1159 2649 1314 2739 Peulin.;
1324 2650 1366 2720 de
1379 2649 1538 2740 Corrept.

372 2763 408 2825 et
423 2763 517 2847 grat.
534 2781 564 2826 c.
580 2757 635 2846 13;
650 2757 692 2826 de
705 2757 806 2827 Grat.
821 2765 858 2828 et
869 2758 931 2826 lib.
945 2758 1020 2827 arb.
1037 2781 1086 2828 eo.
1102 2757 1134 2825 8.
1152 2756 1203 2844 9.)
1221 2757 1326 2826 aleta
1339 2780 1423 2847 ergo
1437 2780 1540 2848 quae·

369 2862 438 2932 stio
461 2863 594 2955 (inquit
610 2864 651 2932 de
676 2860 777 2934 (Iret.
794 2869 830 2933 et
847 2863 910 2934 lib.
926 2865 1001 2934 arb.
1018 2887 1049 2934 c.
1065 2865 1115 2951 8.)
1131 2863 1230 2933 nullo
1254 2862 1352 2932 modo
1375 2863 1462 2932 mibi
1486 2865 1540 2933 vi·

369 2971 472 3040 detur
494 2995 595 3063 posse
618 2973 782 3059 dissolvi,
807 2973 877 3042 nisi
901 2973 1141 3064 intelligatur,
1167 2979 1203 3042 et
1224 2973 1302 3063 ipsa
1324 2973 1414 3040 bona
1435 2993 1541 3061 opera

368 3087 489 3150 nostra
516 3081 642 3174 quibus
673 3089 815 3152 aeterna
839 3082 915 3153 vita
937 3081 1109 3167 redditur,
1134 3081 1178 3150 ad
1201 3081 1266 3150 Dei
1289 3080 1439 3171 gratiam
1462 3101 1540 3170 per·

366 3189 526 3257 tinere.»
551 3189 687 3260 Nexum
711 3190 791 3258 boni
814 3213 899 3260 usus
922 3191 1060 3280 gratiae
1086 3189 1216 3279 prioris
1246 3213 1322 3260 cum
1354 3188 1539 3258 collatione

367 3297 505 3384 gratiae
540 3298 818 3389 subsequentis,
839 3297 1040 3389 pariterque
1069 3320 1195 3366 nexum
1226 3297 1427 3366 meritorum
1458 3319 1538 3365 cum

367 3425 492 3472 corona
520 3411 684 3474 aeternae
706 3407 802 3476 vitae
824 3405 990 3476 distincte
1012 3407 1239 3496 Augustinus
1266 3405 1421 3476 declarat
1451 3405 1539 3473 locis

365 3513 550 3604 descriptis
563 3537 671 3605 supra
684 3514 737 3584 th.
753 3515 887 3585 LVIII.
901 3539 936 3585 n.
952 3517 986 3584 2.

433 3621 466 3708 b)
489 3620 653 3690 Ordinem
669 3621 918 3712 dependentiae
941 3622 978 3691 in
1002 3622 1102 3691 donis
1119 3621 1224 3691 unius
1242 3621 1285 3690 ab
1301 3621 1413 3690 altero
1430 3631 1538 3712 prout

361 3725 398 3797 in
424 3734 577 3819 tempore
600 3731 849 3817 conferuntur,
875 3731 1019 3801 eundem
1043 3753 1119 3800 esse
1141 3731 1179 3798 in
1203 3729 1535 3820 praedestinatione,

358 3836 585 3926 Augustinus
608 3837 745 3906 omnino
768 3839 962 3923 consentit,
987 3860 1049 3908 nec
1072 3836 1173 3907 aliud
1195 3861 1217 3906 a
1241 3837 1537 3928 Semipelagianis

358 3945 525 4034 postulat,
545 3968 648 4038 quam
665 3951 706 4012 ut
721 3943 826 4012 etiam
847 3944 988 4014 initium
1013 3943 1092 4013 boni
1116 3945 1232 4034 operis
1255 3950 1292 4015 et
1313 3965 1536 4034 perseveran-

358 4050 445 4118 tiam
468 4051 557 4120 dona
579 4050 728 4140 gratiae,
747 4055 851 4142 atque
874 4049 950 4119 ideo
973 4051 1064 4118 dona
1085 4051 1346 4140 praedestinata
1361 4073 1436 4119 esse
1456 4072 1535 4120 oon·

360 4157 538 4226 fiteantur.
557 4157 652 4227 Haec
667 4158 903 4227 demonstrata
926 4157 1032 4226 hebes
1048 4157 1103 4225 th.
1117 4157 1231 4228 LVII.
1251 4155 1340 4226 Sane
1356 4155 1447 4247 qnod
1462 4155 1535 4224 Au·

361 4262 526 4351 gustinns
546 4265 621 4334 sive
643 4287 665 4332 a
687 4263 888 4354 Pelagianis
904 4265 979 4334 sive
995 4285 1016 4332 a
1033 4263 1323 4354 Semipelagianis
1337 4263 1463 4353 exigit,
1477 4271 1536 4332 est

361 4369 426 4439 boo
449 4392 568 4456 uuum,
593 4377 635 4440 nt
659 4370 784 4440 merita
807 4371 988 4442 leuantur
1010 4392 1085 4441 esse
1107 4392 1149 4440 ex
1173 4371 1292 4461 gratia
1313 4377 1349 4440 et
1371 4393 1432 4462 per
1455 4391 1535 4460 gre·
