<?xml version="1.0" encoding="UTF-8"?>
<!DOCTYPE html PUBLIC "-//W3C//DTD XHTML 1.0 Transitional//EN"
    "http://www.w3.org/TR/xhtml1/DTD/xhtml1-transitional.dtd">
<html xmlns="http://www.w3.org/1999/xhtml" xml:lang="en" lang="en">
 <head>
  <title>
</title>
<meta http-equiv="Content-Type" content="text/html;charset=utf-8" />
  <meta name='ocr-system' content='tesseract 3.04.00' />
  <meta name='ocr-capabilities' content='ocr_page ocr_carea ocr_par ocr_line ocrx_word'/>
</head>
<body>
  <div class='ocr_page' id='page_1' title='image "./ioannisbaptfran01frangoog_0710.png"; bbox 0 0 3360 5060; ppageno 0'>
   <div class='ocr_carea' id='block_1_1' title="bbox 109 397 1292 4237">
    <p class='ocr_par' dir='ltr' id='par_1_1' title="bbox 109 397 1285 1129">
     <span class='ocr_line' id='line_1_1' title="bbox 608 397 784 456; baseline 0 -16"><span class='ocrx_word' id='word_1_1' title='bbox 608 428 645 440; x_wconf 92' lang='lat'><strong>..</strong></span> <span class='ocrx_word' id='word_1_2' title='bbox 667 397 726 456; x_wconf 72' lang='lat'><strong>693</strong></span> <span class='ocrx_word' id='word_1_3' title='bbox 747 428 784 440; x_wconf 90' lang='grc'><strong>..</strong></span> 
     </span>
     <span class='ocr_line' id='line_1_2' title="bbox 110 497 1284 590; baseline -0.001 -25"><span class='ocrx_word' id='word_1_4' title='bbox 110 504 370 586; x_wconf 77' lang='lat' dir='ltr'>praeparantur</span> <span class='ocrx_word' id='word_1_5' title='bbox 392 497 430 564; x_wconf 91' lang='lat' dir='ltr'><strong>in</strong></span> <span class='ocrx_word' id='word_1_6' title='bbox 447 498 596 588; x_wconf 80' lang='lat' dir='ltr'>gloriam</span> <span class='ocrx_word' id='word_1_7' title='bbox 613 501 826 583; x_wconf 76' lang='lat' dir='ltr'><strong>sanctitatis,</strong></span> <span class='ocrx_word' id='word_1_8' title='bbox 845 507 881 568; x_wconf 89' lang='lat' dir='ltr'><strong>et</strong></span> <span class='ocrx_word' id='word_1_9' title='bbox 895 523 958 590; x_wconf 89' lang='lat' dir='ltr'><strong>per</strong></span> <span class='ocrx_word' id='word_1_10' title='bbox 973 501 1063 568; x_wconf 92' lang='lat' dir='ltr'><strong>hanc</strong></span> <span class='ocrx_word' id='word_1_11' title='bbox 1081 498 1118 566; x_wconf 92' lang='lat' dir='ltr'><strong>in</strong></span> <span class='ocrx_word' id='word_1_12' title='bbox 1134 499 1284 588; x_wconf 81' lang='lat' dir='ltr'>gloriam</span> 
     </span>
     <span class='ocr_line' id='line_1_3' title="bbox 111 605 1284 696; baseline -0.002 -24"><span class='ocrx_word' id='word_1_13' title='bbox 111 610 397 672; x_wconf 78' lang='lat' dir='ltr'><strong>consummatam.</strong></span> <span class='ocrx_word' id='word_1_14' title='bbox 430 635 446 668; x_wconf 76' lang='lat' dir='ltr'><strong>a</strong></span> <span class='ocrx_word' id='word_1_15' title='bbox 463 606 621 674; x_wconf 90' lang='lat' dir='ltr'><strong>Divitiae</strong></span> <span class='ocrx_word' id='word_1_16' title='bbox 644 607 778 696; x_wconf 88' lang='lat' dir='ltr'><strong>gloriae</strong></span> <span class='ocrx_word' id='word_1_17' title='bbox 802 612 888 674; x_wconf 85' lang='lat' dir='ltr'><strong>snnt</strong></span> <span class='ocrx_word' id='word_1_18' title='bbox 915 608 1072 696; x_wconf 85' lang='lat' dir='ltr'><strong>dignitas</strong></span> <span class='ocrx_word' id='word_1_19' title='bbox 1101 605 1284 695; x_wconf 83' lang='lat' dir='ltr'><strong>multiplex</strong></span> 
     </span>
     <span class='ocr_line' id='line_1_4' title="bbox 110 712 1285 802; baseline 0.001 -24"><span class='ocrx_word' id='word_1_20' title='bbox 110 721 322 801; x_wconf 87' lang='lat' dir='ltr'><strong>praeparata</strong></span> <span class='ocrx_word' id='word_1_21' title='bbox 334 713 587 798; x_wconf 68' lang='lat' dir='ltr'><strong>credentibus»</strong></span> <span class='ocrx_word' id='word_1_22' title='bbox 599 714 916 783; x_wconf 87' lang='lat' dir='ltr'><strong>aitAmbrosiaster</strong></span> <span class='ocrx_word' id='word_1_23' title='bbox 929 716 966 781; x_wconf 94' lang='lat' dir='ltr'><strong>in</strong></span> <span class='ocrx_word' id='word_1_24' title='bbox 977 715 1042 782; x_wconf 93' lang='lat' dir='ltr'><strong>h.l.</strong></span> <span class='ocrx_word' id='word_1_25' title='bbox 1051 713 1122 796; x_wconf 72' lang='lat' dir='ltr'><strong>Qui</strong></span> <span class='ocrx_word' id='word_1_26' title='bbox 1132 736 1215 802; x_wconf 87' lang='lat' dir='ltr'><strong>ergo</strong></span> <span class='ocrx_word' id='word_1_27' title='bbox 1227 712 1285 779; x_wconf 92' lang='lat' dir='ltr'><strong>hic</strong></span> 
     </span>
     <span class='ocr_line' id='line_1_5' title="bbox 110 821 1285 912; baseline 0 -26"><span class='ocrx_word' id='word_1_28' title='bbox 110 823 293 910; x_wconf 90' lang='lat' dir='ltr'><strong>reperiunt</strong></span> <span class='ocrx_word' id='word_1_29' title='bbox 304 821 498 889; x_wconf 85' lang='lat' dir='ltr'><strong>absolutam</strong></span> <span class='ocrx_word' id='word_1_30' title='bbox 511 823 863 912; x_wconf 84' lang='lat' dir='ltr'><strong>praedestinationem</strong></span> <span class='ocrx_word' id='word_1_31' title='bbox 880 824 925 891; x_wconf 91' lang='lat' dir='ltr'><strong>ad</strong></span> <span class='ocrx_word' id='word_1_32' title='bbox 942 823 1091 912; x_wconf 82' lang='lat' dir='ltr'><strong>gloriam</strong></span> <span class='ocrx_word' id='word_1_33' title='bbox 1108 827 1285 889; x_wconf 87' lang='lat' dir='ltr'><strong>aeternam</strong></span> 
     </span>
     <span class='ocr_line' id='line_1_6' title="bbox 109 927 1285 1020; baseline -0.001 -25"><span class='ocrx_word' id='word_1_34' title='bbox 109 927 254 995; x_wconf 87' lang='lat' dir='ltr'><strong>seorsim</strong></span> <span class='ocrx_word' id='word_1_35' title='bbox 278 935 468 1017; x_wconf 82' lang='lat' dir='ltr'><strong>spectatam</strong></span> <span class='ocrx_word' id='word_1_36' title='bbox 493 936 575 997; x_wconf 87' lang='lat' dir='ltr'><strong>ante</strong></span> <span class='ocrx_word' id='word_1_37' title='bbox 598 931 712 997; x_wconf 90' lang='lat' dir='ltr'><strong>omnia</strong></span> <span class='ocrx_word' id='word_1_38' title='bbox 735 931 897 1020; x_wconf 87' lang='lat' dir='ltr'><strong>praevisa</strong></span> <span class='ocrx_word' id='word_1_39' title='bbox 920 931 1056 1015; x_wconf 88' lang='lat' dir='ltr'><strong>merita,</strong></span> <span class='ocrx_word' id='word_1_40' title='bbox 1083 929 1112 997; x_wconf 92' lang='lat' dir='ltr'><strong>ii</strong></span> <span class='ocrx_word' id='word_1_41' title='bbox 1129 930 1285 1020; x_wconf 85' lang='lat' dir='ltr'><strong>profecto</strong></span> 
     </span>
     <span class='ocr_line' id='line_1_7' title="bbox 111 1033 1135 1129; baseline 0.002 -27"><span class='ocrx_word' id='word_1_42' title='bbox 111 1035 216 1125; x_wconf 88' lang='lat' dir='ltr'><strong>longe</strong></span> <span class='ocrx_word' id='word_1_43' title='bbox 239 1033 337 1104; x_wconf 84' lang='lat' dir='ltr'><strong>alind</strong></span> <span class='ocrx_word' id='word_1_44' title='bbox 361 1036 494 1120; x_wconf 90' lang='lat' dir='ltr'><strong>dicunt,</strong></span> <span class='ocrx_word' id='word_1_45' title='bbox 521 1059 624 1128; x_wconf 90' lang='lat' dir='ltr'><strong>quam</strong></span> <span class='ocrx_word' id='word_1_46' title='bbox 647 1038 738 1129; x_wconf 90' lang='lat' dir='ltr'><strong>quod</strong></span> <span class='ocrx_word' id='word_1_47' title='bbox 761 1039 905 1128; x_wconf 90' lang='lat' dir='ltr'><strong>scripsit</strong></span> <span class='ocrx_word' id='word_1_48' title='bbox 929 1038 965 1106; x_wconf 82' lang='lat' dir='ltr'><strong>S.</strong></span> <span class='ocrx_word' id='word_1_49' title='bbox 991 1037 1135 1106; x_wconf 87' lang='lat' dir='ltr'><strong>Paulus.</strong></span> 
     </span>
    </p>

    <p class='ocr_par' dir='ltr' id='par_1_2' title="bbox 109 1145 1287 2286">
     <span class='ocr_line' id='line_1_8' title="bbox 180 1145 1284 1236; baseline 0 -24"><span class='ocrx_word' id='word_1_50' title='bbox 180 1145 287 1212; x_wconf 92' lang='lat' dir='ltr'><strong>Porro</strong></span> <span class='ocrx_word' id='word_1_51' title='bbox 306 1173 323 1208; x_wconf 78' lang='lat' dir='ltr'><strong>o</strong></span> <span class='ocrx_word' id='word_1_52' title='bbox 340 1167 427 1214; x_wconf 85' lang='lat' dir='ltr'><strong>vasa</strong></span> <span class='ocrx_word' id='word_1_53' title='bbox 438 1146 512 1214; x_wconf 88' lang='lat' dir='ltr'><strong>irae</strong></span> <span class='ocrx_word' id='word_1_54' title='bbox 523 1149 608 1236; x_wconf 85' lang='lat' dir='ltr'><strong>&#39;apta</strong></span> <span class='ocrx_word' id='word_1_55' title='bbox 620 1147 657 1214; x_wconf 91' lang='lat' dir='ltr'><strong>in</strong></span> <span class='ocrx_word' id='word_1_56' title='bbox 671 1147 855 1216; x_wconf 90' lang='lat' dir='ltr'><strong>interitum</strong></span> <span class='ocrx_word' id='word_1_57' title='bbox 874 1175 890 1209; x_wconf 81' lang='lat' dir='ltr'><strong>n</strong></span> <span class='ocrx_word' id='word_1_58' title='bbox 911 1148 1094 1216; x_wconf 84' lang='lat' dir='ltr'><strong>manifeste</strong></span> <span class='ocrx_word' id='word_1_59' title='bbox 1111 1152 1195 1213; x_wconf 89' lang='lat' dir='ltr'><strong>sunt</strong></span> <span class='ocrx_word' id='word_1_60' title='bbox 1210 1166 1284 1234; x_wconf 91' lang='lat' dir='ltr'><strong>peo-</strong></span> 
     </span>
     <span class='ocr_line' id='line_1_9' title="bbox 110 1253 1287 1346; baseline -0.003 -26"><span class='ocrx_word' id='word_1_61' title='bbox 110 1261 259 1320; x_wconf 85' lang='lat' dir='ltr'><strong>catores.</strong></span> <span class='ocrx_word' id='word_1_62' title='bbox 284 1253 419 1321; x_wconf 87' lang='lat' dir='ltr'><strong>Debent</strong></span> <span class='ocrx_word' id='word_1_63' title='bbox 440 1258 556 1322; x_wconf 62' lang='lat' dir='ltr'><strong>summ</strong></span> <span class='ocrx_word' id='word_1_64' title='bbox 579 1254 664 1324; x_wconf 87' lang='lat' dir='ltr'><strong>haec</strong></span> <span class='ocrx_word' id='word_1_65' title='bbox 687 1276 773 1324; x_wconf 88' lang='lat' dir='ltr'><strong>vasa</strong></span> <span class='ocrx_word' id='word_1_66' title='bbox 796 1257 966 1346; x_wconf 89' lang='lat' dir='ltr'><strong>spectari,</strong></span> <span class='ocrx_word' id='word_1_67' title='bbox 1000 1263 1041 1323; x_wconf 89' lang='lat' dir='ltr'><strong>nt</strong></span> <span class='ocrx_word' id='word_1_68' title='bbox 1069 1261 1153 1322; x_wconf 88' lang='lat' dir='ltr'><strong>sunt</strong></span> <span class='ocrx_word' id='word_1_69' title='bbox 1176 1253 1287 1342; x_wconf 88' lang='lat' dir='ltr'><strong>digna</strong></span> 
     </span>
     <span class='ocr_line' id='line_1_10' title="bbox 109 1361 1285 1452; baseline 0.001 -25"><span class='ocrx_word' id='word_1_70' title='bbox 109 1361 187 1428; x_wconf 88' lang='lat' dir='ltr'><strong>irae</strong></span> <span class='ocrx_word' id='word_1_71' title='bbox 203 1367 240 1428; x_wconf 90' lang='lat' dir='ltr'><strong>et</strong></span> <span class='ocrx_word' id='word_1_72' title='bbox 254 1361 432 1447; x_wconf 87' lang='lat' dir='ltr'><strong>interitus;</strong></span> <span class='ocrx_word' id='word_1_73' title='bbox 447 1383 526 1428; x_wconf 91' lang='lat' dir='ltr'><strong>nam</strong></span> <span class='ocrx_word' id='word_1_74' title='bbox 541 1362 723 1451; x_wconf 80' lang='lat' dir='ltr'><strong>genitivus</strong></span> <span class='ocrx_word' id='word_1_75' title='bbox 742 1385 848 1431; x_wconf 73' lang='lat' dir='ltr'><strong>«vasa</strong></span> <span class='ocrx_word' id='word_1_76' title='bbox 863 1365 955 1429; x_wconf 72' lang='lat' dir='ltr'><strong>irae»</strong></span> <span class='ocrx_word' id='word_1_77' title='bbox 974 1386 1041 1430; x_wconf 92' lang='lat' dir='ltr'><strong>non</strong></span> <span class='ocrx_word' id='word_1_78' title='bbox 1062 1367 1180 1452; x_wconf 89' lang='lat' dir='ltr'><strong>potest</strong></span> <span class='ocrx_word' id='word_1_79' title='bbox 1195 1362 1285 1429; x_wconf 88' lang='lat' dir='ltr'><strong>sumi</strong></span> 
     </span>
     <span class='ocr_line' id='line_1_11' title="bbox 111 1468 1285 1561; baseline 0.002 -27"><span class='ocrx_word' id='word_1_80' title='bbox 111 1471 236 1550; x_wconf 78' lang='lat' dir='ltr'><strong>active,</strong></span> <span class='ocrx_word' id='word_1_81' title='bbox 260 1491 301 1536; x_wconf 89' lang='lat' dir='ltr'><strong>ao</strong></span> <span class='ocrx_word' id='word_1_82' title='bbox 325 1469 356 1534; x_wconf 87' lang='lat' dir='ltr'><strong>si</strong></span> <span class='ocrx_word' id='word_1_83' title='bbox 377 1468 466 1536; x_wconf 89' lang='lat' dir='ltr'><strong>talia</strong></span> <span class='ocrx_word' id='word_1_84' title='bbox 489 1469 631 1538; x_wconf 86' lang='lat' dir='ltr'><strong>fecisset</strong></span> <span class='ocrx_word' id='word_1_85' title='bbox 646 1471 701 1538; x_wconf 89' lang='lat' dir='ltr'><strong>ira</strong></span> <span class='ocrx_word' id='word_1_86' title='bbox 716 1471 793 1556; x_wconf 90' lang='lat' dir='ltr'><strong>Dei,</strong></span> <span class='ocrx_word' id='word_1_87' title='bbox 813 1472 873 1539; x_wconf 91' lang='lat' dir='ltr'><strong>sed</strong></span> <span class='ocrx_word' id='word_1_88' title='bbox 887 1474 1037 1560; x_wconf 82' lang='lat' dir='ltr'><strong>passive,</strong></span> <span class='ocrx_word' id='word_1_89' title='bbox 1054 1492 1141 1538; x_wconf 87' lang='lat' dir='ltr'><strong>vasa</strong></span> <span class='ocrx_word' id='word_1_90' title='bbox 1159 1470 1285 1561; x_wconf 90' lang='lat' dir='ltr'><strong>quibus</strong></span> 
     </span>
     <span class='ocr_line' id='line_1_12' title="bbox 109 1575 1284 1667; baseline 0 -23"><span class='ocrx_word' id='word_1_91' title='bbox 109 1577 169 1644; x_wconf 89' lang='lat' dir='ltr'><strong>ira</strong></span> <span class='ocrx_word' id='word_1_92' title='bbox 191 1575 346 1644; x_wconf 89' lang='lat' dir='ltr'><strong>debetur.</strong></span> <span class='ocrx_word' id='word_1_93' title='bbox 373 1575 464 1642; x_wconf 92' lang='lat' dir='ltr'><strong>Hinc</strong></span> <span class='ocrx_word' id='word_1_94' title='bbox 486 1576 619 1644; x_wconf 90' lang='lat' dir='ltr'><strong>Paulus</strong></span> <span class='ocrx_word' id='word_1_95' title='bbox 634 1578 739 1646; x_wconf 89' lang='lat' dir='ltr'><strong>etiam</strong></span> <span class='ocrx_word' id='word_1_96' title='bbox 756 1579 853 1647; x_wconf 93' lang='lat' dir='ltr'><strong>modo</strong></span> <span class='ocrx_word' id='word_1_97' title='bbox 869 1579 1108 1646; x_wconf 88' lang='lat' dir='ltr'><strong>diversissimo</strong></span> <span class='ocrx_word' id='word_1_98' title='bbox 1125 1576 1284 1667; x_wconf 89' lang='lat' dir='ltr'><strong>loquitur</strong></span> 
     </span>
     <span class='ocr_line' id='line_1_13' title="bbox 111 1681 1287 1751; baseline -0.003 -1"><span class='ocrx_word' id='word_1_99' title='bbox 111 1683 156 1750; x_wconf 89' lang='lat' dir='ltr'><strong>de</strong></span> <span class='ocrx_word' id='word_1_100' title='bbox 178 1683 270 1748; x_wconf 81' lang='lat' dir='ltr'><strong>vasio</strong></span> <span class='ocrx_word' id='word_1_101' title='bbox 293 1684 368 1748; x_wconf 84' lang='lat' dir='ltr'><strong>irae</strong></span> <span class='ocrx_word' id='word_1_102' title='bbox 390 1689 425 1748; x_wconf 90' lang='lat' dir='ltr'><strong>et</strong></span> <span class='ocrx_word' id='word_1_103' title='bbox 447 1682 489 1750; x_wconf 91' lang='lat' dir='ltr'><strong>de</strong></span> <span class='ocrx_word' id='word_1_104' title='bbox 512 1685 604 1749; x_wconf 82' lang='lat' dir='ltr'><strong>nocie</strong></span> <span class='ocrx_word' id='word_1_105' title='bbox 626 1683 892 1751; x_wconf 82' lang='lat' dir='ltr'><strong>misericordiae:</strong></span> <span class='ocrx_word' id='word_1_106' title='bbox 916 1683 981 1750; x_wconf 83' lang='lat' dir='ltr'><strong>ills</strong></span> <span class='ocrx_word' id='word_1_107' title='bbox 1004 1706 1071 1751; x_wconf 92' lang='lat' dir='ltr'><strong>non</strong></span> <span class='ocrx_word' id='word_1_108' title='bbox 1094 1704 1116 1748; x_wconf 89' lang='lat' dir='ltr'><strong>a</strong></span> <span class='ocrx_word' id='word_1_109' title='bbox 1137 1681 1209 1750; x_wconf 90' lang='lat' dir='ltr'><strong>Deo</strong></span> <span class='ocrx_word' id='word_1_110' title='bbox 1233 1681 1287 1749; x_wconf 91' lang='lat' dir='ltr'><strong>di·</strong></span> 
     </span>
     <span class='ocr_line' id='line_1_14' title="bbox 111 1788 1285 1888; baseline -0.004 -31"><span class='ocrx_word' id='word_1_111' title='bbox 111 1795 245 1857; x_wconf 87' lang='lat' dir='ltr'><strong>cuntur</strong></span> <span class='ocrx_word' id='word_1_112' title='bbox 266 1795 392 1877; x_wconf 89' lang='lat' dir='ltr'><strong>parata</strong></span> <span class='ocrx_word' id='word_1_113' title='bbox 414 1788 459 1856; x_wconf 87' lang='lat' dir='ltr'><strong>ad</strong></span> <span class='ocrx_word' id='word_1_114' title='bbox 481 1788 665 1888; x_wconf 84' lang='lat' dir='ltr'><strong>interitum</strong></span> <span class='ocrx_word' id='word_1_115' title='bbox 690 1791 749 1858; x_wconf 88' lang='lat' dir='ltr'><strong>sed</strong></span> <span class='ocrx_word' id='word_1_116' title='bbox 774 1805 872 1878; x_wconf 80' lang='lat' dir='ltr'><strong>opta,</strong></span> <span class='ocrx_word' id='word_1_117' title='bbox 895 1791 1029 1856; x_wconf 78' lang='lat' dir='ltr'><strong>scilicet</strong></span> <span class='ocrx_word' id='word_1_118' title='bbox 1053 1813 1095 1856; x_wconf 79' lang='lat' dir='ltr'><strong>en</strong></span> <span class='ocrx_word' id='word_1_119' title='bbox 1117 1813 1151 1855; x_wconf 78' lang='lat' dir='ltr'><strong>cc</strong></span> <span class='ocrx_word' id='word_1_120' title='bbox 1182 1791 1285 1877; x_wconf 77' lang='lat' dir='ltr'><strong>ipsis,</strong></span> 
     </span>
     <span class='ocr_line' id='line_1_15' title="bbox 111 1895 1287 1987; baseline 0 -25"><span class='ocrx_word' id='word_1_121' title='bbox 111 1895 159 1962; x_wconf 92' lang='lat' dir='ltr'><strong>ad</strong></span> <span class='ocrx_word' id='word_1_122' title='bbox 187 1895 389 1980; x_wconf 84' lang='lat' dir='ltr'><strong>interitum;</strong></span> <span class='ocrx_word' id='word_1_123' title='bbox 415 1896 500 1965; x_wconf 90' lang='lat' dir='ltr'><strong>haec</strong></span> <span class='ocrx_word' id='word_1_124' title='bbox 524 1919 606 1964; x_wconf 87' lang='lat' dir='ltr'><strong>vero</strong></span> <span class='ocrx_word' id='word_1_125' title='bbox 629 1898 724 1965; x_wconf 89' lang='lat' dir='ltr'><strong>Deus</strong></span> <span class='ocrx_word' id='word_1_126' title='bbox 755 1899 829 1986; x_wconf 90' lang='lat' dir='ltr'><strong>ipse</strong></span> <span class='ocrx_word' id='word_1_127' title='bbox 861 1919 925 1964; x_wconf 87' lang='lat' dir='ltr'><strong>sua</strong></span> <span class='ocrx_word' id='word_1_128' title='bbox 956 1896 1155 1987; x_wconf 86' lang='lat' dir='ltr'><strong>operatione</strong></span> <span class='ocrx_word' id='word_1_129' title='bbox 1189 1916 1287 1984; x_wconf 89' lang='lat' dir='ltr'><strong>prae·</strong></span> 
     </span>
     <span class='ocr_line' id='line_1_16' title="bbox 112 2001 1287 2092; baseline -0.002 -22"><span class='ocrx_word' id='word_1_130' title='bbox 112 2002 258 2092; x_wconf 87' lang='lat' dir='ltr'><strong>paravit</strong></span> <span class='ocrx_word' id='word_1_131' title='bbox 280 2003 318 2070; x_wconf 93' lang='lat' dir='ltr'><strong>in</strong></span> <span class='ocrx_word' id='word_1_132' title='bbox 341 2001 501 2092; x_wconf 87' lang='lat' dir='ltr'><strong>gloriam.</strong></span> <span class='ocrx_word' id='word_1_133' title='bbox 527 2004 601 2071; x_wconf 90' lang='lat' dir='ltr'><strong>lam</strong></span> <span class='ocrx_word' id='word_1_134' title='bbox 625 2003 709 2073; x_wconf 87' lang='lat' dir='ltr'><strong>haec</strong></span> <span class='ocrx_word' id='word_1_135' title='bbox 734 2026 819 2072; x_wconf 85' lang='lat' dir='ltr'><strong>vasa</strong></span> <span class='ocrx_word' id='word_1_136' title='bbox 846 2005 954 2092; x_wconf 90' lang='lat' dir='ltr'><strong>digna</strong></span> <span class='ocrx_word' id='word_1_137' title='bbox 977 2005 1051 2072; x_wconf 90' lang='lat' dir='ltr'><strong>irae</strong></span> <span class='ocrx_word' id='word_1_138' title='bbox 1066 2013 1103 2072; x_wconf 93' lang='lat' dir='ltr'><strong>et</strong></span> <span class='ocrx_word' id='word_1_139' title='bbox 1118 2002 1287 2071; x_wconf 88' lang='lat' dir='ltr'><strong>interitus</strong></span> 
     </span>
     <span class='ocr_line' id='line_1_17' title="bbox 110 2110 1287 2200; baseline -0.001 -22"><span class='ocrx_word' id='word_1_140' title='bbox 110 2111 280 2179; x_wconf 88' lang='lat' dir='ltr'><strong>dicuntur</strong></span> <span class='ocrx_word' id='word_1_141' title='bbox 303 2132 325 2176; x_wconf 92' lang='lat' dir='ltr'><strong>a</strong></span> <span class='ocrx_word' id='word_1_142' title='bbox 347 2110 458 2178; x_wconf 91' lang='lat' dir='ltr'><strong>Paulo</strong></span> <span class='ocrx_word' id='word_1_143' title='bbox 481 2113 620 2180; x_wconf 82' lang='lat' dir='ltr'><strong>subesse</strong></span> <span class='ocrx_word' id='word_1_144' title='bbox 643 2112 785 2180; x_wconf 87' lang='lat' dir='ltr'><strong>divinae</strong></span> <span class='ocrx_word' id='word_1_145' title='bbox 809 2112 987 2180; x_wconf 88' lang='lat' dir='ltr'><strong>voluntati</strong></span> <span class='ocrx_word' id='word_1_146' title='bbox 1004 2114 1068 2179; x_wconf 88' lang='lat' dir='ltr'><strong>sub</strong></span> <span class='ocrx_word' id='word_1_147' title='bbox 1085 2111 1220 2200; x_wconf 87' lang='lat' dir='ltr'><strong>duplici</strong></span> <span class='ocrx_word' id='word_1_148' title='bbox 1236 2110 1287 2178; x_wconf 91' lang='lat' dir='ltr'><strong>di·</strong></span> 
     </span>
     <span class='ocr_line' id='line_1_18' title="bbox 112 2218 387 2286; baseline -0.004 -1"><span class='ocrx_word' id='word_1_149' title='bbox 112 2240 217 2286; x_wconf 88' lang='lat' dir='ltr'><strong>versa</strong></span> <span class='ocrx_word' id='word_1_150' title='bbox 239 2218 387 2286; x_wconf 89' lang='lat' dir='ltr'><strong>ratione.</strong></span> 
     </span>
    </p>

    <p class='ocr_par' dir='ltr' id='par_1_3' title="bbox 110 2325 1291 3600">
     <span class='ocr_line' id='line_1_19' title="bbox 180 2325 1287 2416; baseline -0.004 -20"><span class='ocrx_word' id='word_1_151' title='bbox 180 2326 269 2396; x_wconf 84' lang='lat' dir='ltr'><strong>Nam</strong></span> <span class='ocrx_word' id='word_1_152' title='bbox 284 2329 318 2411; x_wconf 83' lang='grc' dir='ltr'><strong>α)</strong></span> <span class='ocrx_word' id='word_1_153' title='bbox 340 2325 561 2394; x_wconf 84' lang='lat' dir='ltr'><strong>sustinentur</strong></span> <span class='ocrx_word' id='word_1_154' title='bbox 576 2327 613 2394; x_wconf 92' lang='lat' dir='ltr'><strong>in</strong></span> <span class='ocrx_word' id='word_1_155' title='bbox 630 2327 741 2415; x_wconf 79' lang='lat' dir='ltr'><strong>multa</strong></span> <span class='ocrx_word' id='word_1_156' title='bbox 757 2327 928 2416; x_wconf 90' lang='lat' dir='ltr'><strong>patientia</strong></span> <span class='ocrx_word' id='word_1_157' title='bbox 940 2349 1001 2394; x_wconf 87' lang='lat' dir='ltr'><strong>sen</strong></span> <span class='ocrx_word' id='word_1_158' title='bbox 1016 2325 1287 2415; x_wconf 81' lang='lat' dir='ltr'><strong>longanimitate</strong></span> 
     </span>
     <span class='ocr_line' id='line_1_20' title="bbox 115 2428 1287 2524; baseline 0.002 -28"><span class='ocrx_word' id='word_1_159' title='bbox 115 2428 352 2524; x_wconf 59' lang='lat' dir='ltr'><strong>(perpetiamur),</strong></span> <span class='ocrx_word' id='word_1_160' title='bbox 377 2455 465 2524; x_wconf 89' lang='lat' dir='ltr'><strong>qnae</strong></span> <span class='ocrx_word' id='word_1_161' title='bbox 488 2433 526 2500; x_wconf 95' lang='lat' dir='ltr'><strong>in</strong></span> <span class='ocrx_word' id='word_1_162' title='bbox 551 2433 746 2523; x_wconf 87' lang='lat' dir='ltr'><strong>Scriptnris</strong></span> <span class='ocrx_word' id='word_1_163' title='bbox 769 2457 903 2524; x_wconf 87' lang='lat' dir='ltr'><strong>semper</strong></span> <span class='ocrx_word' id='word_1_164' title='bbox 924 2440 978 2501; x_wconf 87' lang='lat' dir='ltr'><strong>est</strong></span> <span class='ocrx_word' id='word_1_165' title='bbox 1003 2433 1168 2500; x_wconf 84' lang='lat' dir='ltr'><strong>voluntas</strong></span> <span class='ocrx_word' id='word_1_166' title='bbox 1188 2432 1287 2499; x_wconf 87' lang='lat' dir='ltr'><strong>mise·</strong></span> 
     </span>
     <span class='ocr_line' id='line_1_21' title="bbox 110 2543 1289 2631; baseline -0.003 -21"><span class='ocrx_word' id='word_1_167' title='bbox 110 2543 226 2611; x_wconf 90' lang='lat' dir='ltr'><strong>ricors</strong></span> <span class='ocrx_word' id='word_1_168' title='bbox 247 2563 333 2630; x_wconf 86' lang='lat' dir='ltr'><strong>erga</strong></span> <span class='ocrx_word' id='word_1_169' title='bbox 355 2549 552 2631; x_wconf 88' lang='lat' dir='ltr'><strong>peccatores</strong></span> <span class='ocrx_word' id='word_1_170' title='bbox 574 2563 613 2609; x_wconf 93' lang='lat' dir='ltr'><strong>eo</strong></span> <span class='ocrx_word' id='word_1_171' title='bbox 635 2565 678 2610; x_wconf 88' lang='lat' dir='ltr'><strong>ex</strong></span> <span class='ocrx_word' id='word_1_172' title='bbox 705 2565 741 2610; x_wconf 90' lang='lat' dir='ltr'><strong>se</strong></span> <span class='ocrx_word' id='word_1_173' title='bbox 768 2543 932 2626; x_wconf 90' lang='lat' dir='ltr'><strong>tendens,</strong></span> <span class='ocrx_word' id='word_1_174' title='bbox 966 2551 1008 2610; x_wconf 91' lang='lat' dir='ltr'><strong>nt</strong></span> <span class='ocrx_word' id='word_1_175' title='bbox 1038 2547 1289 2610; x_wconf 87' lang='lat' dir='ltr'><strong>convertantur</strong></span> 
     </span>
     <span class='ocr_line' id='line_1_22' title="bbox 111 2649 1284 2738; baseline -0.003 -19"><span class='ocrx_word' id='word_1_176' title='bbox 111 2658 151 2720; x_wconf 85' lang='lat' dir='ltr'><strong>et</strong></span> <span class='ocrx_word' id='word_1_177' title='bbox 173 2651 334 2718; x_wconf 87' lang='lat' dir='ltr'><strong>desinant</strong></span> <span class='ocrx_word' id='word_1_178' title='bbox 357 2674 430 2720; x_wconf 89' lang='lat' dir='ltr'><strong>esse</strong></span> <span class='ocrx_word' id='word_1_179' title='bbox 454 2673 539 2719; x_wconf 85' lang='lat' dir='ltr'><strong>vasa</strong></span> <span class='ocrx_word' id='word_1_180' title='bbox 560 2650 634 2718; x_wconf 85' lang='lat' dir='ltr'><strong>ira&#39;e</strong></span> <span class='ocrx_word' id='word_1_181' title='bbox 660 2652 758 2719; x_wconf 84' lang='lat' dir='ltr'><strong>Rom.</strong></span> <span class='ocrx_word' id='word_1_182' title='bbox 784 2650 834 2718; x_wconf 93' lang='lat' dir='ltr'><strong>II.</strong></span> <span class='ocrx_word' id='word_1_183' title='bbox 863 2652 897 2718; x_wconf 89' lang='lat'><strong>4.</strong></span> <span class='ocrx_word' id='word_1_184' title='bbox 927 2654 960 2738; x_wconf 75' lang='lat'><strong>55</strong></span> <span class='ocrx_word' id='word_1_185' title='bbox 987 2651 1021 2716; x_wconf 85' lang='lat'><strong>2.</strong></span> <span class='ocrx_word' id='word_1_186' title='bbox 1048 2653 1124 2719; x_wconf 91' lang='lat' dir='ltr'><strong>Pet.</strong></span> <span class='ocrx_word' id='word_1_187' title='bbox 1151 2649 1284 2736; x_wconf 80' lang='lat'><strong>111.9;</strong></span> 
     </span>
     <span class='ocr_line' id='line_1_23' title="bbox 113 2757 1289 2847; baseline -0.003 -19"><span class='ocrx_word' id='word_1_188' title='bbox 113 2758 267 2847; x_wconf 83' lang='lat' dir='ltr'><strong>SapXI.</strong></span> <span class='ocrx_word' id='word_1_189' title='bbox 283 2758 338 2846; x_wconf 84' lang='grc'><strong>24;</strong></span> <span class='ocrx_word' id='word_1_190' title='bbox 353 2759 438 2826; x_wconf 90' lang='lat' dir='ltr'><strong>XII.</strong></span> <span class='ocrx_word' id='word_1_191' title='bbox 452 2757 486 2826; x_wconf 88' lang='grc'><strong>2.</strong></span> <span class='ocrx_word' id='word_1_192' title='bbox 502 2757 616 2825; x_wconf 90' lang='grc'><strong>10.11.</strong></span> <span class='ocrx_word' id='word_1_193' title='bbox 632 2759 755 2845; x_wconf 73' lang='lat' dir='ltr'><strong>lano,</strong></span> <span class='ocrx_word' id='word_1_194' title='bbox 770 2761 817 2828; x_wconf 80' lang='lat' dir='ltr'><strong>cf.</strong></span> <span class='ocrx_word' id='word_1_195' title='bbox 831 2757 959 2826; x_wconf 87' lang='lat' dir='ltr'><strong>Matth.</strong></span> <span class='ocrx_word' id='word_1_196' title='bbox 973 2757 1111 2826; x_wconf 90' lang='lat' dir='ltr'><strong>XVHI.</strong></span> <span class='ocrx_word' id='word_1_197' title='bbox 1126 2758 1182 2824; x_wconf 86' lang='grc'><strong>26.</strong></span> <span class='ocrx_word' id='word_1_198' title='bbox 1193 2757 1289 2844; x_wconf 87' lang='lat' dir='ltr'><strong>(vide</strong></span> 
     </span>
     <span class='ocr_line' id='line_1_24' title="bbox 112 2864 1289 2956; baseline -0.002 -22"><span class='ocrx_word' id='word_1_199' title='bbox 112 2869 223 2955; x_wconf 85' lang='lat' dir='ltr'><strong>s&#39;upra</strong></span> <span class='ocrx_word' id='word_1_200' title='bbox 238 2889 272 2955; x_wconf 92' lang='lat' dir='ltr'><strong>p.</strong></span> <span class='ocrx_word' id='word_1_201' title='bbox 287 2867 365 2932; x_wconf 80' lang='lat'><strong>554.</strong></span> <span class='ocrx_word' id='word_1_202' title='bbox 376 2870 457 2956; x_wconf 88' lang='lat' dir='ltr'><strong>sq.).</strong></span> <span class='ocrx_word' id='word_1_203' title='bbox 471 2864 566 2933; x_wconf 87' lang='lat' dir='ltr'><strong>Haec</strong></span> <span class='ocrx_word' id='word_1_204' title='bbox 577 2876 632 2934; x_wconf 87' lang='lat' dir='ltr'><strong>est</strong></span> <span class='ocrx_word' id='word_1_205' title='bbox 649 2865 813 2933; x_wconf 88' lang='lat' dir='ltr'><strong>voluntas</strong></span> <span class='ocrx_word' id='word_1_206' title='bbox 829 2866 1049 2949; x_wconf 90' lang='lat' dir='ltr'><strong>antecedens,</strong></span> <span class='ocrx_word' id='word_1_207' title='bbox 1066 2889 1144 2933; x_wconf 91' lang='lat' dir='ltr'><strong>cum</strong></span> <span class='ocrx_word' id='word_1_208' title='bbox 1162 2895 1178 2928; x_wconf 73' lang='lat' dir='ltr'><strong>a</strong></span> <span class='ocrx_word' id='word_1_209' title='bbox 1189 2864 1289 2953; x_wconf 89' lang='lat' dir='ltr'><strong>long-</strong></span> 
     </span>
     <span class='ocr_line' id='line_1_25' title="bbox 113 2971 1289 3062; baseline -0.002 -22"><span class='ocrx_word' id='word_1_210' title='bbox 113 2972 280 3040; x_wconf 88' lang='lat' dir='ltr'><strong>animitas</strong></span> <span class='ocrx_word' id='word_1_211' title='bbox 303 2979 340 3040; x_wconf 88' lang='lat' dir='ltr'><strong>et</strong></span> <span class='ocrx_word' id='word_1_212' title='bbox 362 2971 561 3062; x_wconf 89' lang='lat' dir='ltr'><strong>benignitas</strong></span> <span class='ocrx_word' id='word_1_213' title='bbox 584 2973 650 3040; x_wconf 90' lang='lat' dir='ltr'><strong>Dei</strong></span> <span class='ocrx_word' id='word_1_214' title='bbox 665 2973 710 3040; x_wconf 87' lang='lat' dir='ltr'><strong>ad</strong></span> <span class='ocrx_word' id='word_1_215' title='bbox 727 2972 975 3061; x_wconf 88' lang='lat' dir='ltr'><strong>poenitentiam</strong></span> <span class='ocrx_word' id='word_1_216' title='bbox 997 2977 1033 3039; x_wconf 93' lang='lat' dir='ltr'><strong>te</strong></span> <span class='ocrx_word' id='word_1_217' title='bbox 1060 2971 1215 3054; x_wconf 89' lang='lat' dir='ltr'><strong>adducit,</strong></span> <span class='ocrx_word' id='word_1_218' title='bbox 1242 2993 1289 3038; x_wconf 91' lang='lat' dir='ltr'><strong>se·</strong></span> 
     </span>
     <span class='ocr_line' id='line_1_26' title="bbox 113 3077 1288 3170; baseline -0.003 -22"><span class='ocrx_word' id='word_1_219' title='bbox 113 3079 266 3148; x_wconf 88' lang='lat' dir='ltr'><strong>eundum</strong></span> <span class='ocrx_word' id='word_1_220' title='bbox 297 3085 413 3147; x_wconf 89' lang='lat' dir='ltr'><strong>autem</strong></span> <span class='ocrx_word' id='word_1_221' title='bbox 443 3080 611 3149; x_wconf 91' lang='lat' dir='ltr'><strong>duritiem</strong></span> <span class='ocrx_word' id='word_1_222' title='bbox 634 3088 731 3150; x_wconf 89' lang='lat' dir='ltr'><strong>tuam</strong></span> <span class='ocrx_word' id='word_1_223' title='bbox 755 3088 791 3148; x_wconf 87' lang='lat' dir='ltr'><strong>et</strong></span> <span class='ocrx_word' id='word_1_224' title='bbox 813 3079 1042 3170; x_wconf 87' lang='lat' dir='ltr'><strong>impoenitens</strong></span> <span class='ocrx_word' id='word_1_225' title='bbox 1066 3101 1124 3146; x_wconf 89' lang='lat' dir='ltr'><strong>cor</strong></span> <span class='ocrx_word' id='word_1_226' title='bbox 1148 3077 1288 3146; x_wconf 88' lang='lat' dir='ltr'><strong>thesau-</strong></span> 
     </span>
     <span class='ocr_line' id='line_1_27' title="bbox 113 3179 1291 3276; baseline -0.003 -21"><span class='ocrx_word' id='word_1_227' title='bbox 113 3185 210 3255; x_wconf 86' lang='lat' dir='ltr'><strong>rizas</strong></span> <span class='ocrx_word' id='word_1_228' title='bbox 231 3186 299 3254; x_wconf 92' lang='lat' dir='ltr'><strong>tibi</strong></span> <span class='ocrx_word' id='word_1_229' title='bbox 323 3187 411 3256; x_wconf 90' lang='lat' dir='ltr'><strong>iram</strong></span> <span class='ocrx_word' id='word_1_230' title='bbox 431 3213 447 3248; x_wconf 79' lang='lat' dir='ltr'><strong>n</strong></span> <span class='ocrx_word' id='word_1_231' title='bbox 465 3187 564 3255; x_wconf 87' lang='lat' dir='ltr'><strong>Rom.</strong></span> <span class='ocrx_word' id='word_1_232' title='bbox 582 3187 631 3254; x_wconf 94' lang='lat' dir='ltr'><strong>II.</strong></span> <span class='ocrx_word' id='word_1_233' title='bbox 647 3190 681 3254; x_wconf 88' lang='lat'><strong>4.</strong></span> <span class='ocrx_word' id='word_1_234' title='bbox 701 3189 733 3254; x_wconf 76' lang='grc' dir='ltr'><strong>Β.</strong></span> <span class='ocrx_word' id='word_1_235' title='bbox 759 3179 869 3255; x_wconf 88' lang='lat' dir='ltr'><strong>Vides</strong></span> <span class='ocrx_word' id='word_1_236' title='bbox 892 3187 973 3268; x_wconf 86' lang='lat' dir='ltr'><strong>iam,</strong></span> <span class='ocrx_word' id='word_1_237' title='bbox 992 3207 1132 3254; x_wconf 88' lang='lat' dir='ltr'><strong>oausam</strong></span> <span class='ocrx_word' id='word_1_238' title='bbox 1155 3207 1197 3252; x_wconf 89' lang='lat' dir='ltr'><strong>ex</strong></span> <span class='ocrx_word' id='word_1_239' title='bbox 1221 3207 1291 3276; x_wconf 90' lang='lat' dir='ltr'><strong>qua</strong></span> 
     </span>
     <span class='ocr_line' id='line_1_28' title="bbox 114 3293 1289 3382; baseline -0.004 -19"><span class='ocrx_word' id='word_1_240' title='bbox 114 3295 191 3363; x_wconf 89' lang='lat' dir='ltr'><strong>sint</strong></span> <span class='ocrx_word' id='word_1_241' title='bbox 212 3317 297 3363; x_wconf 87' lang='lat' dir='ltr'><strong>vasa</strong></span> <span class='ocrx_word' id='word_1_242' title='bbox 320 3295 407 3379; x_wconf 89' lang='lat' dir='ltr'><strong>irae,</strong></span> <span class='ocrx_word' id='word_1_243' title='bbox 432 3319 499 3362; x_wconf 90' lang='lat' dir='ltr'><strong>non</strong></span> <span class='ocrx_word' id='word_1_244' title='bbox 522 3319 597 3364; x_wconf 89' lang='lat' dir='ltr'><strong>esse</strong></span> <span class='ocrx_word' id='word_1_245' title='bbox 619 3296 657 3363; x_wconf 91' lang='lat' dir='ltr'><strong>in</strong></span> <span class='ocrx_word' id='word_1_246' title='bbox 681 3297 753 3364; x_wconf 89' lang='lat' dir='ltr'><strong>Deo</strong></span> <span class='ocrx_word' id='word_1_247' title='bbox 777 3297 836 3364; x_wconf 88' lang='lat' dir='ltr'><strong>sed</strong></span> <span class='ocrx_word' id='word_1_248' title='bbox 860 3296 897 3362; x_wconf 93' lang='lat' dir='ltr'><strong>in</strong></span> <span class='ocrx_word' id='word_1_249' title='bbox 921 3294 1008 3382; x_wconf 88' lang='lat' dir='ltr'><strong>ipsis</strong></span> <span class='ocrx_word' id='word_1_250' title='bbox 1030 3294 1152 3362; x_wconf 89' lang='lat' dir='ltr'><strong>liberis</strong></span> <span class='ocrx_word' id='word_1_251' title='bbox 1180 3293 1289 3360; x_wconf 90' lang='lat' dir='ltr'><strong>homi-</strong></span> 
     </span>
     <span class='ocr_line' id='line_1_29' title="bbox 112 3383 1289 3491; baseline -0.001 -23"><span class='ocrx_word' id='word_1_252' title='bbox 112 3383 198 3469; x_wconf 82' lang='lat' dir='ltr'><strong>num</strong></span> <span class='ocrx_word' id='word_1_253' title='bbox 221 3401 476 3470; x_wconf 87' lang='lat' dir='ltr'><strong>voluntatibus.</strong></span> <span class='ocrx_word' id='word_1_254' title='bbox 503 3403 716 3470; x_wconf 84' lang='lat' dir='ltr'><strong>Distinctius</strong></span> <span class='ocrx_word' id='word_1_255' title='bbox 740 3401 830 3470; x_wconf 87' lang='lat' dir='ltr'><strong>hanc</strong></span> <span class='ocrx_word' id='word_1_256' title='bbox 853 3424 990 3470; x_wconf 89' lang='lat' dir='ltr'><strong>causam</strong></span> <span class='ocrx_word' id='word_1_257' title='bbox 1018 3401 1210 3491; x_wconf 89' lang='lat' dir='ltr'><strong>Apostolus</strong></span> <span class='ocrx_word' id='word_1_258' title='bbox 1232 3423 1289 3468; x_wconf 84' lang='lat' dir='ltr'><strong>ex-</strong></span> 
     </span>
     <span class='ocr_line' id='line_1_30' title="bbox 115 3505 1287 3600; baseline -0.003 -23"><span class='ocrx_word' id='word_1_259' title='bbox 115 3509 227 3600; x_wconf 88' lang='lat' dir='ltr'><strong>plicat</strong></span> <span class='ocrx_word' id='word_1_260' title='bbox 240 3508 278 3575; x_wconf 95' lang='lat' dir='ltr'><strong>in</strong></span> <span class='ocrx_word' id='word_1_261' title='bbox 294 3509 519 3600; x_wconf 88' lang='lat' dir='ltr'><strong>sequentibus</strong></span> <span class='ocrx_word' id='word_1_262' title='bbox 532 3509 706 3598; x_wconf 87' lang='lat' dir='ltr'><strong>capitibus</strong></span> <span class='ocrx_word' id='word_1_263' title='bbox 718 3509 763 3576; x_wconf 89' lang='lat' dir='ltr'><strong>X.</strong></span> <span class='ocrx_word' id='word_1_264' title='bbox 776 3514 813 3576; x_wconf 89' lang='lat' dir='ltr'><strong>et</strong></span> <span class='ocrx_word' id='word_1_265' title='bbox 822 3509 886 3576; x_wconf 88' lang='lat' dir='ltr'><strong>XI.</strong></span> <span class='ocrx_word' id='word_1_266' title='bbox 902 3508 956 3577; x_wconf 85' lang='lat' dir='ltr'><strong>cf.</strong></span> <span class='ocrx_word' id='word_1_267' title='bbox 968 3509 1151 3576; x_wconf 60' lang='lat' dir='ltr'><strong>arimin.</strong></span> <span class='ocrx_word' id='word_1_268' title='bbox 1163 3508 1219 3575; x_wconf 89' lang='grc'><strong>20.</strong></span> <span class='ocrx_word' id='word_1_269' title='bbox 1230 3505 1287 3574; x_wconf 91' lang='grc'><strong>21.</strong></span> 
     </span>
    </p>

    <p class='ocr_par' dir='ltr' id='par_1_4' title="bbox 116 3615 1292 4237">
     <span class='ocr_line' id='line_1_31' title="bbox 183 3615 1287 3706; baseline 0 -22"><span class='ocrx_word' id='word_1_270' title='bbox 183 3615 424 3706; x_wconf 80' lang='lat' dir='ltr'><strong>chrysostomi</strong></span> <span class='ocrx_word' id='word_1_271' title='bbox 446 3617 693 3706; x_wconf 87' lang='lat' dir='ltr'><strong>interpretatio</strong></span> <span class='ocrx_word' id='word_1_272' title='bbox 716 3618 753 3684; x_wconf 93' lang='lat' dir='ltr'><strong>in</strong></span> <span class='ocrx_word' id='word_1_273' title='bbox 776 3617 838 3684; x_wconf 88' lang='lat' dir='ltr'><strong>hos</strong></span> <span class='ocrx_word' id='word_1_274' title='bbox 862 3640 922 3686; x_wconf 90' lang='lat' dir='ltr'><strong>vv.</strong></span> <span class='ocrx_word' id='word_1_275' title='bbox 939 3618 995 3685; x_wconf 92' lang='grc'><strong>22.</strong></span> <span class='ocrx_word' id='word_1_276' title='bbox 1016 3617 1071 3685; x_wconf 77' lang='grc'><strong>23.</strong></span> <span class='ocrx_word' id='word_1_277' title='bbox 1097 3617 1149 3684; x_wconf 86' lang='lat' dir='ltr'><strong>ita</strong></span> <span class='ocrx_word' id='word_1_278' title='bbox 1171 3617 1287 3684; x_wconf 86' lang='lat' dir='ltr'><strong>hebet.</strong></span> 
     </span>
     <span class='ocr_line' id='line_1_32' title="bbox 118 3723 1289 3814; baseline -0.002 -24"><span class='ocrx_word' id='word_1_279' title='bbox 118 3726 233 3806; x_wconf 81' lang='lat' dir='ltr'><strong>uQnoe</strong></span> <span class='ocrx_word' id='word_1_280' title='bbox 242 3727 468 3812; x_wconf 78' lang='lat' dir='ltr'><strong>praeparavit</strong></span> <span class='ocrx_word' id='word_1_281' title='bbox 480 3727 517 3790; x_wconf 82' lang='lat' dir='ltr'><strong>in</strong></span> <span class='ocrx_word' id='word_1_282' title='bbox 529 3726 690 3814; x_wconf 75' lang='lat' dir='ltr'><strong>plor-iam.</strong></span> <span class='ocrx_word' id='word_1_283' title='bbox 705 3725 783 3792; x_wconf 91' lang='lat' dir='ltr'><strong>Non</strong></span> <span class='ocrx_word' id='word_1_284' title='bbox 794 3731 906 3792; x_wconf 87' lang='lat' dir='ltr'><strong>totum</strong></span> <span class='ocrx_word' id='word_1_285' title='bbox 920 3725 984 3792; x_wconf 92' lang='lat' dir='ltr'><strong>Dei</strong></span> <span class='ocrx_word' id='word_1_286' title='bbox 1000 3747 1073 3792; x_wconf 88' lang='lat' dir='ltr'><strong>esse</strong></span> <span class='ocrx_word' id='word_1_287' title='bbox 1087 3723 1175 3791; x_wconf 86' lang='lat' dir='ltr'><strong>dicit</strong></span> <span class='ocrx_word' id='word_1_288' title='bbox 1184 3723 1289 3811; x_wconf 89' lang='lat' dir='ltr'><strong>(Apo-</strong></span> 
     </span>
     <span class='ocr_line' id='line_1_33' title="bbox 116 3829 1291 3920; baseline -0.003 -22"><span class='ocrx_word' id='word_1_289' title='bbox 116 3831 255 3917; x_wconf 87' lang='lat' dir='ltr'><strong>stolus);</strong></span> <span class='ocrx_word' id='word_1_290' title='bbox 281 3851 360 3896; x_wconf 90' lang='lat' dir='ltr'><strong>nam</strong></span> <span class='ocrx_word' id='word_1_291' title='bbox 384 3830 415 3896; x_wconf 88' lang='lat' dir='ltr'><strong>si</strong></span> <span class='ocrx_word' id='word_1_292' title='bbox 442 3831 506 3898; x_wconf 91' lang='lat' dir='ltr'><strong>hoc</strong></span> <span class='ocrx_word' id='word_1_293' title='bbox 529 3835 631 3914; x_wconf 88' lang='lat' dir='ltr'><strong>esset,</strong></span> <span class='ocrx_word' id='word_1_294' title='bbox 650 3830 741 3897; x_wconf 92' lang='lat' dir='ltr'><strong>nihil</strong></span> <span class='ocrx_word' id='word_1_295' title='bbox 768 3830 962 3919; x_wconf 88' lang='lat' dir='ltr'><strong>impediret,</strong></span> <span class='ocrx_word' id='word_1_296' title='bbox 978 3829 1161 3920; x_wconf 88' lang='lat' dir='ltr'><strong>quominus</strong></span> <span class='ocrx_word' id='word_1_297' title='bbox 1176 3850 1291 3895; x_wconf 90' lang='lat' dir='ltr'><strong>omnes</strong></span> 
     </span>
     <span class='ocr_line' id='line_1_34' title="bbox 116 3934 1291 4027; baseline -0.005 -21"><span class='ocrx_word' id='word_1_298' title='bbox 116 3937 211 4006; x_wconf 87' lang='lat' dir='ltr'><strong>salvi</strong></span> <span class='ocrx_word' id='word_1_299' title='bbox 236 3943 353 4005; x_wconf 89' lang='lat' dir='ltr'><strong>essent</strong></span> <span class='ocrx_word' id='word_1_300' title='bbox 376 3939 439 4023; x_wconf 89' lang='lat' dir='ltr'><strong>(cf.</strong></span> <span class='ocrx_word' id='word_1_301' title='bbox 453 3959 560 4027; x_wconf 89' lang='lat' dir='ltr'><strong>supra</strong></span> <span class='ocrx_word' id='word_1_302' title='bbox 583 3963 615 4027; x_wconf 90' lang='lat' dir='ltr'><strong>p.</strong></span> <span class='ocrx_word' id='word_1_303' title='bbox 639 3938 754 4023; x_wconf 83' lang='lat'><strong>604.):</strong></span> <span class='ocrx_word' id='word_1_304' title='bbox 781 3938 841 4005; x_wconf 91' lang='lat' dir='ltr'><strong>sed</strong></span> <span class='ocrx_word' id='word_1_305' title='bbox 864 3959 1003 4004; x_wconf 90' lang='lat' dir='ltr'><strong>rursum</strong></span> <span class='ocrx_word' id='word_1_306' title='bbox 1027 3934 1291 4024; x_wconf 81' lang='lat' dir='ltr'><strong>praescientiam</strong></span> 
     </span>
     <span class='ocr_line' id='line_1_35' title="bbox 116 4041 1292 4132; baseline -0.004 -19"><span class='ocrx_word' id='word_1_307' title='bbox 116 4044 327 4113; x_wconf 83' lang='lat' dir='ltr'><strong>ostendit...</strong></span> <span class='ocrx_word' id='word_1_308' title='bbox 347 4043 448 4112; x_wconf 87' lang='lat' dir='ltr'><strong>Siout</strong></span> <span class='ocrx_word' id='word_1_309' title='bbox 462 4067 545 4132; x_wconf 89' lang='lat' dir='ltr'><strong>ergo</strong></span> <span class='ocrx_word' id='word_1_310' title='bbox 561 4043 697 4111; x_wconf 90' lang='lat' dir='ltr'><strong>Pharao</strong></span> <span class='ocrx_word' id='word_1_311' title='bbox 713 4066 754 4111; x_wconf 89' lang='lat' dir='ltr'><strong>ex</strong></span> <span class='ocrx_word' id='word_1_312' title='bbox 771 4043 913 4132; x_wconf 87' lang='lat' dir='ltr'><strong>propria</strong></span> <span class='ocrx_word' id='word_1_313' title='bbox 928 4042 1116 4132; x_wconf 86' lang='lat' dir='ltr'><strong>iniquitate</strong></span> <span class='ocrx_word' id='word_1_314' title='bbox 1140 4063 1203 4109; x_wconf 90' lang='lat' dir='ltr'><strong>vas</strong></span> <span class='ocrx_word' id='word_1_315' title='bbox 1219 4041 1292 4108; x_wconf 84' lang='lat' dir='ltr'><strong>irae</strong></span> 
     </span>
     <span class='ocr_line' id='line_1_36' title="bbox 117 4147 1291 4237; baseline -0.004 -19"><span class='ocrx_word' id='word_1_316' title='bbox 117 4153 236 4218; x_wconf 82' lang='lat' dir='ltr'><strong>factus</strong></span> <span class='ocrx_word' id='word_1_317' title='bbox 251 4157 317 4234; x_wconf 89' lang='lat' dir='ltr'><strong>est,</strong></span> <span class='ocrx_word' id='word_1_318' title='bbox 328 4150 379 4218; x_wconf 89' lang='lat' dir='ltr'><strong>sic</strong></span> <span class='ocrx_word' id='word_1_319' title='bbox 395 4154 431 4216; x_wconf 89' lang='lat' dir='ltr'><strong>et</strong></span> <span class='ocrx_word' id='word_1_320' title='bbox 447 4149 485 4217; x_wconf 94' lang='lat' dir='ltr'><strong>hi</strong></span> <span class='ocrx_word' id='word_1_321' title='bbox 501 4171 587 4217; x_wconf 87' lang='lat' dir='ltr'><strong>vasa</strong></span> <span class='ocrx_word' id='word_1_322' title='bbox 599 4149 854 4218; x_wconf 86' lang='lat' dir='ltr'><strong>misericordiae</strong></span> <span class='ocrx_word' id='word_1_323' title='bbox 867 4171 909 4216; x_wconf 89' lang='lat' dir='ltr'><strong>ex</strong></span> <span class='ocrx_word' id='word_1_324' title='bbox 922 4147 1096 4237; x_wconf 83' lang='lat' dir='ltr'><strong>probitate</strong></span> <span class='ocrx_word' id='word_1_325' title='bbox 1109 4169 1184 4215; x_wconf 90' lang='lat' dir='ltr'><strong>sua.</strong></span> <span class='ocrx_word' id='word_1_326' title='bbox 1203 4147 1291 4218; x_wconf 89' lang='lat' dir='ltr'><strong>Nam</strong></span> 
     </span>
    </p>
   </div>
   <div class='ocr_carea' id='block_1_2' title="bbox 116 4250 1292 4563">
    <p class='ocr_par' dir='ltr' id='par_1_5' title="bbox 116 4250 1292 4563">
     <span class='ocr_line' id='line_1_37' title="bbox 116 4250 1291 4348; baseline -0.005 -20"><span class='ocrx_word' id='word_1_327' title='bbox 116 4261 185 4328; x_wconf 88' lang='lat' dir='ltr'><strong>etsi</strong></span> <span class='ocrx_word' id='word_1_328' title='bbox 199 4258 288 4348; x_wconf 92' lang='lat' dir='ltr'><strong>qnod</strong></span> <span class='ocrx_word' id='word_1_329' title='bbox 301 4258 381 4348; x_wconf 90' lang='lat' dir='ltr'><strong>plus</strong></span> <span class='ocrx_word' id='word_1_330' title='bbox 396 4265 461 4342; x_wconf 89' lang='lat' dir='ltr'><strong>est,</strong></span> <span class='ocrx_word' id='word_1_331' title='bbox 476 4250 543 4326; x_wconf 90' lang='lat' dir='ltr'><strong>Dei</strong></span> <span class='ocrx_word' id='word_1_332' title='bbox 554 4259 603 4326; x_wconf 84' lang='lat' dir='ltr'><strong>sit</strong></span> <span class='ocrx_word' id='word_1_333' title='bbox 614 4263 689 4348; x_wconf 89' lang='lat' dir='ltr'><strong>(per</strong></span> <span class='ocrx_word' id='word_1_334' title='bbox 702 4259 882 4348; x_wconf 87' lang='lat' dir='ltr'><strong>gratiam);</strong></span> <span class='ocrx_word' id='word_1_335' title='bbox 896 4265 933 4325; x_wconf 91' lang='lat' dir='ltr'><strong>et</strong></span> <span class='ocrx_word' id='word_1_336' title='bbox 946 4279 1009 4324; x_wconf 90' lang='lat' dir='ltr'><strong>nos</strong></span> <span class='ocrx_word' id='word_1_337' title='bbox 1021 4278 1155 4347; x_wconf 88' lang='lat' dir='ltr'><strong>qnoque</strong></span> <span class='ocrx_word' id='word_1_338' title='bbox 1169 4277 1291 4346; x_wconf 85' lang='lat' dir='ltr'><strong>parum</strong></span> 
     </span>
     <span class='ocr_line' id='line_1_38' title="bbox 117 4363 1291 4456; baseline -0.004 -24"><span class='ocrx_word' id='word_1_339' title='bbox 117 4364 254 4456; x_wconf 84' lang='lat' dir='ltr'><strong>aliquid</strong></span> <span class='ocrx_word' id='word_1_340' title='bbox 278 4364 489 4432; x_wconf 88' lang='lat' dir='ltr'><strong>contulimus</strong></span> <span class='ocrx_word' id='word_1_341' title='bbox 512 4365 635 4454; x_wconf 90' lang='lat' dir='ltr'><strong>(libere</strong></span> <span class='ocrx_word' id='word_1_342' title='bbox 658 4363 828 4454; x_wconf 91' lang='lat' dir='ltr'><strong>operando</strong></span> <span class='ocrx_word' id='word_1_343' title='bbox 844 4363 1099 4454; x_wconf 86' lang='lat' dir='ltr'><strong>pergratiam).</strong></span> <span class='ocrx_word' id='word_1_344' title='bbox 1126 4363 1207 4430; x_wconf 91' lang='lat' dir='ltr'><strong>Ideo</strong></span> <span class='ocrx_word' id='word_1_345' title='bbox 1222 4384 1291 4428; x_wconf 91' lang='lat' dir='ltr'><strong>non</strong></span> 
     </span>
     <span class='ocr_line' id='line_1_39' title="bbox 119 4461 1292 4563; baseline -0.003 -21"><span class='ocrx_word' id='word_1_346' title='bbox 119 4473 213 4542; x_wconf 85' lang='lat' dir='ltr'><strong>dixit</strong></span> <span class='ocrx_word' id='word_1_347' title='bbox 228 4495 314 4542; x_wconf 83' lang='lat' dir='ltr'><strong>vasa</strong></span> <span class='ocrx_word' id='word_1_348' title='bbox 328 4478 422 4542; x_wconf 89' lang='lat' dir='ltr'><strong>recte</strong></span> <span class='ocrx_word' id='word_1_349' title='bbox 438 4473 621 4558; x_wconf 84' lang='lat' dir='ltr'><strong>factorum,</strong></span> <span class='ocrx_word' id='word_1_350' title='bbox 636 4495 746 4563; x_wconf 89' lang='lat' dir='ltr'><strong>neque</strong></span> <span class='ocrx_word' id='word_1_351' title='bbox 765 4494 850 4541; x_wconf 86' lang='lat' dir='ltr'><strong>vasa</strong></span> <span class='ocrx_word' id='word_1_352' title='bbox 865 4471 1092 4539; x_wconf 84' lang='lat' dir='ltr'><strong>confidentiae</strong></span> <span class='ocrx_word' id='word_1_353' title='bbox 1111 4461 1292 4560; x_wconf 78' lang='grc' dir='ltr'>(παρ’ῥησιας</span> 
     </span>
    </p>
   </div>
   <div class='ocr_carea' id='block_1_3' title="bbox 0 0 1688 5060">
    <p class='ocr_par' dir='ltr' id='par_1_6' title="bbox 0 0 1688 5060">
     <span class='ocr_line' id='line_1_40' title="bbox 0 0 1688 5060; baseline 0 0"><span class='ocrx_word' id='word_1_354' title='bbox 0 0 1688 5060; x_wconf 95' lang='lat' dir='ltr'><strong> </strong></span> 
     </span>
    </p>
   </div>
  </div>
 </body>
</html>
