3360 5060
884 399 922 412 ..
944 365 1005 428 700
1025 397 1062 410 ..

386 477 534 562 Quando
556 475 724 544 dicuntur
747 473 845 539 electi
867 471 920 559 (in
944 470 1134 560 hypothesi
1158 494 1261 562 quam
1288 495 1385 542 nune
1409 474 1554 558 damus);

386 585 510 656 electio
533 607 593 654 seu
611 579 882 672 praedestinatio
899 579 936 645 in
952 578 1077 647 divina
1104 579 1339 668 praescientia
1353 581 1558 671 supponitur

386 693 556 783 completa
579 713 600 758 a
624 689 736 780 prima
758 688 877 777 gratia
907 709 1016 778 usque
1039 687 1084 754 ad
1115 685 1279 775 gloriam.
1305 687 1345 756 Si
1369 688 1443 756 iam
1467 709 1559 779 quas·

385 804 492 886 ritur,
518 822 585 892 qno
608 797 729 866 ordine
753 795 843 864 doua
865 817 939 862 sese
962 793 1142 883 excipiant
1163 794 1201 862 in
1229 795 1558 884 praedestinatione,

387 909 446 978 hic
469 907 552 978 ordo
574 928 642 974 non
667 909 781 994 potest
802 903 879 971 erni
901 925 945 970 ex
967 925 1026 986 eo,
1052 903 1143 992 quod
1158 903 1197 969 in
1219 904 1448 971 exsecutione
1471 924 1559 992 prae

387 1016 540 1086 servatio
562 1036 584 1082 a
607 1013 721 1103 lapsu,
748 1009 1021 1100 perseverantie,
1040 1019 1077 1077 et
1093 1009 1286 1100 generatim
1308 1010 1426 1077 omnis
1450 1010 1562 1100 gretia

387 1122 541 1196 conferri
565 1121 697 1190 dicitnr
726 1131 867 1206 propter
889 1117 1019 1184 eleetos.
1045 1116 1165 1184 Omnis
1191 1117 1282 1184 enim
1316 1117 1443 1206 gratia
1464 1117 1559 1184 etiam

388 1231 474 1316 illis,
494 1230 555 1322 qni
570 1229 608 1296 in
624 1226 855 1318 praescientia
877 1225 943 1293 Dei
967 1231 1052 1292 sunt
1075 1225 1224 1314 reprobi,
1243 1226 1429 1292 confertur
1451 1224 1562 1290 nolar-

390 1353 461 1406 tnte
483 1336 709 1416 antecedente,
734 1341 776 1403 ut
797 1333 884 1401 fiant
909 1333 1024 1418 eleoti;
1052 1355 1073 1399 a
1096 1332 1237 1400 fortiori
1262 1355 1347 1422 ergo
1370 1333 1434 1417 iis,
1453 1332 1514 1422 qui
1529 1333 1562 1398 in

389 1445 622 1538 praescientia
648 1443 713 1512 Dei
735 1451 820 1511 sunt
842 1439 1106 1531 praedestinati,
1124 1441 1305 1508 confertur
1320 1463 1363 1508 ex
1382 1441 1562 1508 voluntate

388 1553 581 1636 electionis,
607 1558 644 1619 et
666 1557 707 1618 nt
730 1549 804 1616 sint
825 1548 940 1616 electi.
965 1546 1061 1636 Ergo
1087 1551 1180 1616 certe
1203 1547 1241 1614 in
1265 1548 1358 1614 omni
1390 1545 1564 1616 sententia

390 1655 721 1752 praedestinationis
745 1655 820 1724 sive
837 1669 917 1724 ente
940 1655 1016 1723 sive
1039 1661 1117 1744 post
1138 1655 1303 1744 praevisa
1325 1655 1564 1738 meritavere

388 1768 520 1838 dicitur
541 1761 779 1854 praeservatio
802 1783 824 1828 a
840 1762 954 1852 lapsu,
972 1762 1101 1830 amotio
1127 1763 1374 1845 tentationum,
1391 1760 1564 1830 breviatio

388 1873 521 1942 dierum
534 1869 612 1937 fieri
621 1884 766 1957 propter
782 1869 900 1937 electos
912 1871 973 1954 (ci.
985 1893 1019 1958 p.
1028 1868 1094 1934 617
1098 1873 1215 1959 .sqq.).
1233 1867 1289 1936 Ex
1300 1868 1376 1936 illis
1389 1891 1480 1958 ergo
1492 1890 1561 1935 ver·

389 1979 441 2048 bis
456 1977 590 2045 Christi
603 1975 744 2044 Domini
765 1975 857 2044 nihil
870 1982 985 2066 potest
997 1974 1120 2044 confici
1131 1975 1172 2042 de
1188 1975 1308 2044 ordine
1324 1975 1562 2065 praedestina·

387 2083 495 2153 tionis
507 2082 551 2150 ed
563 2082 725 2172 gloriam.
744 2082 852 2150 Immo
869 2083 900 2151 si
917 2081 1045 2150 inillis
1061 2081 1119 2151 hic
1142 2082 1225 2149 ordo
1249 2083 1398 2172 reperiri
1411 2082 1560 2162 deberet,

388 2191 419 2258 ia
434 2190 551 2279 potins
566 2195 658 2258 esset
672 2189 848 2258 inversus.
866 2190 1120 2258 Ratiocinando
1133 2189 1225 2258 enim
1241 2189 1279 2256 in
1298 2211 1339 2258 aa
1357 2187 1558 2278 hypothesi,

388 2295 661 2366 concludendum
684 2304 776 2367 esset
798 2297 835 2364 in
859 2297 952 2364 huuc
974 2297 1123 2365 modum:
1149 2296 1393 2364 antecedenter
1413 2303 1452 2364 et
1467 2296 1505 2363 in
1519 2295 1560 2362 si-

389 2423 459 2492 gno
473 2401 585 2491 priori
599 2411 681 2472 ante
695 2405 893 2494 praevisam
908 2403 1082 2472 iustitiam
1098 2403 1136 2472 in
1153 2425 1222 2494 qna
1242 2410 1318 2471 tum
1334 2402 1456 2472 futuri
1468 2410 1557 2484 snut,

387 2517 518 2580 etanta
541 2511 713 2580 decretam
736 2533 777 2581 ao
801 2514 995 2603 praevisam
1012 2513 1217 2581 amotionem
1234 2511 1474 2602 periculorum
1489 2521 1559 2580 tum

388 2619 629 2708 ingruentium
652 2620 804 2688 noudum
828 2629 911 2689 sunt
934 2620 1087 2686 absolate
1113 2621 1224 2702 electa}
1246 2619 1307 2688 sed
1335 2620 1372 2686 in
1396 2643 1439 2688 eo
1464 2621 1559 2710 signo

388 2725 486 2794 salus
508 2733 563 2794 est
584 2725 699 2796 adhuc
728 2728 829 2796 velut
858 2749 1045 2818 suspensa;
1066 2757 1083 2792 a
1096 2751 1165 2799 non
1188 2728 1287 2796 fieret
1316 2727 1421 2795 salva
1452 2726 1559 2795 omnis

387 2854 479 2920 caro;
496 2858 512 2894 n
527 2833 621 2902 sicut
635 2833 722 2903 alibi
737 2835 773 2902 in
791 2834 976 2924 Scriptura
986 2841 1069 2904 aute
1081 2834 1276 2924 praevisam
1287 2833 1468 2902 iustitiam
1480 2835 1558 2900 lina

386 2939 455 3008 lem
477 2939 662 3010 exhibetur
685 2943 782 3011 salus
798 2949 839 3010 ut
854 2942 968 3010 adhuc
983 2943 1119 3012 incerta
1141 2947 1263 3032 (supra
1277 2941 1330 3010 th.
1340 2941 1437 3010 LIX.
1449 2966 1487 3010 n.
1497 2943 1556 3026 2.).

387 3045 486 3116 Unde
498 3045 588 3115 illud
601 3049 763 3116 incisum:
780 3077 796 3112 a
812 3048 1066 3117 breviabuntur
1076 3049 1151 3118 dies
1163 3047 1219 3116 illi
1231 3056 1372 3138 propter
1383 3047 1556 3131 electos,-

387 3153 440 3240 (in
463 3153 634 3244 hypothsi
656 3161 832 3242 concessa)
857 3178 925 3222 uon
949 3155 1186 3244 significaret:
1212 3159 1297 3246 qaia
1329 3154 1559 3222 antecedenter

388 3258 434 3326 ad
452 3263 702 3348 praecisionem
733 3265 929 3327 meritorum
952 3277 983 3328 et
1002 3264 1278 3350 perseverentiae
1307 3261 1462 3328 absolate
1494 3263 1558 3326 icet

386 3368 593 3452 succedenti,
610 3369 688 3438 ideo
704 3369 958 3437 breviabuntur
972 3369 1048 3438 dies
1070 3369 1139 3456 illi;
1159 3370 1218 3438 sed
1232 3370 1462 3459 significaret:
1480 3370 1556 3438 dnn

386 3475 481 3544 Deus
505 3475 603 3545 videt
625 3499 688 3566 pro
710 3499 750 3544 eo
772 3483 925 3565 tempore
941 3477 1023 3545 illos
1039 3501 1113 3546 esse
1136 3478 1248 3546 iustos
1271 3501 1332 3566 per
1355 3478 1509 3566 gratiam
1523 3481 1556 3544 et

387 3607 449 3675 per
471 3605 569 3652 suam
592 3584 864 3675 cooperationem
880 3585 961 3652 snb
984 3585 1121 3674 gratia,
1147 3585 1198 3654 eis
1222 3585 1378 3654 decernit
1406 3585 1553 3674 gratiam

387 3693 681 3784 praeservationis
697 3713 719 3759 a
734 3693 870 3782 magnis
885 3691 1152 3776 tentationibus,
1162 3693 1227 3760 sub
1239 3691 1366 3784 quibus
1382 3693 1551 3772 caderent,

387 3817 426 3867 ct
447 3805 520 3868 sint
543 3802 695 3868 absolate
716 3799 815 3867 electi
829 3799 874 3868 ad
894 3799 1043 3889 gloriam
1060 3797 1242 3868 voluntate
1263 3806 1492 3889 consequente
1513 3797 1552 3864 ad

385 3907 547 3998 praevisa
570 3907 695 3976 merita
717 3911 753 3976 et
775 3907 820 3974 ad
843 3907 1152 3995 perseverantiam.

450 4015 578 4084 Altera
600 4037 682 4104 pars
705 4021 844 4099 textus,
871 4015 932 4105 qui
957 4015 1121 4083 obiicitur
1144 4012 1272 4080 Matth.
1302 4035 1337 4080 v.
1356 4012 1421 4099 t4;
1446 4011 1548 4080 llarc.

386 4145 421 4189 v.
436 4121 492 4189 22.
519 4120 673 4211 pertinet
703 4119 824 4212 utique
854 4119 898 4188 ad
921 4119 1020 4186 illam
1051 4119 1220 4188 orationis
1250 4125 1403 4208 partem,
1428 4119 1551 4209 inqua

384 4228 554 4298 Dominus
577 4226 734 4296 declarat
763 4227 905 4296 secundi
935 4227 1108 4296 adventus
1131 4227 1189 4294 sui
1212 4226 1367 4316 proxime
1398 4224 1549 4294 secuturi

385 4333 526 4403 indicia.
552 4329 653 4402 Inter
676 4335 760 4402 haec
784 4343 868 4401 sunt
888 4331 1144 4423 pseudochristi
1167 4341 1203 4401 et
1224 4332 1546 4424 pseudoprophetae,

388 4441 448 4531 qni
471 4445 633 4532 portenta
656 4441 859 4530 patrabnnt,
881 4471 897 4504 n
911 4449 963 4525 nt,
982 4441 1014 4508 si
1030 4440 1105 4510 fieri
1128 4449 1254 4531 potest,
1280 4441 1316 4509 in
1336 4464 1487 4510 errorem
1503 4440 1548 4506 in·
