3280 5070
900 403 935 415 ..
958 371 1020 432 500
1040 403 1078 416 -

405 481 474 542 tem
498 473 618 542 ordine
642 475 781 543 inverso
804 475 1003 544 considerat
1025 477 1174 544 inrecto
1191 477 1368 557 obiectam,
1385 475 1425 542 in
1441 471 1578 562 obliquo

409 585 599 662 caminam,
625 605 701 650 cum
725 581 1075 672 praedestinationem
1099 582 1199 672 plene
1222 587 1414 673 spectatam
1442 578 1576 648 delinit:

410 719 426 752 a
447 689 719 778 praedestinatio
743 697 797 760 est
820 691 987 782 quaedam
1004 692 1095 760 ratio
1111 691 1245 760 ordinis
1260 691 1458 783 aliquorum
1472 686 1517 755 iu
1535 707 1578 754 se·
1633 692 1634 762 l

407 795 516 866 lutam
540 803 715 864 aeternam
740 797 776 865 in
802 803 914 868 mente
937 799 1061 868 divina
1085 799 1239 866 existens
1268 825 1284 860 r
1314 801 1344 865 1.
1364 821 1399 888 q.
1417 794 1475 862 23.
1497 816 1535 860 a.
1551 793 1578 860 2.
1633 795 1634 806 ’

471 905 517 972 4⁰.
544 905 635 972 Dum
657 905 887 992 affirmamus,
913 907 1003 976 dona
1032 909 1146 976 omnia
1176 904 1462 997 supernaturalia
1494 923 1580 995 qnae

405 1012 581 1096 effectum,
599 1013 642 1081 ad
659 1036 757 1104 qnam
774 1037 795 1082 a
821 1015 893 1084 Deo
910 1015 1052 1101 dantur,
1072 1039 1110 1084 re
1126 1017 1203 1106 ipsa
1219 1019 1493 1106 consequuntur,
1514 1011 1580 1078 dici

401 1119 679 1208 praedestinata,·
694 1143 733 1190 eo
749 1121 825 1212 ipso
841 1121 960 1214 utique
975 1145 1043 1190 non
1059 1143 1239 1211 negamus,
1259 1128 1353 1190 reate
1367 1141 1391 1186 a
1404 1119 1580 1206 theologis

405 1228 491 1296 etin
516 1252 582 1304 usu
606 1229 776 1298 communi
795 1227 1147 1319 praedestinationem
1162 1237 1198 1299 et
1210 1227 1486 1319 praedestinator
1502 1227 1578 1291 ein·

404 1335 545 1424 pliciter
568 1336 679 1404 solnm
703 1337 786 1421 dici,
808 1337 869 1405 nbi
885 1336 1034 1406 ultimus
1061 1339 1209 1407 effectus
1225 1337 1321 1407 vitae
1343 1341 1521 1416 eemrnae,
1541 1333 1578 1399 ad

405 1467 504 1535 quem
528 1446 633 1513 ceteri
658 1444 878 1530 ordinentur,
897 1447 1013 1536 reipsa
1027 1447 1219 1515 obtinetur.
1237 1446 1358 1537 Neque
1374 1465 1459 1532 ergo
1472 1443 1577 1510 etiam
1634 1509 1635 1538 p

405 1573 583 1641 negamus,
609 1552 699 1620 dona
721 1553 1006 1643 supernaturalia
1028 1555 1065 1622 in
1089 1553 1135 1622 iis
1158 1553 1255 1639 solis,
1275 1554 1336 1645 qni
1362 1550 1577 1640 adglorians

404 1659 654 1750 praedestinati
678 1668 774 1744 aunt,
792 1668 886 1730 recia
901 1661 972 1730 diti
989 1661 1140 1750 effectum
1153 1660 1485 1751 praedestinationis
1500 1661 1576 1726 aim·

404 1765 545 1858 pliciter
561 1775 597 1836 et
612 1767 770 1836 absolute
786 1768 838 1836 ita
855 1767 1063 1858 appellatam
1084 1767 1120 1836 iu
1136 1768 1220 1836 aliis
1235 1791 1319 1838 vero
1346 1790 1445 1858 posse
1461 1769 1578 1836 vocari
1634 1777 1635 1838 ἶ

404 1875 549 1944 effectus
573 1877 763 1944 communis
785 1876 1039 1966 providentiae.
1065 1877 1230 1946 Attamen
1259 1876 1517 1958 contendimus,
1543 1875 1576 1942 in

404 1982 601 2072 Scripturis
624 1989 661 2052 et
682 1983 784 2052 iuxta
798 1983 991 2052 doctrinam
1015 1983 1212 2072 Augustini
1227 1983 1574 2074 praedestinationem

404 2089 605 2182 frequenter
620 2092 769 2182 spectari
787 2091 898 2160 solnm
914 2115 997 2182 pree
1014 2095 1143 2162 effectu
1166 2094 1324 2184 proximo
1342 2091 1435 2176 fidei,
1453 2091 1573 2158 instifi-

404 2197 566 2281 cationis,
577 2203 614 2266 et
628 2200 808 2288 augmenti
825 2199 999 2287 iustitiam
1014 2208 1120 2292 atque
1136 2201 1222 2270 adeo
1237 2199 1328 2268 sumi
1345 2222 1448 2269 sensu
1463 2199 1572 2266 minue
1635 2187 1636 2256 i

403 2304 505 2396 pleno
520 2305 596 2373 sine
611 2311 771 2396 respectu
792 2306 836 2374 ad
852 2305 978 2376 realem
995 2309 1270 2378 consecutionem
1289 2307 1406 2376 ultimi
1421 2305 1568 2374 termini.

403 2411 470 2480 His
486 2420 561 2480 tum
578 2437 640 2502 pro
654 2415 830 2504 praesenti
848 2421 921 2484 tum
938 2439 1001 2506 pro
1019 2414 1244 2508 sequentibus
1259 2415 1419 2485 thesibus
1435 2435 1568 2504 praeno

403 2521 492 2589 tatis
515 2521 710 2590 accedimus
732 2523 777 2592 ud
800 2523 1140 2593 demonstrationem.

468 2628 499 2695 I.
525 2627 673 2697 Erraret
703 2629 850 2698 maxime
873 2639 908 2699 et
930 2629 1152 2720 percipiendo
1181 2629 1332 2720 genuino
1356 2627 1475 2697 aensni
1498 2625 1564 2694 ries

403 2737 611 2818 obstrueret,
637 2736 699 2828 qui
722 2737 902 2805 accederet
923 2737 968 2804 ad
999 2737 1264 2826 Scripturarum
1296 2745 1334 2806 et
1364 2738 1504 2805 Petrum
1525 2732 1562 2798 ie·
1636 2761 1637 2812 γ

402 2839 549 2909 ctionem
572 2849 822 2931 praeconcepta
846 2840 1019 2932 opinione,
1037 2841 1236 2910 nominibus
1260 2841 1297 2908 in
1320 2839 1415 2908 thesi
1437 2859 1560 2907 comme·

403 2949 547 3018 moratis
570 2949 748 3040 designari
780 2969 913 3039 semper
943 2948 1001 3018 vel
1030 2947 1154 3018 saltem
1185 2948 1390 3040 plerumque
1420 2947 1559 3016 divinum

402 3055 577 3126 decretum
600 3063 761 3126 aeternae
785 3056 919 3146 gloriae
943 3079 1004 3147 per
1012 3079 1056 3136 ,sa
1080 3063 1256 3147 spectatae
1283 3077 1323 3124 eo
1346 3055 1456 3140 modo,
1473 3072 1560 3146 quoe

401 3163 576 3253 theologis
592 3165 633 3234 de
655 3165 971 3254 praedestinatione
986 3164 1033 3232 ad
1058 3165 1210 3254 plor-iarn
1233 3165 1448 3254 disputatur.
1466 3158 1559 3229 Adii·

404 3268 528 3334 bentur
552 3291 592 3336 ea
616 3268 783 3337 vocabula
800 3269 838 3336 in
855 3267 1053 3359 Scripturis
1075 3291 1263 3362 numquam
1286 3268 1427 3360 quidem
1454 3266 1495 3335 de
1515 3283 1559 3330 vo·

401 3371 538 3443 luntate
563 3375 627 3443 Dei
644 3375 868 3444 antecedente
891 3381 928 3444 et
951 3375 1202 3458 conditionata,
1221 3397 1308 3467 quae
1330 3375 1491 3443 effectum
1507 3390 1560 3438 non

402 3480 540 3564 babeat,
559 3483 617 3550 sed
641 3489 842 3552 constanter
858 3483 899 3552 de
927 3483 1109 3552 voluntate
1137 3483 1201 3552 Dei
1217 3482 1359 3570 efficaci3
1381 3489 1420 3548 at
1442 3479 1561 3548 omnino

404 3587 603 3678 frequenter
618 3589 663 3657 ad
680 3589 845 3657 beneficia
859 3588 1143 3678 supernaturalia
1165 3589 1371 3657 referuntur
1386 3583 1562 3656 communia

403 3694 561 3762 omnibus
582 3693 808 3778 Christianis,
828 3693 885 3764 vel
909 3695 1032 3764 saltem
1056 3694 1271 3763 Christianis
1294 3695 1415 3763 iustis.
1435 3693 1492 3762 Sic
1506 3711 1561 3758 ma·

403 3802 532 3870 nifasto
555 3803 767 3872 adhibentur
790 3803 961 3872 vocabula
984 3801 1260 3892 praedestinatio
1276 3809 1311 3872 et
1327 3801 1562 3892 praedestinati

402 3907 494 3998 pr.
510 3909 538 3978 I.
550 3913 582 3978 ὅ.
601 3907 701 3996 1131.
717 3909 795 3978 Cor.
812 3910 861 3978 II.
874 3911 906 3978 7.
923 3910 986 3999 (l);
1001 3915 1216 4001 propositam
1227 3911 1326 3979 Rom.
1341 3909 1467 3996 IX.11;
1483 3905 1561 3998 pr.

468 4175 511 4254 (1)
530 4179 649 4233 Praeter
669 4181 738 4233 baec
758 4179 817 4233 tria
842 4181 904 4233 loca
925 4181 1051 4234 occurrit
1073 4181 1191 4234 verbum
1214 4180 1342 4253 προοριζυ
1361 4173 1565 4252 (praedestino)

404 4269 435 4322 ln
455 4269 490 4322 rt.
502 4269 534 4323 Τ.
550 4271 640 4323 solnm
659 4270 751 4324 adhuc
769 4270 850 4322 Rom.
862 4271 943 4324 vlu.
958 4271 1004 4329 29.
1015 4271 1060 4338 30,
1082 4271 1116 4324 de
1135 4285 1190 4338 quo
1209 4271 1270 4324 loco
1285 4275 1383 4337 potest
1396 4287 1457 4325 eree
1469 4271 1564 4323 contro

405 4357 502 4410 versia
520 4359 593 4411 alibi
612 4359 811 4428 explananda
833 4365 863 4414 ct
881 4375 965 4414 sensu
986 4361 1044 4414 elio
1064 4361 1172 4426 legitur
1189 4359 1253 4414 Act.
1264 4361 1314 4416 tv.
1327 4361 1372 4414 w.
1400 4363 1447 4414 ite
1463 4365 1491 4414 st
1508 4359 1563 4411 un·

406 4445 472 4508 pler
492 4447 568 4518 όριζω
586 4445 734 4517 (destino)
754 4465 840 4503 senaa
860 4463 960 4516 peram
979 4454 1031 4502 ant
1049 4450 1163 4503 omnino
1182 4451 1260 4504 nlbtl
1279 4451 1335 4504 bne
1353 4452 1513 4518 pertinento
1530 4461 1555 4498 ee
