3280 5070
554 409 591 424 -
613 375 674 437 55⁷
694 385 745 422 -'

51 475 229 570 tinguant
250 484 465 571 nepetionent
480 478 813 570 praedestinationis
831 485 866 547 et
888 479 1157 568 reprobationem
1179 477 1226 544 ad

46 613 207 674 poenam.
226 589 289 656 Illi
304 611 490 680 numquam
513 587 700 679 positivam
727 587 998 676 reprobationem
1023 585 1066 653 od
1084 607 1225 675 poenam

49 701 244 780 aeternam,
263 695 323 764 sed
340 695 554 785 negationem
583 693 912 785 praedestinationis
928 693 972 761 ad
990 693 1098 760 vitam
1114 700 1225 761 aeter·

48 825 127 868 nam
137 804 180 870 in
193 804 391 894 Augustini
403 803 562 872 doctrina
577 803 795 872 antecedenti
806 800 983 870 voluntati
995 798 1061 868 Dei
1072 800 1225 869 adscribi

49 910 237 997 putabant.
262 911 416 978 Aiebant
431 911 534 995 euim,
552 912 595 978 ab
622 909 823 999 Augustino
840 908 955 977 doceri
970 907 1134 998 quosdam
1150 930 1225 977 essa

48 1039 113 1079 non
128 1014 408 1104 praedestinatos
426 1016 594 1084 advitam
610 1031 781 1084 aeternam
797 1011 1009 1081 antecedente
1029 1015 1094 1081 Dei
1108 1014 1224 1080 oolnn-

50 1135 134 1204 tate,·
159 1122 246 1192 hinc
269 1146 351 1192 vcro
375 1123 525 1202 ulterius
549 1125 723 1216 consequi,
750 1121 840 1214 quod
863 1122 925 1190 isti
952 1121 1107 1189 homines
1131 1121 1222 1189 dese-

48 1235 178 1298 rantur
202 1251 223 1296 a
246 1230 318 1299 Deo
341 1253 381 1299 ac
403 1253 545 1321 peccare
568 1231 829 1322 permittentur,
846 1230 962 1317 sicque
990 1241 1224 1319 consequenter

49 1335 250 1424 adpeaaata
273 1337 360 1405 ferri
384 1338 589 1406 sententiam
612 1339 863 1427 reprobationis
885 1334 931 1402 ad
948 1359 1094 1424 poenam
1117 1349 1222 1400 aeter-

48 1467 137 1509 nam.
157 1443 309 1534 Prosper
326 1466 408 1512 vero
424 1451 531 1533 negat
545 1449 756 1528 constanter,
768 1443 846 1510 dari
861 1441 918 1510 vel
934 1463 956 1508 a
971 1439 1008 1509 S.
1020 1440 1222 1529 Augustino

48 1550 159 1618 asseri
184 1551 291 1619 talem
314 1555 528 1641 nepotianen
545 1550 877 1642 praedestinationis
905 1547 1165 1630 antecedentem
1187 1556 1223 1617 ot

51 1651 216 1742 affirmat,
236 1657 351 1728 eodem
363 1659 473 1744 moda,
485 1681 552 1750 quo
564 1661 718 1750 seqnitur
733 1656 909 1725 &mantio
916 1659 1072 1747 positiva
1080 1671 1225 1746 propter

44 1766 210 1849 praevisa
227 1779 382 1853 peecata,
407 1765 505 1858 sequi
527 1765 631 1834 etiam
658 1769 873 1856 nepotianem
891 1762 1222 1854 praedestinationis

50 1895 88 1936 en
107 1876 330 1959 praecisione
346 1888 571 1962 peccatoram.
593 1873 709 1942 oIllos
732 1873 889 1942 ruituros
904 1873 1045 1963 propria
1068 1874 1221 1964 ipsorum

50 1979 234 2049 voluntate
248 1983 452 2072 praescivit,
469 1989 504 2051 et
520 1985 559 2050 ob
574 1983 632 2048 boe
647 2004 668 2049 a
683 1980 770 2048 filiis
785 1980 992 2072 perditionis
1009 1981 1108 2046 nnita
1122 2003 1221 2070 prae-

49 2084 280 2156 destinatione
302 2089 473 2159 discrevit.
500 2092 586 2161 Nam
611 2089 776 2181 quomodo
799 2111 856 2157 eos
880 2089 1024 2156 haberet
1046 2087 1221 2178 praeordi-

49 2201 130 2264 nata
154 2197 195 2264 in
218 2196 359 2266 Christo
381 2197 517 2281 electio,
535 2220 620 2290 quos
642 2195 844 2264 discedentes
860 2220 882 2262 a
899 2195 1036 2264 Obristo
1060 2195 1222 2261 babitare

52 2319 121 2368 erat
154 2309 250 2371 insta
274 2303 501 2372 damnaticii
522 2327 596 2396 cap.
616 2305 698 2374 VII.
725 2303 791 2372 Hic
814 2325 911 2372 nemo
933 2325 1062 2394 negare
1085 2309 1219 2393 potest,

52 2408 121 2477 illis
145 2412 278 2481 verbis:
300 2411 491 2503 opaomodo
509 2413 644 2479 inderet
667 2435 720 2478 eos
746 2410 993 2498 praeordinata
1021 2413 1058 2475 in
1083 2411 1219 2477 Obristo

52 2514 188 2582 electio?
201 2544 218 2579 n
237 2517 431 2607 significari
454 2517 727 2608 reprobationem
754 2517 954 2607 negativam
979 2539 1041 2585 seu
1065 2538 1132 2583 non
1155 2515 1219 2584 ele·

53 2623 216 2710 ctionem
243 2647 344 2714 porro
367 2625 431 2693 hoo
453 2625 603 2694 incisum
626 2631 681 2693 eat
703 2625 882 2694 evidenter
911 2623 1118 2715 parallelum
1142 2646 1218 2692 aum

53 2731 170 2818 priori:
193 2761 210 2796 o
225 2757 247 2799 a
264 2733 357 2822 filiis
368 2732 578 2820 perditionis
606 2733 705 2799 nnita
719 2748 798 2799 sant
809 2730 1127 2822 praedestinatione
1150 2730 1219 2798 dis·

54 2843 145 2920 creet·
160 2867 177 2900 n
196 2863 280 2928 ergo
303 2841 409 2908 etiam
424 2840 489 2908 hoo
505 2841 652 2910 incisum
676 2841 855 2930 significat
879 2841 1078 2930 negativam
1103 2862 1218 2930 repro-

54 2942 233 3014 bationem.
260 2949 311 3015 At
332 2947 421 3017 hano
444 2950 662 3038 negationem
691 2947 911 3018 discretionis
941 2947 1016 3016 sive
1039 2947 1219 3018 electionis

55 3049 139 3120 clare
155 3054 320 3122 enuntiat
333 3055 480 3144 Prosper
495 3077 569 3124 esse
585 3056 625 3121 ob
644 3057 853 3144 praescitam
868 3059 1019 3136 roman,-
1034 3077 1102 3122 non
1119 3077 1217 3144 posse

56 3165 163 3228 autem
192 3185 261 3229 uon
289 3161 386 3253 sequi
413 3161 502 3230 banc
531 3165 745 3251 nepotianem
774 3163 947 3229 electionis
973 3163 1097 3253 probat
1122 3161 1215 3247 inde,

57 3267 132 3353 quia
161 3269 207 3337 ad
238 3269 335 3337 illam
368 3271 491 3339 ruinae
523 3269 641 3337 finalis
670 3271 922 3360 praevisionem
953 3270 1111 3362 sequitur
1141 3270 1219 3360 ipsa

57 3376 243 3462 reprobatio
262 3380 419 3466 position
442 3400 503 3446 seu
526 3379 651 3446 futura
674 3377 769 3446 iusta
793 3377 980 3452 damnatio.

115 3477 253 3546 Diserte
275 3501 359 3569 ergo
381 3481 529 3570 Prosper
559 3480 751 3570 distinguit
774 3479 912 3572 quidem
943 3482 1218 3570 reprobationem

59 3585 247 3672 negativam
264 3593 300 3655 et
316 3587 516 3677 positivam,
528 3595 570 3655 ut
585 3589 793 3656 recentiores
806 3589 997 3678 appellant,
1013 3590 1073 3658 sed
1085 3589 1216 3657 utrius·

60 3711 116 3776 que
129 3693 280 3761 affirmat
294 3695 338 3763 ad
351 3695 615 3785 praescientiam
633 3697 832 3763 futurorum
845 3703 1063 3786 peccatorum
1076 3696 1216 3764 eandem

58 3816 121 3865 esse
141 3799 363 3870 relationem:
389 3802 482 3870 sient
505 3803 596 3870 enim
613 3803 706 3870 Deus
722 3809 865 3892 propter
888 3803 1052 3892 praevisa
1074 3808 1217 3892 peccata

59 3908 194 3986 positive
216 3905 368 3991 donna,
395 3909 447 3978 ita
469 3910 576 3978 etiam
598 3909 739 3978 nonnisi
756 3917 1003 4003 consequenter
1020 3909 1215 4000 adpraevi-

63 4029 122 4078 sam
144 4015 282 4082 ruinam
305 4023 413 4105 negat
428 4016 777 4106 praedestinationem
793 4040 854 4086 seu
870 4019 1028 4107 nepotioe
1042 4018 1213 4106 reprobat.

63 4112 166 4209 llequc
191 4144 273 4190 vero
298 4123 401 4192 semol
425 4129 487 4192 aut
511 4124 564 4190 bis
588 4124 660 4208 sed,
679 4129 720 4190 ut
736 4124 822 4208 dixi,
841 4123 1018 4192 multoties
1034 4124 1071 4191 in
1095 4123 1216 4213 paucis

64 4220 123 4294 illis
137 4229 309 4319 capitibus
322 4231 469 4322 Prosper
482 4232 638 4301 declarat
650 4255 717 4299 non
730 4233 840 4300 solum
855 4239 896 4301 ut
910 4254 1020 4318 suam,
1033 4231 1091 4302 sed
1105 4240 1146 4301 ut
1158 4233 1214 4301 do·

66 4335 197 4404 etrinam
211 4339 419 4429 Augustini,
430 4339 531 4408 immo
543 4347 584 4408 ut
597 4340 801 4425 doctrinam,
816 4340 874 4409 cui
886 4363 982 4408 nemo
994 4339 1215 4408 Christianus

66 4445 284 4515 contradicere
296 4448 417 4536 possit,
433 4449 523 4540 quod
535 4448 674 4537 negatio
689 4449 1022 4540 praedestinationis
1033 4448 1133 4516 nulla
1144 4447 1216 4515 alia
