3360 5060
625 385 662 399 ·-
684 353 745 414 649
766 385 803 400 -·

106 457 267 541 habere,
294 464 330 526 et
352 458 505 548 praescit
526 480 600 526 esse
624 481 778 528 casuros.
800 486 816 521 n
834 459 891 528 Ad
907 463 1143 551 quaestionem
1164 469 1297 547 contra,

106 587 236 658 quare
257 565 352 634 Deus
375 563 427 634 cis
448 567 744 655 perseverantiam
767 589 835 634 non
858 567 1013 652 dederit,
1044 591 1121 636 cnm
1145 571 1300 664 proiecto

106 674 285 743 absolute
309 674 456 744 volendo
479 676 515 743 id
538 675 722 765 potuisset,
749 698 816 743 non
841 676 1036 766 respondet,
1063 677 1145 769 quie
1168 701 1225 746 sos
1241 703 1299 747 an·

105 781 324 851 tecedenter
346 804 415 850 uon
438 780 715 872 praedestinavit
738 781 781 850 sd
806 781 936 869 vitam3
955 783 1014 852 sed
1030 783 1059 852 si
1076 783 1153 870 hoc,
1168 785 1296 877 inquit,

107 909 134 956 a
149 912 215 958 me
230 897 432 982 quaeratur,
454 917 470 953 a
488 911 540 957 me
557 889 722 979 ignorare
738 888 925 979 respondeo
944 916 960 952 n
978 891 1045 977 (cf.
1062 891 1219 982 regulam
1233 893 1297 980 d).

107 997 235 1068 Porro
257 997 381 1066 electio
404 997 489 1066 haec
512 997 613 1088 plene
636 1003 795 1088 spectate
817 996 854 1064 h.
872 1020 903 1066 e.
923 999 967 1066 ab
982 999 1149 1069 electione
1165 999 1208 1070 ad
1227 1002 1298 1090 pri·

108 1127 217 1174 marn
239 1105 391 1196 gratiam
423 1127 532 1196 usque
563 1105 606 1174 ad
636 1105 837 1174 electionem
870 1105 913 1173 ad
944 1107 1241 1196 perseverantiam
1264 1116 1300 1178 ct

108 1212 288 1303 gloriam,
314 1213 436 1304 utique
458 1213 559 1282 nulle
582 1212 689 1282 habet
710 1235 816 1302 opera
837 1213 1090 1299 antecedentia,
1116 1237 1203 1307 quae
1225 1239 1299 1284 esse

107 1345 193 1390 non
217 1329 357 1411 possent
378 1320 448 1390 nisi
470 1318 668 1404 naturalia;
694 1342 771 1387 nam
797 1342 900 1410 opera
930 1322 1232 1411 supernaturalia,
1259 1329 1300 1392 ut

107 1451 286 1520 expresse
310 1429 522 1514 declaratur,
542 1435 626 1498 sunt
640 1429 788 1519 ipsemet
801 1430 837 1496 in
855 1429 944 1498 serie
960 1429 1298 1520 praedestinatorum

108 1537 328 1607 effectuum:
349 1559 444 1628 uper
465 1535 669 1605 electionem
692 1537 830 1627 gratiae
852 1561 920 1602 non
938 1536 1213 1626 praecedentium
1234 1563 1297 1607 me-

109 1647 271 1711 ritorum
293 1649 442 1725 mnium,
467 1647 553 1736 quia
574 1647 696 1733 pratia
719 1644 859 1711 illiceat
874 1648 1149 1714 omuemeritum.
1172 1646 1297 1717 »Haec

111 1775 209 1822 vero
232 1775 371 1843 operum
394 1751 611 1821 naturalium
633 1751 800 1834 exclusio,
826 1752 990 1844 aquibus
1007 1751 1158 1842 pendeat
1173 1753 1297 1822 saltem

111 1859 315 1931 initialiter
337 1861 610 1952 praedestinatio
637 1867 676 1929 et
705 1861 865 1946 donatio,
899 1884 1023 1951 scopus
1054 1869 1109 1930 est
1138 1863 1298 1952 princeps

111 1969 357 2040 totinshuius
374 1969 443 2038 loci
455 1970 522 2058 (cf.
541 1969 699 2059 regulam
716 1993 743 2036 c.
756 1973 781 2056 ).
800 1968 917 2037 Simili
934 1969 1035 2058 plane
1052 1970 1149 2038 modo
1167 1969 1296 2061 princi-

114 2079 185 2168 pia
214 2079 330 2168 posita
359 2077 531 2168 applicari
555 2084 700 2166 possunt
722 2097 763 2144 ac
785 2076 912 2144 debent
934 2076 979 2144 ad
1002 2076 1187 2146 solvendas
1210 2077 1298 2146 diffi-

114 2183 289 2268 cultates,
310 2204 398 2274 quae
413 2205 455 2252 cx
473 2181 509 2250 S.
525 2180 722 2271 Augustini
736 2179 819 2250 aliis
835 2179 992 2249 textibus
1007 2182 1203 2270 promoveri
1219 2205 1297 2251 con·

114 2295 318 2360 sueverunt
341 2288 445 2375 (Vid.
461 2288 652 2356 Tricassin.
668 2288 705 2356 in
717 2287 827 2378 Opere
840 2287 884 2355 de
897 2287 1075 2357 Praedest.
1087 2293 1112 2373 ).
1181 2336 1188 2342 -

192 2397 304 2482 Quam
327 2399 376 2466 sit
399 2395 539 2466 difficile
562 2397 809 2480 demonstrare,
836 2395 1030 2464 doctrinam
1047 2396 1090 2466 de
1106 2397 1295 2487 praedesti-

116 2507 264 2576 natione
287 2504 422 2595 glorice
444 2511 526 2572 ante
548 2503 711 2594 praevisa
733 2503 858 2572 merite
881 2505 1019 2594 gratiae
1041 2527 1083 2572 ex
1100 2506 1294 2594 Augustini

116 2615 265 2705 placitis
289 2637 375 2698 esse,
401 2611 555 2704 exemplo
577 2619 632 2681 est
655 2633 802 2702 magnus
818 2611 999 2681 Petevius.
1018 2612 1200 2703 Perplura
1217 2638 1295 2683 con·

116 2722 277 2791 timenter
300 2721 418 2812 capita
438 2720 529 2791 hanc
551 2719 657 2790 telem
680 2720 796 2788 texuit
817 2727 854 2788 et
868 2719 1023 2789 retexuit
1038 2720 1063 2788 l.
1081 2720 1147 2788 IX.
1166 2721 1208 2790 de
1223 2721 1295 2790 Deo

117 2853 151 2900 c.
168 2829 201 2898 6.
217 2855 291 2923 sqq.
318 2830 393 2898 Iam
417 2829 538 2898 statim
554 2829 591 2897 in
606 2827 768 2918 ingressu
784 2850 815 2897 c.
831 2829 864 2896 6.
882 2851 917 2897 n.
934 2828 966 2897 1.
981 2849 1050 2897 non
1063 2829 1152 2897 satis
1167 2829 1293 2900 discer-

117 2939 179 3007 nit
193 2937 262 3006 duo
279 2935 375 3022 haec,
389 2939 539 3026 primum
554 2936 645 3029 quod
660 2936 754 3005 Deus
772 2935 1009 3028 praedestinet
1024 2935 1171 3026 gloriam
1188 2937 1295 3006 certis

118 3045 333 3130 hominibus,
347 3045 505 3113 omnibus
521 3044 656 3114 scilicet
669 3043 861 3128 salvandis,
876 3042 1060 3112 voluntate
1072 3044 1294 3114 antecedente

117 3153 375 3246 praevisionem
393 3153 605 3237 meritorum,
626 3175 696 3245 qus
710 3151 1027 3244 praedestinatione
1042 3153 1156 3242 posita
1171 3152 1294 3222 iisdem

118 3261 257 3330 demum
273 3260 399 3329 merita
410 3265 446 3329 ct
457 3259 594 3351 gratias
605 3259 759 3328 efficaces
770 3257 1018 3350 praedestinet3
1039 3259 1185 3326 clauum
1202 3261 1293 3351 quod

116 3367 216 3438 Deus
234 3397 251 3434 e
269 3367 314 3436 ad
338 3367 485 3456 gloriam
509 3367 548 3433 ct
571 3368 695 3433 merim
717 3366 964 3436 decernendam
987 3366 1098 3435 nullis
1121 3367 1293 3437 adductus

117 3481 175 3545 est
198 3475 344 3544 meritis.
365 3501 381 3536 a
398 3473 495 3543 lllud
519 3473 618 3565 prius
633 3474 675 3543 de
691 3497 758 3566 quo
774 3473 847 3543 solo
861 3475 954 3543 inter
969 3473 1167 3544 Catholicae
1178 3481 1294 3565 potest

117 3607 194 3654 esse
216 3582 423 3673 disputatio,
450 3582 617 3652 Patavina
640 3581 738 3650 nullo
762 3581 860 3651 modo
883 3581 1138 3652 demonstravit
1159 3604 1234 3653 esse
1250 3605 1292 3652 ex

118 3690 315 3782 Augustini
339 3689 531 3776 sententia;
557 3690 622 3759 hcc
645 3689 794 3759 alterum
818 3713 916 3760 nemo
938 3690 1007 3758 nisi
1024 3691 1173 3760 absurde
1188 3712 1292 3781 nega·

119 3801 176 3869 'ret
197 3799 261 3885 (1).
287 3797 376 3882 Quis
398 3798 489 3866 enim
513 3795 637 3890 fingat,
657 3799 701 3867 ad
717 3799 966 3868 decernendam
982 3797 1201 3868 collationem
1219 3799 1291 3889 glo·

185 4015 227 4090 (1)
245 4018 357 4086 Optime
376 4017 445 4072 haec
467 4015 523 4070 dno
541 4016 699 4083 distinguit
717 4016 800 4070 dard.
818 4017 934 4071 'l‘clstus
952 4015 983 4068 in
1005 4016 1030 4067 1.
1043 4031 1071 4082 q.
1087 4016 1131 4070 83.
1149 4033 1176 4070 a.
1187 4016 1214 4070 5.
1228 4031 1291 4070 con·

120 4109 193 4161 clus.
209 4107 248 4160 2¹.
271 4105 328 4161 :Si
347 4122 415 4160 vero
434 4107 574 4160 rationem
597 4111 677 4174 petas
704 4107 876 4173 proximam,
899 4119 986 4172 quus
1005 4103 1080 4158 huuc
1105 4105 1207 4172 elegit,
1234 4120 1291 4158 non

119 4197 218 4263 lllum;
239 4196 311 4264 dico,
334 4199 402 4266 quis
413 4199 444 4250 in
458 4198 512 4250 illc
525 4211 610 4264 opera
622 4197 705 4263 bona,
721 4197 751 4248 in
766 4197 818 4248 hcc
830 4197 906 4248 mala
918 4194 1075 4261 praeridit.
1087 4196 1126 4248 At
1140 4196 1166 4249 si
1179 4210 1288 4249 ramus:

121 4301 210 4354 quare
228 4288 345 4353 propter
363 4286 437 4340 bona
455 4300 541 4352 opera
560 4286 654 4352 eligit,
676 4288 793 4352 propter
812 4287 887 4338 mele
905 4285 1059 4352 reprobet?
1080 4284 1152 4350 dico,
1167 4285 1236 4352 quia
1250 4285 1292 4339 stc

120 4375 215 4430 voluit
225 4378 255 4429 et
264 4377 379 4442 statuit
396 4379 540 4442 tamquam
551 4389 617 4441 ergo
628 4376 723 4428 iustus
737 4374 841 4428 iacit...
852 4373 925 4428 Vide
934 4389 1087 4441 supremam
1096 4374 1238 4428 rationem
1249 4371 1289 4426 di-

121 4461 215 4518 vinari
226 4465 405 4519 voluntatem
416 4463 544 4530 liberem
555 4462 621 4517 vide
629 4464 789 4530 proximem
801 4479 887 4530 opere
898 4461 973 4516 bons
984 4464 1030 4516 vel
1040 4463 1116 4516 mala
1128 4462 1288 4530 praevisas
