3224 5068
890 373 928 388 ..
949 341 1009 402 338
1032 373 1069 389 -

392 446 444 514 ita
470 446 659 516 haberetur
680 468 868 538 numquam
899 446 1058 516 desitura
1088 447 1261 517 successio
1284 449 1470 534 continua,
1493 471 1550 540 qua

391 561 529 643 tempus
553 555 782 623 constituitur
798 554 860 640 (1).
886 555 938 622 At
961 577 1045 622 vero
1068 560 1238 646 qnantum
1262 556 1348 625 haec
1369 557 1502 625 duratio
1517 557 1552 623 ab

390 659 553 729 absolute
571 661 785 751 perfectione
801 661 905 746 absit,
924 683 1023 729 nemo
1039 684 1107 728 non
1123 661 1235 730 videt.
1254 663 1294 730 In
1312 684 1355 731 ea
1371 663 1461 731 enim
1476 663 1552 754 qnod
1602 719 1603 724 ,

391 775 475 838 actu
497 777 563 854 est,
589 793 725 861 semper
740 781 794 839 est
809 771 1002 856 minimnm;
1021 769 1094 838 alia
1109 771 1201 837 enim
1217 793 1285 840 non
1301 771 1453 861 amplius
1469 779 1551 854 sunt,

390 877 462 945 alia
485 877 637 946 nondum
660 884 765 964 snut,
791 883 897 969 atque
922 877 1000 945 idco
1027 898 1215 969 numquam
1245 884 1301 946 est
1330 879 1471 946 duratio
1491 885 1553 945 tota

391 984 509 1069 simul,
528 990 570 1053 ut
592 985 629 1053 in
653 985 745 1054 omni
762 993 857 1054 motu
875 993 911 1054 et
926 984 1019 1052 omni
1035 984 1255 1054 successione
1271 985 1441 1054 continua
1452 985 1553 1053 cuivis
1603 1073 1604 1078 ἵ

392 1090 498 1160 facile
520 1096 618 1180 petet
640 1091 704 1180 (2).

457 1195 617 1265 Ulterius
639 1197 707 1266 etsi
730 1197 774 1266 de
796 1197 981 1266 duratione
1004 1198 1224 1266 substantiae
1246 1204 1390 1288 agatur,
1409 1219 1450 1266 ea
1465 1197 1553 1266 intel-

392 1302 459 1393 ligi
483 1309 599 1394 potest
622 1327 698 1372 esse
721 1305 798 1372 sine
820 1304 974 1372 termino
998 1308 1034 1390 o)
1058 1305 1122 1390 ita,
1141 1310 1183 1373 ut
1206 1305 1406 1374 formaliter
1428 1305 1553 1373 duratio

389 1414 607 1484 substantiae
638 1419 811 1506 qnatenus
835 1411 1056 1480 substantiae
1082 1411 1201 1480 nullas
1224 1411 1354 1482 habeat
1377 1413 1553 1482 successio·

299 1537 303 1548 “
390 1542 463 1606 nes,
481 1521 635 1614 adeoque
657 1520 779 1590 nullae
802 1519 875 1588 sint
897 1526 1017 1609 partes
1033 1519 1147 1588 reales
1164 1519 1384 1608 durationis;
1412 1524 1484 1590 sint
1504 1543 1553 1588 an·

390 1635 461 1696 tem
485 1629 721 1696 successiones
744 1647 786 1694 ac
809 1625 955 1716 proinde
977 1631 1097 1716 partes
1113 1627 1335 1696 successivae
1351 1628 1389 1695 in
1405 1628 1494 1696 s'erie
1509 1651 1553 1694 ao·

392 1733 584 1802 cidentinm
619 1739 655 1802 et
689 1732 985 1802 modificationnm
1023 1733 1256 1802 substantiae.
1290 1735 1350 1804 Sic
1388 1735 1554 1825 supposito

391 1841 540 1908 termino
574 1841 685 1930 primo
718 1847 936 1932 potestesse
966 1840 1107 1908 duratio
1130 1841 1350 1911 substantiae
1374 1843 1556 1910 formaliter

392 1947 582 2017 secundum
605 1971 643 2016 se
665 1947 742 2015 sine
764 1947 914 2016 termino
938 1947 1063 2016 ultimo
1086 1955 1122 2014 ot
1144 1953 1220 2015 tcta
1242 1949 1554 2036 simu15secundun

394 2055 665 2125 modificationes
690 2077 773 2124 vero
796 2061 911 2144 potest
938 2077 1014 2124 essa
1041 2055 1168 2139 series,
1195 2057 1281 2148 quin
1305 2079 1469 2147 nmquam
1492 2079 1554 2145 per-

392 2162 559 2233 veniatur
583 2161 627 2230 sd
651 2161 814 2229 ultimum
846 2161 1059 2244 terminum,
1085 2184 1154 2229 non
1177 2165 1294 2230 tamen
1318 2163 1394 2230 sine
1421 2163 1555 2230 termino

393 2275 476 2338 sunt
498 2275 617 2358 partes
641 2267 817 2357 singulae,
835 2267 990 2359 adeoque
1012 2289 1202 2360 numquam
1219 2275 1274 2338 est
1290 2269 1347 2338 vel
1364 2292 1439 2338 cese
1455 2275 1555 2358 potest

392 2381 469 2444 tota
490 2375 609 2444 simul.
635 2375 709 2444 Hoc
732 2375 831 2443 modo
852 2381 1018 2444 aeternus
1035 2384 1089 2445 est
1104 2376 1255 2466 spiritus
1273 2385 1423 2446 creatus.
1440 2378 1473 2462 t)
1489 2377 1553 2444 Pot-

393 2493 448 2554 est
471 2483 621 2574 supponi
645 2483 857 2568 substantia,
884 2483 923 2550 in
947 2504 1015 2574 qua
1031 2506 1094 2551 nec
1110 2483 1299 2552 secundum
1315 2507 1352 2552 se
1367 2507 1432 2554 nec
1447 2507 1553 2552 sccun-

393 2593 475 2661 dnm
498 2590 772 2660 modificationes
797 2591 845 2657 sit
868 2589 944 2658 ulle
971 2589 1145 2658 successio
1172 2589 1303 2674 realis,
1329 2591 1482 2682 adeoque
1502 2612 1553 2658 nec

392 2701 487 2770 ullae
509 2700 584 2768 sint
607 2705 725 2790 partes
750 2698 864 2766 reales
894 2698 1105 2767 durationis.
1138 2699 1235 2767 Haec
1265 2700 1399 2788 poterit
1431 2699 1553 2791 quidem

394 2831 471 2877 esse
493 2807 635 2876 duratio
659 2807 735 2874 sine
758 2805 885 2874 ultimo
908 2805 1058 2874 termino
1082 2811 1119 2874 et
1140 2811 1217 2874 tota
1239 2805 1369 2874 simul:
1394 2829 1509 2874 verum
1530 2804 1554 2871 si

393 2913 592 2983 substantia
616 2919 670 2981 est
693 2912 913 3002 contingens,
934 2911 1110 3002 imprimis
1125 2909 1269 2980 habebit
1287 2913 1473 2982 terminum
1495 2911 1554 3000 pri·

394 3041 506 3104 mnm;
532 3016 657 3085 deinde
683 3029 798 3106 potest
822 3015 943 3082 latere
965 3015 1202 3086 successiones
1225 3017 1381 3109 adeoque
1403 3017 1554 3085 terminos

393 3123 616 3214 singularum
638 3123 811 3214 partium,
838 3129 874 3191 et
895 3136 1006 3211 potest
1037 3123 1158 3191 latere
1186 3125 1376 3192 terminum
1408 3124 1554 3193 ultimum

395 3231 585 3301 secundum
609 3253 646 3298 se
668 3235 790 3298 totam.
816 3231 936 3322 Neque
952 3231 1043 3299 enim
1059 3231 1299 3321 permanentia
1313 3235 1368 3300 est
1383 3254 1425 3300 ex
1442 3229 1553 3298 intrin-

463 3445 506 3523 (1)
520 3469 533 3498 a
546 3451 668 3516 'l'empus
689 3449 752 3502 sine
772 3449 872 3517 aliqua
894 3449 994 3502 mobili
1013 3448 1211 3502 mutabilitate
1233 3463 1290 3500 non
1310 3451 1401 3502 est...
1422 3449 1490 3512 Quis
1507 3460 1551 3498 non

398 3542 499 3596 videat
517 3541 592 3609 quod
610 3547 736 3608 tempora
753 3555 809 3592 non
826 3539 961 3608 luissent,
980 3541 1040 3594 nisi
1051 3543 1185 3592 creatura
1198 3539 1288 3604 fleret,
1304 3554 1376 3605 quae
1392 3537 1500 3604 aliquid
1511 3534 1552 3588 ali·

399 3646 456 3698 qna
474 3631 598 3682 motione
620 3632 763 3694 mutaret,
786 3628 867 3681 onius
890 3629 1026 3682 motionis
1046 3633 1076 3682 et
1090 3627 1267 3682 -mutstIonis
1292 3643 1354 3682 cum
1380 3627 1459 3681 aliud
1482 3629 1551 3690 utque

399 3721 488 3788 uliud,
511 3735 583 3786 quae
595 3720 680 3772 simul
701 3733 833 3772 essenon
856 3723 986 3786 possunt,
997 3719 1075 3772 cedit
1093 3721 1180 3786 atque
1194 3717 1322 3770 succedit
1337 3719 1368 3770 in
1389 3717 1551 3772 brevioribus

400 3813 447 3866 rel
468 3809 699 3878 productioribus
722 3823 862 3860 morarum
888 3809 1074 3876 intervallis,
1095 3813 1207 3876 tempus
1225 3810 1438 3876 saqosratorc·
1455 3811 1483 3862 S.
1494 3809 1550 3868 sug.

399 3899 524 3955 ilir.Del
539 3901 589 3952 XI.
602 3915 626 3952 c.
638 3897 666 3950 6.

465 3985 507 4062 (a)
529 3987 583 4042 «si
602 3987 672 4054 quid
684 3985 867 4052 intelligitur
886 3988 1029 4054 temporis,
1046 3987 1120 4054 quod
1140 3989 1172 4040 in
1184 3989 1281 4042 nullas
1299 3988 1357 4040 ism
1377 3989 1424 4042 vel
1442 3985 1551 4040 minutic

401 4080 487 4132 almas
507 4083 710 4131 momentorum
728 4081 826 4144 partes
846 4075 941 4128 dividi
962 4079 1069 4146 possit,
1092 4078 1124 4132 id
1144 4080 1234 4131 solum
1259 4081 1320 4144 est,
1343 4077 1419 4146 quod
1438 4087 1551 4145 praescus

401 4169 523 4222 dicatur.
550 4167 630 4230 Quod
650 4171 744 4219 umen
768 4165 812 4218 ito
838 4163 943 4230 raptim
963 4182 980 4219 a
999 4166 1097 4220 futuro
1116 4167 1148 4220 tu
1176 4165 1363 4233 praeteritum
1389 4165 1549 4220 transvolat.

401 4257 529 4310 utnulla
548 4258 658 4309 morula
670 4255 851 4310 extendetur.
864 4253 935 4306 llam
948 4253 974 4306 si
994 4255 1169 4321 extenditur,
1186 4255 1329 4308 dividitur
1341 4256 1374 4308 in
1386 4251 1551 4322 praeteritur

401 4346 581 4412 strumum,
596 4361 732 4414 praesens
744 4347 839 4398 nutem
858 4344 971 4398 nullum
990 4344 1078 4398 habet
1089 4343 1214 4412 spatium
1227 4364 1239 4392 n
1252 4343 1364 4409 suun
1378 4342 1499 4398 confess.
1509 4336 1549 4390 11.

401 4449 423 4488 c.
437 4434 480 4486 15.
491 4450 520 4487 n.
533 4435 579 4487 20.
