3230 5072
554 397 590 409 -
615 365 672 425 ius
694 399 731 411 -

39 466 175 537 ationis
196 485 386 558 patmus,
412 493 489 540 eum
514 477 646 540 osterse
669 477 850 541 creaturae
882 473 1106 542 irrationales
1134 473 1227 542 sieut

38 582 230 660 creantur,
244 577 298 646 ita
312 576 419 646 etiem
431 576 654 666 providentia
670 577 960 648 administrentur
975 587 1117 669 propter
1133 601 1225 648 erea-

36 687 147 752 iuras
171 684 366 753 rationales
381 691 558 776 tamquam
575 685 677 753 finem
694 707 792 754 suum
811 687 1016 776 proximum.
1034 687 1120 755 Plus
1143 709 1226 775 ergo

37 791 138 860 dixit
165 793 206 862 S.
222 793 459 883 Hieronymus
474 801 510 862 et
525 794 639 862 minus
663 795 779 864 voluit
802 795 971 884 intelligi,
991 796 1085 864 utin
1102 817 1140 864 re
1156 793 1227 861 alia

36 904 77 972 de
94 903 260 994 quadam
274 903 311 972 S.
326 905 523 994 Augustini
547 905 721 973 sententia
745 906 798 973 ait
814 904 850 973 S.
865 904 1113 973 Beneventum
1128 905 1225 990 (Bre-

38 1009 158 1103 viloq.
173 1011 217 1078 P.
229 1009 261 1079 3.
277 1034 307 1078 e.
322 1011 384 1099 5.).
404 1011 565 1079 Ceterum
589 1011 783 1079 doctrinam
800 1011 836 1078 in
854 1011 1049 1102 Evangelio
1067 1012 1225 1101 Scriptu-

39 1119 169 1210 risque
186 1119 364 1188 universis
379 1119 467 1188 etin
484 1119 697 1208 professione
713 1119 919 1205 christiana,
938 1127 980 1188 ut
995 1120 1047 1188 ita
1062 1119 1223 1204 dixerim,

38 1226 295 1295 elementarem
319 1249 340 1294 a
363 1226 399 1295 S.
415 1228 563 1296 Dootore
586 1249 654 1294 non
680 1227 797 1296 voosri
821 1227 856 1295 in
881 1226 1024 1295 dubium
1049 1227 1226 1319 multoque

40 1335 166 1404 minus
190 1331 309 1422 respui
334 1333 434 1403 velut
458 1333 674 1404 uabsnrdam
690 1361 728 1419 n,
756 1357 817 1424 per
840 1357 876 1403 se
899 1332 999 1402 debet
1022 1356 1225 1424 persuasum

39 1464 133 1526 esse,
163 1445 203 1509 et
226 1462 268 1508 ex
291 1441 373 1510 eliis
396 1443 472 1512 eius
494 1442 581 1510 loeis
603 1442 874 1511 demonstratur.
900 1441 1109 1510 Conferatur
1131 1465 1163 1510 e.
1188 1465 1223 1530 g.

40 1553 187 1622 diserta
203 1557 239 1620 ot
254 1550 421 1640 polemioa
431 1551 467 1619 S.
478 1550 640 1620 Doetoris
664 1549 858 1641 disputatio
874 1552 911 1620 in
927 1551 996 1619 Ier.
1008 1549 1222 1618 ΧΧΧΠ.26.

41 1660 83 1728 Τ.
99 1661 173 1730 IV.
192 1683 228 1750 p.
244 1658 343 1727 1090.
364 1689 380 1723 a
402 1660 509 1745 Deus,
535 1659 628 1729 dixit
651 1658 861 1750 (prophete),
888 1659 1072 1728 universae
1096 1659 1223 1742 earnis,

42 1773 84 1835 ut
108 1771 151 1833 et
172 1763 364 1834 rationalia
386 1771 422 1832 et
445 1765 548 1832 brute
577 1764 771 1832 animantia
794 1763 868 1854 ipse
900 1763 1024 1833 feeisse
1047 1764 1222 1832 credatur.

41 1874 140 1942 Sunt
163 1872 269 1956 enim,
287 1871 350 1964 qui
364 1871 621 1962 providentiam
645 1871 813 1941 oreatoris
836 1893 946 1963 usque
970 1871 1014 1939 ad
1038 1870 1227 1940 rationalia

42 1981 297 2062 confiteantur,
315 1980 420 2048 bruta
434 1987 551 2048 autem
566 1979 730 2048 fortuitis
746 1980 885 2050 ossibus
901 1988 1061 2048 asserant
1077 1979 1134 2048 vel
1151 2001 1225 2070 per·

42 2092 96 2160 ire
121 2089 186 2160 vel
210 2089 341 2158 vivere.
374 2089 670 2181 Propheiiousque
700 2111 810 2156 sermo
834 2088 1009 2172 declarat,
1040 2087 1133 2153 sitit
1160 2109 1227 2154 esse

44 2196 141 2291 qaod
159 2198 290 2288 sopiat
308 2194 564 2284 providentium
588 2212 619 2264 et
642 2200 821 2264 seientiam
843 2198 922 2280 Dei,
941 2199 1027 2288 quio
1050 2196 1125 2262 aliu
1145 2219 1225 2285 pro-

40 2321 125 2395 pies·
149 2327 197 2387 se,
222 2304 298 2370 olio
321 2305 359 2370 in
382 2327 477 2369 asam
501 2303 670 2369 dominam
693 2319 773 2370 sunt
797 2319 938 2370 ereata»
958 2303 1021 2392 (1).

114 2411 291 2481 Scholion.
316 2411 359 2479 In
382 2411 583 2504 quaestione
606 2411 648 2482 de
664 2411 892 2481 multitudine
915 2410 1056 2479 infinita
1078 2409 1225 2480 obieoto·

45 2545 127 2590 rum
152 2518 320 2590 scientiae
342 2518 420 2604 Dei,
439 2518 565 2612 deque
588 2519 742 2588 diximus
763 2519 801 2588 in
816 2520 847 2587 I.
866 2526 966 2609 parte
989 2518 1137 2605 theseos,
1155 2519 1224 2608 spi·

46 2649 155 2698 nesae
170 2626 397 2698 difficultates
412 2627 543 2696 multae
559 2633 759 2698 oeeurrunt.
771 2627 838 2697 Sed
854 2649 913 2696 eae
926 2627 998 2697 fere
1014 2649 1128 2696 omnes
1144 2625 1225 2695 inde

47 2736 221 2827 originem
244 2735 385 2821 habent,
404 2735 495 2828 qnod
510 2742 668 2806 nostrum
684 2737 821 2806 modum
845 2735 1062 2826 oonoipiendi
1084 2736 1222 2804 linitum

47 2851 85 2914 et
105 2843 300 2913 limitatum
323 2844 367 2912 ad
390 2843 662 2914 intellectionem
685 2846 750 2913 Dei
773 2845 946 2914 infinitum
979 2844 1040 2914 vix
1068 2843 1222 2911 animad-

49 2959 227 3024 vertentes
241 2954 500 3022 trausierimus.
520 2953 571 3022 De
588 2953 644 3020 his
660 2953 813 3042 singulis
837 2952 971 3021 consuli
994 2957 1140 3042 possunt
1161 2973 1221 3020 au·

50 3068 160 3130 stores
178 3059 295 3146 nitati3
309 3060 484 3150 principia
500 3067 613 3130 autern
630 3059 809 3151 generalia
825 3061 869 3128 sd
886 3081 1002 3128 earum
1016 3059 1222 3129 solutionem

50 3187 131 3255 prae
154 3166 267 3236 oeulis
291 3165 410 3260 haberi
434 3167 560 3235 debent
583 3167 776 3259 sequentia.
805 3172 840 3253 a)
865 3166 964 3249 Quod
987 3174 1041 3236 est
1064 3166 1139 3235 sine
1169 3165 1221 3234 ul-

51 3273 133 3342 timo
155 3273 271 3342 limite
295 3280 331 3342 et
352 3273 437 3342 adeo
459 3273 636 3342 infinitum
660 3274 846 3344 seeundum
872 3295 976 3343 unam
1000 3274 1170 3343 rationem
1186 3281 1224 3342 et

54 3380 88 3446 in
109 3401 179 3448 une
201 3380 307 3464 linea,
326 3387 442 3469 potest
463 3401 537 3448 esse
559 3379 697 3449 finitum
721 3381 908 3450 seeundum
931 3381 1037 3449 eliam
1053 3380 1221 3450 rationem

56 3489 103 3574 (S.
120 3491 188 3560 Th.
206 3490 241 3558 3.
258 3517 292 3583 q.
309 3489 364 3558 10.
383 3511 415 3559 o.
434 3491 467 3558 3.
486 3489 530 3559 ad
546 3490 609 3576 2.).
637 3491 721 3559 Inde
746 3491 936 3583 intelliges,
961 3499 1218 3562 aetus-ereatu-

56 3617 166 3665 rarum
189 3595 416 3665 rationalium
440 3618 507 3664 non
530 3597 688 3666 desinere
711 3619 785 3666 esse
812 3597 970 3668 infinitos
994 3599 1219 3668 multitudine

59 3702 276 3774 infuturum
306 3705 350 3788 (a
374 3717 479 3792 poree
508 3708 630 3792 post),
663 3703 805 3794 quotvis
839 3699 940 3775 aetus
975 3707 1219 3796 praesedentes

114 4015 155 4093 (1)
170 4020 240 4078 dum
258 4025 488 4078 eomnsutsrium
506 4024 538 4076 in
557 4025 657 4076 ierem.
673 4023 826 4091 scripserit
845 4023 1036 4090 Hieronymus
1055 4027 1140 4092 penio
1151 4031 1218 4082 snts

62 4109 155 4166 alitum
166 4109 254 4184 (dnos
263 4108 454 4184 annuntie.)
463 4113 514 4168 diu
524 4117 590 4182 post
601 4114 818 4168 commentarios
829 4115 860 4166 in
873 4114 1004 4168 Hebenus
1013 4112 1049 4188 (e.
1059 4115 1215 4188 suntid),

61 4198 126 4256 ino
135 4203 289 4259 solistions
300 4203 356 4257 ioei
370 4204 521 4270 utriusque
540 4218 596 4257 nen
617 4203 765 4258 videbitur
783 4203 881 4256 inanis
894 4204 1066 4273 eonieeturs,
1082 4205 1216 4261 habuisse

63 4295 187 4347 enemrsm
204 4295 334 4362 inopere
349 4294 504 4360 posteriori
517 4309 584 4361 prae
597 4295 698 4360 oeulis,
715 4309 786 4362 quse
801 4291 956 4360 scripserat
969 4294 999 4346 iu
1019 4295 1118 4363 priori,
1136 4297 1215 4351 haeu-

64 4391 108 4515 pss
129 4381 270 4438 dseisnre
290 4385 320 4438 ei
338 4389 437 4438 matrs
460 4388 659 4451 praeposteres
683 4382 938 4450 interpretationes
963 4387 1141 4450 praemunire
1169 4402 1214 4438 ro-

74 4467 147 4523 aissa
