3240 5064
902 327 941 346 ..
961 296 1023 360 236
1042 329 1081 348 ..

408 401 495 472 fines
517 401 696 474 Ecclesiae
718 405 756 472 et
778 424 882 494 penes
904 403 1064 472 doctores
1086 400 1224 495 aliquos
1247 398 1482 492 gravissimos
1504 397 1574 465 abs·

408 532 475 602 que
498 511 580 580 fidei
603 510 784 601 dispendio
799 514 946 600 possunt
961 532 1035 580 esse
1050 531 1120 578 non
1135 508 1247 578 solum
1270 507 1438 576 obscurae
1454 509 1492 574 et
1506 528 1577 574 con-

408 617 507 684 fusae
529 616 689 686 notiones
712 617 773 688 sed
795 617 902 686 etiam
925 638 1071 702 errores,
1098 615 1159 709 qui
1183 614 1401 706 postmodum
1426 612 1578 705 eliquata

408 723 609 814 quaestione
631 723 873 794 eliminantur.

472 832 642 901 Attamen
666 833 699 918 b)
722 832 781 902 hic
804 832 846 902 de
876 831 1038 902 doctrina
1066 831 1189 923 agitur
1219 831 1257 900 in
1280 853 1317 900 se
1345 828 1576 922 gravissima,

407 961 510 1032 quam
533 941 698 1032 explicite
721 942 861 1010 novisse
881 941 1032 1024 maxima
1054 941 1204 1012 interest
1226 941 1379 1010 omnium
1401 938 1576 1022 fidelium,

407 1047 450 1118 de
479 1047 640 1118 doctrina
669 1049 708 1118 in
739 1048 935 1140 Scripturis
965 1049 1095 1118 diserte
1126 1048 1353 1139 consignata,
1392 1053 1431 1116 et
1456 1047 1503 1114 ab
1524 1067 1577 1113 an·

405 1153 517 1246 tiquis
539 1177 586 1224 ss.
612 1155 813 1224 doctoribus
836 1175 964 1246 magna
987 1153 1210 1224 consensione
1232 1161 1269 1224 et
1291 1153 1460 1224 claritate
1485 1174 1578 1243 prae·

407 1261 537 1348 dicata,
556 1264 841 1356 quemadmodum
856 1264 895 1333 in
910 1263 1384 1334 tb.XV.demcnstravimus.
1398 1260 1575 1332 Iahnius

405 1371 498 1440 modi
513 1395 596 1442 vero
619 1373 841 1464 dogmatibus
864 1372 1042 1442 dissensus
1064 1371 1244 1441 doctorum
1266 1370 1532 1440 notissimorum
1546 1373 1578 1436 et

405 1500 551 1568 magnae
566 1479 794 1550 auctoritatis
809 1481 846 1548 in
862 1479 1022 1550 Ecclesia
1035 1479 1113 1564 Dei,
1132 1478 1253 1572 quales
1270 1500 1352 1548 sane
1368 1483 1456 1546 sunt
1468 1476 1576 1566 Chry·

405 1591 587 1672 sostomus,
612 1587 780 1672 Basilius,
805 1587 1001 1677 Nyssanus,
1028 1585 1268 1677 Epiphanius,
1293 1591 1442 1678 uterque
1465 1583 1578 1674 Cyril·

403 1690 480 1776 lus,
505 1692 734 1780 Ambrosius,
759 1693 997 1784 Hieronymus
1020 1716 1041 1761 a
1064 1692 1260 1785 Vasquezio
1282 1692 1470 1778 nominati,
1486 1713 1576 1759 num·

404 1821 508 1892 quam
534 1805 649 1890 potest
674 1801 829 1887 admitti,
859 1800 930 1869 nisi
959 1799 1141 1870 evidenter
1163 1800 1436 1870 demonstretur.
1461 1799 1576 1866 Ambi-

403 1928 494 1996 guae
509 1905 625 1996 igitur
638 1911 676 1976 et
691 1909 858 1976 obscurae
879 1929 998 1976 corum
1020 1905 1214 1976 locutiones
1237 1906 1274 1974 in
1297 1905 1364 1975 hac
1387 1904 1576 1996 hypothesi

403 2009 600 2078 necessario
622 2032 664 2080 ea
686 2009 944 2101 significatione
967 2009 1219 2100 intelligendae
1235 2017 1329 2095 sunt,
1351 2029 1422 2101 qua
1438 2031 1575 2078 consen·

403 2117 500 2186 tiant
522 2139 600 2186 cnm
624 2119 750 2188 ceteris
764 2117 931 2187 Patribus
944 2123 981 2186 et
997 2139 1074 2186 cnm
1092 2117 1266 2206 dogmate,
1282 2116 1325 2186 de
1341 2137 1409 2210 qno
1426 2113 1575 2185 saeculis

405 2223 530 2292 saltem
546 2225 839 2316 subsequentibus
855 2230 949 2294 certo
973 2229 1123 2293 constat.
1142 2223 1237 2292 Haec
1253 2223 1430 2314 principia
1446 2245 1574 2292 eorum·

403 2351 470 2421 que
486 2329 639 2399 rationes
655 2330 795 2420 proprio
811 2353 874 2398 sno
889 2329 965 2399 loco
989 2330 1305 2400 demonstravimus
1328 2331 1366 2400 in
1387 2331 1512 2402 Tract.
1536 2331 1573 2400 de

404 2435 621 2523 Traditione,
647 2443 683 2506 et
705 2438 928 2528 paucioribus
951 2439 989 2506 in
1012 2439 1133 2508 Tract.
1148 2439 1190 2509 de
1214 2439 1346 2508 Trinit.
1363 2439 1417 2511 th.
1438 2441 1486 2511 X.
1613 2522 1614 2532 χ

468 2545 625 2632 Porro-c)
641 2545 914 2615 considerandus
936 2553 992 2615 est
1014 2552 1130 2615 status
1154 2547 1371 2640 quaestionis
1386 2555 1424 2618 et
1442 2554 1570 2618 coutro-
1613 2541 1614 2554 ¹

401 2652 550 2738 versiae,
569 2675 671 2746 qnam
687 2653 812 2722 Patres
828 2653 885 2722 illi
903 2653 1103 2738 versabant,
1118 2675 1159 2722 ac
1175 2653 1320 2744 proinde
1335 2677 1462 2746 scopus
1477 2677 1570 2748 quem

401 2760 503 2830 unice
526 2763 742 2852 spectabant.
760 2760 986 2831 Obscuriores
1008 2761 1203 2830 locutiones
1226 2763 1300 2831 fere
1319 2785 1436 2832 omnes
1460 2785 1571 2834 occor-

400 2873 488 2938 runt
510 2867 548 2936 in
570 2867 617 2936 iis
639 2867 738 2952 locis,
764 2867 826 2936 ubi
845 2867 970 2936 Patres
995 2867 1096 2936 unice
1118 2867 1303 2958 disputant
1325 2869 1497 2940 adversus
1519 2871 1569 2938 do-

401 2974 552 3044 ctrinam
582 2975 904 3062 Eunomianornm,
936 2975 997 3070 qui
1025 2975 1093 3044 sibi
1122 2977 1313 3068 perfectam
1340 2977 1567 3068 coguitionem

398 3081 484 3168 Dei,
514 3111 530 3148 u
548 3083 643 3152 sicut
657 3083 753 3156 Deus
770 3106 806 3152 se
822 3083 937 3174 ipsum
954 3083 1144 3174 cognoscit,
1159 3110 1176 3146 n
1201 3089 1308 3176 atque
1324 3084 1410 3154 adeo
1425 3107 1568 3177 compre·

398 3189 671 3260 hensionachi
681 3191 1000 3282 arrogabant(vide
1010 3191 1312 3282 snprath.X.).In
1321 3191 1467 3262 bociam
1479 3199 1566 3262 statu

400 3297 615 3389 quaestionis
631 3297 755 3366 Patres
771 3297 941 3368 adversus
958 3297 1153 3368 haereticos
1169 3297 1359 3388 dupliciter
1375 3297 1564 3390 disputant.

341 3453 348 3468 .
399 3403 509 3495 Saepe
533 3405 624 3474 enim
648 3403 873 3474 considerant
894 3405 1135 3474 tantummodo
1165 3411 1325 3474 nostrum
1356 3407 1496 3476 modum
1519 3429 1564 3475 cc

398 3513 587 3603 gnoscendi
609 3513 720 3581 Deum
746 3515 783 3582 in
814 3513 1002 3602 haurite,
1028 3519 1103 3582 tum
1134 3535 1218 3582 vero
1250 3513 1434 3584 declarant
1463 3515 1565 3606 ipsam

398 3619 569 3712 originem
591 3627 732 3690 nostrae
767 3621 865 3690 ideae
894 3643 935 3690 ac
966 3621 1119 3690 notionis
1143 3619 1185 3690 de
1207 3620 1280 3690 Deo
1310 3621 1506 3690 derivatam
1528 3643 1563 3690 ex

398 3729 532 3799 divinis
546 3729 889 3798 manifestationibus
903 3727 948 3796 od
961 3743 1073 3808 extra,
1084 3735 1189 3820 atque
1202 3727 1266 3797 hoc
1278 3727 1353 3820 ipso
1366 3737 1562 3819 negantpro

398 3841 518 3905 nostro
530 3834 707 3926 praesenti
729 3835 828 3903 modo
845 3835 1073 3924 cognoscendi
1089 3833 1324 3904 immediatam
1347 3831 1562 3904 intuitionem

393 3945 472 4030 Dei,
488 3945 577 4014 utin
592 3943 659 4012 illa
673 3943 766 4012 thesi
782 3942 828 4010 X.
844 3943 1118 4012 demonstratum
1141 3945 1207 4010 est.
1221 3941 1433 4010 Huiusmodi
1457 3950 1561 4011 auten

393 4051 470 4122 loca
493 4049 584 4119 nihil
599 4049 644 4119 ad
659 4071 731 4118 rem
747 4055 962 4139 praesentem
985 4048 1173 4140 pertinent,
1193 4069 1256 4116 uec
1271 4049 1309 4116 in
1324 4049 1376 4118 eis
1393 4049 1562 4141 quidpiam

395 4163 449 4228 est
472 4157 633 4240 obscuri,
666 4157 738 4225 nisi
760 4155 961 4225 testimonia
984 4179 1072 4249 quae
1096 4163 1208 4246 agunt
1235 4156 1277 4224 de
1304 4154 1483 4246 praesenti
1511 4177 1560 4224 uo

397 4275 473 4334 stra
499 4263 695 4354 cognitione
729 4288 791 4356 per
815 4264 993 4356 speculum
1017 4265 1055 4332 in
1079 4263 1299 4354 aenigmate,
1329 4286 1372 4332 ex
1403 4272 1559 4334 contextu

395 4373 521 4444 avulsa
543 4373 805 4442 transferantur
829 4373 873 4442 ad
896 4371 1129 4464 cognitionem
1152 4393 1240 4466 quae
1256 4371 1381 4442 futura
1402 4379 1457 4442 est
1479 4367 1559 4440 facie
