3292 5062
888 343 1066 403 -110-

393 451 463 518 lem
487 471 570 540 prae
594 449 659 517 hac
682 448 943 538 supernaturali
965 455 1103 517 tenuem
1126 451 1422 520 adumbrationem
1438 453 1481 520 de
1497 451 1576 520 lon-

395 557 525 646 ginquo
549 561 765 642 conspectam
801 552 914 621 solent
946 553 1134 643 appellare.
1157 555 1298 624 oNemo
1332 561 1459 646 neget,
1486 557 1574 648 quia

394 681 491 729 nemo
515 657 681 746 ignorat,
708 658 827 748 inquit
850 657 1001 725 Tertull.
1020 658 1061 725 de
1084 663 1230 747 spectat.
1250 683 1280 727 c.
1300 659 1334 742 2,
1353 662 1443 750 quod
1473 662 1575 728 ultro

394 775 523 834 nature
539 765 714 856 suggerit,
732 767 842 834 Deum
858 788 932 834 esse
949 767 1195 834 universitatis
1212 767 1435 835 conditorem.
1453 795 1469 828 n
1484 768 1575 834 Con-

394 873 495 942 tinuo
519 895 602 940 vero
625 894 712 964 quae
736 873 785 940 sit
808 872 891 941 haec
915 873 979 941 Dei
1004 864 1240 944 manifestatio
1265 897 1347 963 prae
1370 874 1486 943 altera
1512 899 1575 942 su-

395 977 625 1070 pernaturali,
645 977 814 1048 declarat:
832 1001 899 1046 non
918 980 1086 1068 operitus
1103 977 1212 1048 Deum
1228 987 1359 1048 norunt
1374 981 1445 1048 nisi
1469 997 1575 1047 naeu-

393 1085 467 1150 roli
484 1087 558 1150 iure
571 1107 639 1149 uon
656 1087 760 1151 etiam
770 1085 969 1173 familiari,
981 1083 1021 1152 cle
1036 1085 1226 1176 longinquo
1241 1112 1309 1152 non
1322 1085 1363 1153 de
1373 1091 1573 1176 proximo.»

391 1193 441 1262 Et
463 1191 619 1260 Clemens
642 1191 745 1260 Alex.
765 1193 892 1260 Strom.
915 1193 976 1262 VI.
995 1218 1029 1282 p.
1048 1193 1127 1261 635:
1149 1223 1164 1258 o
1191 1194 1281 1284 qnod
1305 1195 1414 1262 Deum
1438 1203 1576 1262 norunt

394 1323 461 1370 non
485 1301 672 1369 secundum
696 1302 883 1390 perfectam
906 1299 1139 1390 cognitionem
1167 1297 1350 1388 (ἑπιγνωσιν)
1370 1301 1429 1370 sed
1446 1325 1573 1370 seeun-

394 1409 475 1478 dum
511 1407 684 1500 quandam
715 1409 1027 1496 circumfulsionem
1054 1405 1146 1492 (κατα
1164 1403 1331 1499 περιφασιν)
1350 1408 1574 1494 (1)Greeco·

394 1537 471 1584 rum
497 1515 803 1605 praestantissimi,
821 1517 946 1586 Petrus
963 1520 1062 1588 docet
1085 1519 1122 1586 in
1147 1517 1436 1586 Praedicationen
1452 1523 1574 1606 (opere

394 1623 739 1716 supposititio).Vide
752 1625 857 1692 etiam
875 1626 1052 1694 Strom.V.
1067 1651 1101 1716 p.
1120 1625 1198 1694 612.
1217 1655 1232 1689 a
1247 1626 1357 1692 Deum
1374 1649 1448 1693 esse
1465 1647 1577 1716 quan-

394 1733 472 1802 dem
498 1731 606 1800 vitam
631 1737 848 1800 aeternam...
871 1735 1074 1822 sapientem,
1093 1733 1268 1822 sapientes
1284 1732 1469 1800 facientem
1485 1755 1573 1798 non-

395 1837 488 1906 nulli
511 1839 615 1906 etiam
639 1837 745 1906 huius
775 1839 905 1907 meculi
937 1839 1135 1928 philosophi
1168 1839 1345 1907 viderunt.
1373 1839 1573 1905 Veritatem

395 1945 541 2014 fixam...
570 1943 628 2012 ubi
645 1949 728 2012 sunt
743 1967 859 2012 omnes
881 1946 1034 2012 rationes
1056 1968 1171 2014 rerum
1188 1945 1339 2012 omnium
1356 1950 1570 2026 creatarum,

396 2049 553 2120 uiderunt
577 2049 713 2142 quidem
735 2050 793 2118 recl
816 2051 856 2118 de
882 2053 1085 2144 lonqinquo,
1115 2051 1283 2121 viderunt
1306 2052 1366 2120 sed
1390 2052 1427 2119 in
1451 2073 1572 2118 errore

394 2159 543 2252 positi...
563 2158 651 2228 Nam
675 2158 758 2251 quie
780 2159 946 2228 viderunt
961 2161 1066 2228 etiam
1084 2163 1165 2251 ipsi,
1184 2167 1352 2253 quantum
1369 2161 1412 2226 ab
1428 2158 1571 2226 homine

395 2265 509 2336 videri
533 2271 670 2356 potest,
696 2273 886 2334 creatorem
909 2291 971 2358 per
994 2277 1214 2353 creaturam,
1242 2269 1406 2336 sectorem
1431 2291 1492 2356 per
1516 2269 1570 2334 fa·

394 2383 542 2458 cturam,
570 2373 812 2444 fabricatorem
837 2377 956 2444 mnndi
979 2399 1040 2466 per
1063 2376 1240 2458 mundum,
1267 2375 1399 2444 Paulus
1419 2375 1570 2464 Aposto-

394 2483 450 2552 lus
475 2481 577 2552 testis
599 2489 663 2566 est,
690 2483 747 2552 oui
771 2483 890 2576 utique
914 2485 1039 2554 debent
1062 2485 1200 2554 credere
1222 2483 1417 2552 Christiani
1436 2512 1452 2545 a
1466 2483 1568 2570 Aug.

395 2589 504 2660 Serra.
525 2589 602 2658 141.
622 2613 656 2658 n.
677 2589 709 2658 1.

461 2697 534 2766 Iam
560 2719 641 2766 vero
665 2697 696 2766 ei
712 2696 1013 2786 supernaturalem
1029 2699 1139 2788 ipsam
1157 2697 1470 2768 manifestationem
1489 2719 1568 2764 oon-

394 2806 584 2878 slderemue
614 2805 786 2895 imprimis
817 2811 857 2872 ut
891 2805 1015 2873 seriem
1045 2807 1217 2898 quandam
1248 2830 1289 2874 ex
1322 2806 1427 2873 lactis
1459 2803 1567 2871 histo·

395 2913 479 2986 ricle
504 2913 665 2980 menimis
688 2920 725 2981 et
748 2915 850 2982 rebus
875 2913 1043 2982 mirandis
1066 2921 1300 2998 constantem,
1327 2915 1391 2980 sub
1421 2911 1487 2980 hac
1512 2934 1568 2978 ra-

394 3022 487 3092 tione
512 3019 576 3088 illa
599 3020 786 3089 constituit
809 3021 1012 3088 universum
1037 3021 1226 3112 quoddam,
1253 3021 1353 3091 cuius
1375 3019 1569 3088 existentia

393 3127 605 3200 certitudine
637 3127 805 3196 historice
836 3128 985 3196 menime
1015 3129 1229 3212 innotescit,
1254 3139 1291 3198 et
1313 3128 1414 3197 cuius
1437 3151 1566 3198 nexum

395 3235 624 3308 necessarium
641 3257 718 3304 cum
731 3236 921 3304 existentia
936 3257 1061 3304 causae
1077 3235 1169 3304 ratio
1182 3237 1282 3327 plane
1299 3235 1476 3326 perspicit.
1492 3238 1566 3306 Nec

394 3343 508 3414 minus
531 3349 625 3412 certo
648 3343 739 3410 ratio
769 3341 964 3430 intelligit,
990 3342 1081 3410 hanc
1104 3364 1243 3410 causam
1266 3365 1333 3408 non
1363 3363 1462 3432 posse
1490 3365 1566 3412 esse

393 3451 460 3522 uiei
484 3473 545 3520 ene
575 3451 619 3518 ab
649 3451 808 3518 omnibus
833 3449 970 3520 viribus
992 3450 1216 3540 aspectabilis
1238 3450 1344 3518 huius
1367 3450 1488 3526 mundi
1512 3459 1564 3518 to-

392 3567 496 3652 taque
520 3557 596 3628 eius
619 3557 821 3628 collectione
837 3558 975 3626 omnino
991 3557 1183 3642 diversum,
1202 3559 1339 3627 infinite
1354 3569 1487 3648 potens,
1508 3562 1564 3628 bo-

455 3809 498 3890 (1)
517 3813 695 3880 ucecensis
715 3813 820 3882 duplex
843 3829 878 3868 ex
898 3813 1132 3867 manifestatione
1155 3813 1282 3868 uetanti
1300 3819 1330 3866 et
1346 3817 1564 3882 supernaturali

392 3909 534 3974 tauquam
560 3903 758 3972 imperfectum
777 3919 838 3957 eum
863 3905 1005 3972 perfeeto,
1026 3904 1069 3958 ite
1087 3903 1254 3972 hequenter
1276 3905 1412 3957 universe
1434 3906 1564 3971 cognitio

391 3997 489 4050 nostre
514 4007 565 4062 per
589 3996 733 4062 speculum
760 3995 790 4048 in
818 3993 978 4060 aenigmate
1004 3999 1035 4046 et
1061 4009 1134 4062 qnae
1161 4011 1192 4046 ee
1218 3999 1388 4060 pertenet,
1416 3997 1565 4050 confertur

390 4099 450 4140 cun
469 4083 581 4140 vleloue
598 4083 627 4138 ln
649 4085 760 4154 petria,
782 4089 899 4152 tuncne
912 4085 1038 4151 mnino
1060 4085 1128 4140 haee
1148 4089 1248 4148 nostre
1273 4100 1329 4138 non
1349 4087 1473 4153 emplius
1494 4087 1562 4140 dici·

392 4179 438 4232 ter
450 4177 589 4248 turpione
604 4173 653 4230 sed
670 4175 821 4228 amedeus
834 4175 1075 4228 auu-omum
1094 4175 1150 4230 aar·
1162 4173 1280 4231 issaram
1290 4175 1560 4242 maselinum

390 4285 417 4342 p.
429 4267 491 4334 3273
505 4261 532 4322 e'e
545 4287 645 4338 μιιροις
661 4287 706 4328 τις
720 4263 853 4328 α’ληθιιας
872 4265 1028 4336 ι’νδαλμοσι.
1045 4287 1135 4337 uepres
1158 4288 1197 4328 τις
1213 4281 1348 4332 §menore
1364 4263 1390 4321 iu
1413 4289 1459 4319 rue
1472 4266 1561 4322 iruue-

389 4379 476 4430 pietur
500 4355 637 4412 Uultu.
658 4371 700 4410 or.
721 4359 765 4412 88.
785 4371 814 4410 n.
826 4357 868 4410 lt.
884 4355 929 4408 20.
949 4355 1053 4410 Confer
1073 4355 1341 4410 t.tlor.1111.18:
1362 4354 1423 4427 α’ρτι
1443 4379 1559 4426 peracre

390 4441 415 4502 ie
436 4467 538 4522 pepone,
554 4467 613 4502 rore
631 4449 657 4502 tr
680 4443 871 4518 ierpreoopsr,
890 4443 976 4506 ιαθυς
997 4465 1040 4500 ιιι
1061 4443 1241 4518 ismundus.
