3360 5060
604 283 642 298 -
663 249 719 312 631
745 284 781 298 ·-

71 359 155 423 tra
168 355 476 444 Augustinianam
489 355 723 426 definitionem
736 365 791 447 (ex
803 357 829 425 l.
841 357 882 426 de
893 356 981 426 Don.
992 357 1132 427 Persev.
1143 382 1179 428 n.
1191 357 1276 445 bb),

73 484 169 555 qua
184 462 323 533 dicitur
339 463 609 554 praedestinatio
628 465 885 555 «praescientia
901 471 937 534 et
947 467 1167 556 praeparatio
1180 467 1277 536 bene·

75 569 268 638 liciorum
291 569 368 654 Dei,
394 569 520 661 quibus
537 569 728 640 certissime
743 569 950 657 liberantur,
970 571 1176 666 quicumque
1195 573 1279 642 libe·

75 683 248 745 rantur.
268 703 285 737 r
310 676 507 766 Respondet
531 676 567 745 S.
586 675 734 768 Prosper
756 677 936 747 declarans
952 679 1121 750 rationem
1144 687 1181 750 at
1204 703 1278 749 sen-

79 805 183 852 sum
203 781 418 853 delinitionis
435 782 499 853 hoc
515 783 626 854 modo:
647 785 738 877 oqui
754 785 835 854 istis
850 785 1032 872 resistunt,
1059 786 1123 858 hoc
1149 787 1280 860 sentire

80 891 331 982 apertissimo
360 892 563 982 probantur,
594 892 685 986 qaod
704 892 792 984 fider
821 919 888 962 aaa
918 897 966 960 eit
989 891 1110 961 donum
1134 896 1219 981 Dei,
1244 904 1281 968 et

83 1000 202 1091 quod
223 1002 345 1090 pratia
356 1025 423 1068 aaa
434 1005 637 1090 praeveniat
654 1002 796 1070 liberam
809 1002 1006 1085 arbitrium,
1024 1003 1082 1072 sad
1099 1013 1276 1097 sequatur,

84 1113 133 1176 et
161 1106 260 1199 quod
281 1111 401 1199 pratia
423 1107 601 1176 secundum
623 1112 747 1176 merita
770 1124 888 1178 nostra
911 1107 1053 1178 deuter.»

169 1213 250 1282 Iam
266 1237 349 1284 vero
371 1217 415 1286 ad
438 1217 601 1286 tuendam
617 1223 727 1286 totam
744 1217 833 1286 hanc
850 1216 1044 1286 doctrinam
1060 1217 1102 1287 da
1117 1219 1278 1308 gratuita

85 1322 239 1413 gratia,
264 1323 308 1392 ad
332 1345 434 1416 quam
458 1323 558 1393 unice
581 1326 756 1414 pertinere
780 1333 816 1394 et
838 1324 1068 1394 necessariam
1090 1345 1165 1394 csse
1181 1349 1278 1417 praa·

85 1430 355 1500 destinationis
378 1431 670 1522 praedicationem
694 1439 937 1522 protestantur
961 1433 1189 1523 Augustinus
1205 1436 1279 1526 ipsa

89 1545 136 1607 et
162 1539 243 1608 eius
265 1539 460 1630 discipulus
483 1540 654 1630 Prosper,
681 1542 818 1609 confert
840 1541 963 1631 ntique
987 1547 1024 1610 et
1045 1540 1278 1611 necessarium

92 1651 158 1715 est
172 1646 333 1716 confiteri
348 1647 700 1738 praedestinationem
717 1649 761 1718 ad
777 1649 929 1738 gratiam
945 1656 1049 1741 atque
1066 1651 1110 1718 ad
1126 1651 1278 1740 gratiam

95 1755 216 1824 simul
239 1763 275 1825 et
297 1755 446 1846 gloriam
462 1779 530 1824 non
547 1779 622 1825 esse
637 1780 679 1825 ex
698 1757 870 1848 praevisis
886 1758 1022 1827 meritis
1040 1759 1275 1848 naturalibus;

94 1869 143 1932 at
167 1886 253 1934 varo
277 1864 448 1956 quianon
471 1865 582 1950 videt,
609 1867 653 1935 ad
676 1865 766 1935 hanc
782 1867 1013 1955 gratuitatem
1030 1867 1168 1957 gratiae
1183 1891 1277 1938 assa·

95 1971 251 2040 rendam
274 1971 366 2040 nihil
385 1971 559 2062 pertinere
575 1973 927 2062 praedestinationem
943 1973 987 2041 ad
1004 1973 1153 2063 gloriam
1168 1976 1279 2045 nullia

96 2076 281 2168 praevisis
303 2084 340 2148 et
362 2079 553 2169 suppositis
571 2079 707 2148 meritis
724 2079 1069 2169 supernaturalibus?
1085 2081 1164 2151 Nisi
1188 2084 1279 2152 forta

98 2208 186 2254 cunr
209 2185 492 2256 Protestantibus
515 2188 621 2256 ctiam
644 2186 877 2256 necessarium
900 2185 1101 2277 putabimus
1124 2211 1278 2259 asserere

100 2293 305 2383 gratuitam
320 2293 541 2364 donationem
556 2295 691 2385 gloriae
707 2294 781 2363 sine
798 2293 946 2362 meritisl

176 2401 232 2471 3¹⁰.
257 2402 389 2470 Probat
409 2402 650 2492 Augustinus,
677 2402 841 2494 antiquos
865 2403 962 2472 verbi
987 2403 1052 2472 Dei
1067 2409 1278 2473 tractatores

103 2507 335 2599 Cyprianum,
360 2510 596 2596 Ambrosium,
622 2509 831 2600 Gregorium
854 2509 1112 2580 Nazianzenum
1135 2511 1277 2580 eandem

104 2617 461 2708 praedestinationem
485 2618 666 2704 docuisse,
699 2641 801 2710 quam
828 2618 903 2708 ipsc
927 2619 1098 2710 copiosius
1122 2619 1279 2687 defendit

106 2725 278 2795 adversus
300 2748 408 2796 novos
431 2725 636 2796 haereticos.
661 2726 762 2796 Unde
778 2727 913 2796 vero-id
928 2725 1069 2818 probat?
1085 2725 1158 2796 Hoc
1174 2726 1277 2796 unico

108 2839 336 2924 argumento,
367 2835 457 2928 quod
489 2863 504 2898 c
526 2835 723 2925 supradicti
750 2840 961 2904 tractatores
988 2833 1276 2903 excellentissimi

110 2939 260 3031 gratiam
282 2940 347 3010 Dei
371 2962 510 3026 veram,
536 2941 629 3011 sicut
658 2940 892 3032 praedicanda
915 2946 987 3024 est,
1013 2939 1273 3030 praedicarunt,

111 3049 148 3118 id
170 3054 241 3134 aab,
269 3069 372 3138 quam
395 3049 495 3116 natta
517 3052 640 3115 muita
665 3050 811 3115 hamana
828 3045 1049 3138 praecedant.
1072 3073 1087 3110 r
1116 3075 1132 3110 a
1154 3047 1274 3133 Porro,

111 3155 246 3248 inquit,
275 3156 307 3226 si
332 3155 418 3226 heac
449 3155 704 3245 (cogitationes
733 3155 857 3240 bonas,
890 3153 1109 3222 voluntatem
1139 3154 1272 3239 bonam,

112 3261 221 3347 fidam,
246 3261 553 3352 perseverantiam,
579 3261 621 3330 de
645 3260 771 3352 quibus
794 3258 992 3328 immediata
1016 3265 1098 3328 ante
1121 3259 1275 3346 dixerat)

113 3371 164 3438 ita
179 3370 288 3440 Deum
310 3376 482 3442 noverant
504 3369 600 3455 dara,
626 3375 668 3436 ut
690 3390 757 3436 non
780 3368 986 3458 ignorarent
1008 3390 1085 3436 enm
1109 3367 1274 3437 daturum

114 3499 150 3547 se
170 3500 240 3548 esse
262 3478 490 3570 praesciisse,
516 3483 553 3546 et
576 3477 702 3569 quibus
732 3477 882 3545 daturus
905 3483 997 3545 esset
1026 3467 1095 3544 non
1118 3477 1275 3567 potuisse

114 3587 254 3672 nescire,
276 3587 398 3674 procul
423 3583 524 3652 dubio
540 3598 705 3653 noceant
716 3583 1079 3673 praedestinationem,
1098 3609 1275 3676 parumper

116 3691 289 3783 Apostolos
308 3691 545 3781 praedicatam
568 3705 687 3758 contra
707 3713 808 3758 novoe
824 3691 1008 3758 hamaticae
1031 3693 1202 3780 operosius
1222 3689 1273 3754 dr·-

117 3801 340 3891 lipeatiuaqae
356 3797 600 3888 defendimusn
619 3799 660 3868 de
677 3795 773 3866 Dono
789 3819 924 3888 persev.
942 3821 978 3865 n.
993 3799 1049 3864 50.

177 3907 259 3976 (lum
282 3906 516 3976 Massilienses
540 3905 679 3998 queruli
703 3904 903 3988 obiicerent,
932 3933 948 3968 a
973 3906 1048 3968 cine
1071 3904 1133 3969 tac
1156 3901 1273 3990 defici-

121 4018 201 4082 tione
217 4013 550 4104 praedestinationis
574 4035 637 4104 per
660 4018 715 4081 tot
737 4034 845 4082 annos
869 4011 1044 4080 defensam
1067 4031 1142 4079 esse
1157 4007 1274 4079 catho-

119 4123 211 4193 licam
225 4123 328 4192 fidem
343 4129 419 4191 tum
436 4127 558 4190 contra
574 4121 662 4190 alios
678 4128 754 4190 tum
770 4119 917 4188 maxima
932 4123 1054 4187 contra
1065 4117 1274 4208 Pelagianos

121 4239 168 4300 tot
179 4229 432 4299 Catholioornm
444 4236 482 4299 et
492 4229 605 4320 ipsius
618 4228 814 4318 Augustini
828 4227 1113 4318 praecedentibus
1127 4227 1242 4311 libris,
1255 4253 1271 4290 a

124 4336 274 4429 quomodo
290 4336 515 4428 Augustinus
531 4333 671 4406 eandem
695 4333 1045 4424 praedestinationem
1069 4331 1274 4423 iampridem
