3292 5062
572 355 610 368 -
634 322 693 384 137
713 354 750 368 —

96 429 224 497 monam
236 429 544 521 coaequabimur...
563 428 685 518 procul
701 428 805 496 dubio
821 427 1021 496 universam
1038 433 1245 514 creaturam,

94 537 206 627 inqua
227 543 311 605 sunt
333 536 403 626 ipsi
427 537 671 626 principaliter
692 536 844 620 conditi,
870 538 907 604 in
937 535 1013 625 ipso
1041 536 1155 606 Verbo
1181 538 1248 607 Dei

94 643 178 730 prius
198 649 384 724 noverunt,
410 645 447 712 in
472 667 538 736 quo
562 645 838 729 santumnium,
865 644 969 712 etiam
1000 666 1088 736 quae
1118 651 1247 735 tempo·

93 749 202 818 ruliter
223 752 320 820 iacta
343 759 450 836 snut,
475 758 636 821 aeternae
660 752 855 820 rationes...
874 773 915 821 ac
950 751 1072 820 deinde
1097 753 1135 820 in
1169 753 1249 842 ipsa
1276 739 1282 748 ’

93 863 248 938 creatura,
275 879 379 947 quam
404 855 455 924 sic
478 863 652 924 noverunt
673 863 849 948 tamquam
872 857 968 924 infra
990 857 1246 947 despicientes,

92 977 217 1049 eamque
240 961 436 1028 referentes
459 959 502 1028 ad
525 960 626 1028 illius
648 959 810 1042 laudem,
836 959 875 1027 in
898 961 1000 1029 cuius
1022 961 1247 1030 incommuta·

93 1061 144 1128 bili
167 1064 316 1133 veritate
331 1066 486 1134 rationes
501 1065 688 1134 secundum
706 1086 792 1156 quas
808 1067 904 1134 facta
919 1073 983 1152 eet,
1003 1067 1248 1157 principaliter

93 1167 209 1238 uident.
230 1195 248 1230 c
269 1168 310 1237 Si
333 1177 463 1254 autem,
487 1169 605 1259 pergit
627 1169 865 1257 Augustinus,
884 1169 968 1238 haec
992 1171 1248 1260 omniaAngeli

92 1273 200 1342 vident
221 1275 330 1344 simul
353 1285 516 1366 tempore,
533 1306 550 1341 a
563 1299 626 1346 nec
641 1283 756 1346 tammr
773 1277 847 1346 aine
865 1277 996 1362 ordine,
1023 1301 1089 1370 quo
1104 1285 1251 1368 apparet
1284 1271 1288 1280 '

90 1383 242 1450 connexio
276 1384 556 1473 praecedentium
586 1384 872 1476 sequentiumque
906 1407 1103 1454 causarum.
1128 1387 1247 1478 Neque

89 1490 167 1556 euim
189 1489 347 1578 cognitio
370 1489 447 1558 fieri
481 1493 617 1580 potest,
642 1489 712 1558 nisi
744 1490 979 1579 cognoscenda
1015 1491 1244 1580 praecedant,

89 1619 165 1688 quae
192 1599 276 1665 item
307 1597 428 1687 priora
460 1604 544 1664 eunt
577 1596 614 1664 in
648 1597 785 1681 Verbo,
815 1618 877 1686 per
911 1597 1002 1686 quod
1034 1599 1130 1666 iacta
1164 1603 1248 1666 sunt

89 1706 213 1788 omnia,
239 1727 348 1797 quam,
367 1706 404 1772 in
428 1706 473 1774 iis
497 1727 585 1798 qnae
609 1708 704 1775 iacta
735 1710 820 1774 suut
850 1706 1019 1773 omnibus.
1052 1707 1149 1774 Meae
1180 1710 1248 1774 ita-

88 1838 143 1904 que
163 1817 312 1880 tamara
334 1813 434 1904 (haec
468 1820 522 1882 cst
555 1813 671 1882 illatio
705 1813 858 1903 duplicis
891 1813 983 1882 modi
1019 1813 1247 1904 cognoscendi

89 1922 185 1990 Deum
207 1945 251 1990 ex
276 1926 465 1990 memorata
487 1921 695 1990 connexione
721 1921 855 1990 ordinis
886 1923 1054 1990 creaturis
1085 1927 1123 1990 et
1154 1943 1246 1990 orea-

87 2036 203 2117 turae)
235 2033 337 2118 priua
372 2031 451 2096 daec
484 2053 572 2122 quac
592 2029 697 2118 sacta
731 2044 831 2110 curet,
861 2053 924 2118 per
953 2053 1066 2098 aeaeae
1097 2033 1248 2120 corporis

89 2137 254 2223 crepet-itur
265 2184 277 2218 ,
304 2157 481 2226 corumque
502 2138 666 2203 aetitiam
682 2159 749 2224 pro
773 2138 991 2224 infirmitatis
1004 2137 1246 2203 dumaauemo·

89 2239 158 2306 dala
180 2245 299 2331 capit,·
319 2257 352 2310 ct
375 2241 496 2309 driade
519 2245 657 2334 qaaerit
687 2266 798 2310 aarum
831 2267 968 2325 caueae,
996 2247 1029 2310 ai
1058 2269 1124 2334 qao
1151 2243 1245 2312 modo
1343 2269 1352 2284 ·

88 2351 183 2436 poerit
206 2347 253 2416 ad
268 2373 325 2416 eae
335 2353 515 2440 peruenire
529 2351 774 2439 principaliter
789 2365 822 2418 ct
838 2352 1162 2418 incommutabiliter
1169 2375 1246 2442 per·

90 2473 248 2526 uuamtce
273 2462 311 2524 ia
336 2459 441 2526 Verba
465 2460 550 2542 Dei,
576 2485 616 2526 ac
638 2462 687 2528 cic
710 2459 909 2526 inuisibilia
932 2463 1004 2525 eius
1022 2483 1086 2550 per
1105 2483 1248 2552 eaquae

86 2565 179 2650 facta
200 2582 294 2648 aaut,
313 2567 490 2634 intellecta
513 2571 712 2656 conspicere.
741 2565 836 2650 Quod
862 2572 994 2659 quanti
1018 2567 1187 2634 tarditate
1209 2591 1249 2632 ac

90 2669 292 2762 difficultate
314 2689 400 2765 apat
423 2691 455 2742 ct
478 2681 611 2768 quauta
635 2680 793 2764 temporie
826 2680 921 2742 mord
951 2690 1094 2765 propter
1129 2699 1248 2764 corpus

89 2781 313 2872 corruptibile,
340 2779 430 2871 quod
453 2797 625 2874 appronat
654 2785 803 2849 animam
818 2831 827 2862 ,
853 2786 957 2850 ctiam
991 2808 1079 2874 quac
1108 2783 1246 2871 serueu-

91 2889 206 2954 cirsiaco
239 2887 356 2955 stadia
384 2891 549 2978 rapitur,
574 2903 614 2954 ut
637 2892 809 2957 iactanter
835 2905 867 2957 et
898 2904 1153 2979 perseueranter
1188 2891 1247 2957 doc

90 3011 175 3082 apat,
198 2999 279 3088 quic
300 2997 465 3083 ignorati
486 2999 583 3066 Merra
607 3020 682 3064 cero
707 2998 866 3087 angelica
877 3021 970 3086 para
998 2999 1168 3065 charitate
1194 3000 1245 3064 ia·

92 3101 216 3172 ianam
250 3103 355 3172 Verbo
380 3105 446 3171 Dei
461 3153 471 3186 ,
493 3118 715 3196 posteaquam
742 3105 806 3170 iilo
834 3104 953 3172 ardiae
984 3120 1099 3172 creata
1129 3121 1178 3172 eet
1207 3119 1247 3170 ut

91 3212 289 3296 precederet
312 3227 442 3294 cetera,
466 3215 568 3300 priua
593 3235 633 3279 eo
650 3212 751 3280 cidit
780 3215 818 3278 ia
843 3213 947 3280 Verbo
979 3213 1046 3280 Dei
1076 3212 1250 3302 facienda
1343 3299 1350 3308 .

92 3343 180 3407 quara
204 3320 311 3407 sacta
333 3333 469 3386 aaut...
489 3343 577 3410 quae
608 3317 728 3386 itidem
749 3320 855 3408 facto
882 3321 920 3385 ia
955 3323 1003 3387 cie
1034 3321 1120 3409 iptio
1143 3322 1247 3387 etiam

93 3431 254 3514 aequarit,
281 3429 412 3494 minore
438 3430 560 3518 utique
585 3429 739 3509 notitia,
764 3450 852 3518 quae
882 3451 1019 3516 uespera
1044 3427 1139 3493 dictu
1162 3439 1242 3493 ceta

93 3531 127 3600 de
147 3535 230 3604 Gen.
247 3535 294 3603 ad
319 3533 390 3602 litt.
408 3534 433 3604 l.
453 3534 516 3604 1v.
537 3559 571 3602 n.
589 3535 646 3604 40.
663 3535 720 3603 41.
738 3535 793 3604 49.
813 3534 903 3604 Vide
926 3534 1031 3603 etiam
1057 3536 1166 3604 iocum
1190 3557 1246 3602 au·

93 3663 146 3729 pra
158 3643 301 3711 citatum
318 3665 352 3731 p.
367 3641 444 3709 110.
462 3665 503 3711 ex
521 3642 631 3712 Scrm.
651 3641 727 3710 141.
746 3643 920 3710 Distincte
936 3642 1025 3710 libro
1040 3642 1082 3710 de
1099 3663 1182 3724 vera
1194 3663 1246 3710 re·

91 3747 145 3837 lig.
161 3773 195 3818 n.
209 3751 332 3818 52-67.
352 3757 387 3818 et
403 3749 428 3818 l.
439 3749 521 3818 VH.
539 3772 575 3817 n.
593 3749 818 3818 aecensus.
834 3748 1001 3818 describit
1012 3748 1156 3838 gradus,
1171 3747 1245 3837 qui·

92 3855 145 3924 bue
166 3881 258 3927 mens
281 3857 434 3925 humana
463 3858 625 3947 pervenit
654 3857 699 3925 ad
730 3855 963 3945 intelligenda
994 3855 1246 3946 quadamtenus

90 3963 271 4034 invisibilia
293 3967 359 4035 Dei
384 3989 443 4054 per
464 3988 507 4033 ea
530 3987 617 4057 quae
641 3966 736 4032 facta
760 3972 853 4046 sunt,
872 3993 888 4028 a
904 3962 1080 4051 gradatim
1097 3984 1245 4051 acorpo·

91 4071 175 4140 ribus
196 4075 240 4144 ad
263 4073 470 4142 sentientem
494 4097 555 4163 per
579 4096 702 4164 corpus
718 4071 880 4156 animam,
895 4078 1001 4162 atque
1014 4070 1094 4138 inde
1110 4070 1154 4139 ad
1171 4069 1246 4138 eius

93 4177 275 4250 interiorem
299 4183 384 4266 vim,
410 4181 466 4250 cui
490 4205 612 4250 sensus
635 4181 788 4270 corporis
812 4179 985 4248 exteriora
1008 4177 1242 4260 annuntiant,

94 4291 124 4350 ct
142 4309 311 4379 quousque
334 4295 480 4377 possunt
505 4288 646 4370 bestiae;
663 4299 767 4378 atque
790 4286 870 4354 inde
887 4306 1014 4354 rursus
1037 4285 1082 4352 ad
1105 4283 1245 4352 ratioci-

96 4399 216 4462 nantem
240 4394 442 4486 potentiam,
461 4395 505 4462 ad
529 4416 631 4486 quam
654 4395 809 4462 refertur
825 4391 1061 4474 iudicandum,
1082 4390 1173 4482 quod
1189 4411 1245 4460 au·
