3224 5068
786 383 789 392 .
899 327 1076 388 -320-

399 439 616 529 possibilitas
640 439 731 507 boni.
751 439 845 507 Haeo
869 439 1018 530 denique
1041 438 1118 528 ipse
1145 437 1363 528 possibilitas
1388 439 1421 507 si
1436 437 1562 531 aliquod
1597 473 1598 512 3

398 549 522 615 bonnm
546 553 618 631 est,
644 547 682 616 id
709 551 821 616 totum
855 547 1014 616 dimanat
1035 568 1057 613 e
1080 546 1217 615 ratione
1247 545 1562 636 participabilitatio
1597 583 1598 586 π

397 653 478 721 boni
501 653 766 744 imparticipati,
787 654 877 746 quod
901 660 955 722 est
977 653 1131 722 essentia
1155 653 1291 723 divine.
1308 653 1477 723 Essentia
1494 675 1563 720 vero

398 767 515 830 oreeta
538 761 576 830 in
599 767 682 830 aotu
705 762 790 832 lioet
812 785 887 831 esse
910 784 978 830 non
1001 761 1125 851 possit,
1146 761 1232 853 quin
1245 761 1334 829 bone
1350 761 1402 829 sit
1424 761 1563 828 bonitate

398 868 650 959 metaphysica3
661 870 746 940 heeo
758 875 875 938 tamen
888 876 943 939 est
955 867 1280 936 bonitesoeoundum
1289 867 1388 960 quid,
1400 867 1564 959 multoque

399 977 471 1044 alia
494 977 654 1067 postulet
677 979 766 1046 bona
781 978 849 1046 sibi
868 977 1112 1048 convenientia
1137 982 1210 1045 tum
1227 977 1264 1044 in
1281 977 1404 1046 ordine
1432 976 1564 1067 physico

382 1079 470 1153 'tum
496 1086 608 1177 quoad
632 1093 812 1155 creaturas
835 1085 1094 1155 intellectuales
1116 1085 1152 1152 in
1170 1085 1291 1153 ordine
1315 1083 1455 1169 morali,
1474 1083 1564 1152 nteit

399 1194 436 1261 in
461 1216 523 1261 suo
546 1193 666 1262 ordine
695 1195 815 1260 donem
831 1193 1053 1284 simpliciter.
1074 1193 1211 1274 Quibus
1234 1193 1348 1282 igitur
1364 1215 1435 1260 non
1451 1191 1564 1259 adsunt

399 1301 641 1371 convenientia
664 1308 826 1386 naturae,
846 1301 970 1369 saltem
995 1307 1165 1393 qnantum
1190 1301 1386 1392 requiritur
1400 1299 1447 1367 ad
1462 1299 1560 1380 linem,
1597 1347 1598 1352 η

398 1409 436 1477 in
459 1409 560 1478 ouius
583 1411 801 1478 esseoutione
825 1416 880 1476 est
904 1409 1073 1478 bonitatis
1096 1409 1394 1500 complementum,
1410 1407 1562 1476 dicuntur
1597 1455 1598 1494 3

398 1518 605 1608 simpliciter
628 1520 722 1585 molo
745 1519 808 1607 (1).
826 1520 878 1588 At
901 1519 1039 1588 veroin
1065 1519 1138 1588 Deo
1154 1519 1248 1588 siout
1264 1520 1389 1586 bonum
1407 1517 1561 1586 essentiae
1597 1565 1598 1600 3

397 1625 592 1693 necessario
608 1632 690 1694 aotn
706 1632 773 1712 est,
792 1626 846 1694 ite
861 1626 952 1694 idem
972 1625 1085 1714 ipsum
1101 1627 1227 1694 bonum
1242 1625 1417 1694 essentiae
1433 1631 1487 1692 est
1499 1629 1561 1691 tota
1597 1673 1598 1710 3

399 1732 580 1802 absolutae
604 1733 773 1802 bonitatis
796 1733 900 1803 ratio.

466 1839 590 1930 Itaque
607 1845 789 1909 oreaturae
805 1841 912 1909 bonae
930 1844 1014 1909 aunt
1035 1839 1132 1909 intra
1154 1840 1307 1932 aliquem
1331 1840 1474 1908 finitum
1494 1859 1559 1928 gro·
1597 1921 1598 1926 ἵ

398 1947 479 2014 dum
503 1946 596 2014 entis
619 1953 655 2015 et
682 1947 863 2031 bonitatis,
890 1947 999 2014 bonus
1027 1949 1174 2030 animoa,
1200 1947 1310 2014 bonus
1338 1949 1482 2038 ampelos
1503 1951 1557 2012 ete.
1597 1997 1598 2035 3

398 2055 491 2122 Deus
506 2060 621 2122 eutem
639 2061 694 2124 est
708 2055 823 2145 ipsum
842 2055 967 2123 bonum
980 2055 1017 2122 in
1033 2055 1262 2124 toleratione
1278 2055 1371 2140 boni,
1386 2061 1442 2124 eat
1453 2055 1558 2122 bonum
1597 2131 1598 2141 χ

396 2161 544 2230 Bonum.
563 2162 711 2252 insuper
743 2168 925 2230 orentnreo
949 2161 985 2228 in
1010 2182 1072 2229 suo
1103 2162 1225 2230 ordine
1248 2167 1285 2229 et
1313 2161 1431 2251 gradu
1459 2160 1558 2230 debito
1597 2245 1598 2251 η

396 2269 605 2360 simpliciter
621 2271 728 2340 bonae
744 2293 811 2338 non
828 2276 924 2355 sunt,
942 2271 1012 2339 nisi
1036 2270 1191 2339 bonitate
1206 2270 1432 2357 aeoidentali3
1449 2276 1484 2338 et
1496 2269 1556 2338 ideo
1597 2351 1598 2356 ἵ

397 2399 465 2446 non
482 2385 566 2446 sunt
581 2377 695 2467 ipsum
711 2378 850 2446 bonum:
868 2379 963 2447 Deua
979 2383 1095 2448 autem
1110 2379 1211 2446 nulla
1225 2379 1409 2448 eooidente
1422 2377 1556 2446 bonitate

399 2487 507 2555 bonus
523 2509 597 2556 essa
613 2491 746 2576 potest,
765 2487 848 2578 quie
865 2487 1101 2556 essentialiter
1116 2493 1170 2558 eet
1193 2489 1306 2578 ipsum
1334 2489 1463 2556 bonum
1478 2486 1555 2554 abeo·

396 2597 524 2666 lutum.
538 2597 606 2665 Est
620 2596 705 2666 heeo
721 2595 880 2666 doetrina
899 2596 1118 2666 lucidissima
1131 2597 1168 2666 S.
1182 2597 1382 2687 Augustini
1397 2603 1471 2666 tum
1487 2592 1555 2662 looio

397 2704 491 2788 aliis,
506 2712 581 2772 tum
594 2704 619 2772 l.
635 2704 736 2774 VIII.
754 2729 783 2774 o.
796 2705 830 2772 3.
845 2728 880 2773 n.
895 2705 928 2773 4.
945 2706 978 2772 5.
994 2705 1035 2773 de
1048 2705 1149 2774 Trin.
1164 2705 1352 2797 Postquam
1369 2707 1459 2774 bona
1474 2702 1555 2772 veria

395 2813 627 2882 enumeravit:
649 2841 665 2878 o
685 2814 809 2881 bonum
833 2813 897 2882 hoo
920 2820 956 2882 et
980 2815 1111 2890 honum.
1132 2814 1235 2898 illud,
1253 2813 1383 2906 inquit,
1402 2812 1484 2882 tollo
1504 2810 1554 2876 hoo

395 2927 432 2988 et
453 2919 556 3004 illud,
582 2927 618 2989 et
642 2921 722 2990 vide
746 2921 858 3012 ipsum
883 2923 1019 3006 bonum,
1047 2921 1078 2990 si
1101 2928 1211 3012 potes.
1230 2921 1289 2990 Ite
1311 2922 1426 2990 Deum
1441 2915 1554 2988 videbis
1597 2965 1598 3004 ,

395 3050 463 3097 non
487 3027 558 3096 elio
582 3029 668 3096 bono
692 3029 835 3114 bonum,
862 3029 922 3097 sed
946 3030 1072 3098 bonum
1100 3027 1211 3096 omnis
1235 3028 1371 3096 boni...
1393 3026 1484 3111 Quid
1504 3023 1554 3090 hoo

395 3135 465 3204 nisi
480 3135 593 3204 Deus?
605 3137 682 3206 Non
698 3137 808 3206 bonus
824 3137 974 3222 enimus,
989 3141 1053 3204 aut
1068 3137 1178 3206 bonus
1193 3136 1352 3227 angelus,
1367 3141 1433 3205 ent
1449 3136 1553 3202 bonon

396 3241 551 3328 eoelum,
582 3243 642 3312 sed
677 3244 802 3312 bonum
832 3243 979 3312 Bonum.
998 3241 1083 3311 Cum
1113 3242 1204 3310 enim
1235 3242 1341 3311 audio
1371 3267 1409 3312 v.
1428 3268 1462 3332 g.
1480 3234 1551 3331 qood

395 3349 527 3420 dieitur
543 3353 652 3421 bonus
669 3351 819 3436 animus,
839 3351 932 3420 siout
947 3351 1014 3420 duo
1030 3351 1137 3420 verbe
1152 3357 1247 3435 sunt,
1266 3351 1372 3418 itaer
1388 3351 1442 3418 eie
1456 3344 1551 3418 verbis

395 3457 463 3526 duo
488 3459 654 3549 quaedam
684 3459 865 3548 intellig03
892 3459 990 3528 aliud
1014 3483 1082 3552 quo
1114 3460 1251 3527 enimus
1275 3465 1348 3542 est,
1374 3457 1471 3526 aliud
1499 3471 1551 3544 quo

395 3567 504 3634 bonus
527 3573 637 3635 est...
658 3591 725 3635 non
750 3567 834 3659 quie
856 3567 893 3635 id
917 3567 1031 3657 ipsum
1055 3590 1122 3659 quo
1154 3567 1293 3635 animus
1316 3573 1391 3652 eet,
1419 3589 1483 3635 non
1509 3566 1550 3628 est

394 3674 529 3766 aliquid
566 3673 703 3743 boni...
724 3675 782 3744 sed
817 3675 895 3744 ideo
927 3675 1078 3744 nondum
1109 3675 1242 3744 dieitur
1278 3677 1386 3744 bonus
1420 3673 1547 3750 animus,

392 3781 551 3872 quoniam
585 3789 697 3852 restet
719 3784 752 3852 ei
775 3783 868 3852 aetio
892 3784 1114 3868 voluntatis„
1141 3805 1211 3875 que
1243 3783 1292 3850 sit
1320 3778 1546 3872 praestantior

388 3891 537 3982 quamsi
553 3891 762 3980 neglexerit,
779 3893 856 3962 iure
872 3893 1036 3982 culpatur
1050 3897 1213 3984 reeteque
1233 3890 1365 3960 dieitur
1377 3913 1446 3958 non
1461 3891 1548 3956 bonos

392 3996 571 4066 animus...
586 3997 672 4066 Cum
689 3999 809 4090 itaque
824 3999 926 4068 audis
941 4000 1066 4067 bonum
1082 3998 1147 4067 hoo
1166 3997 1343 4067 ethorum
1360 3996 1462 4080 illud,
1478 4009 1546 4082 quot

456 4157 498 4230 (1)
517 4160 674 4216 Secundum
694 4164 745 4217 hoo
765 4164 937 4232 principium
956 4165 1087 4230 intelligi
1107 4167 1136 4217 et
1155 4164 1297 4230 restringi
1317 4163 1402 4216 debet
1420 4161 1553 4224 vulgator⁴

392 4251 520 4306 axioma:
542 4254 645 4306 bonnm
664 4270 698 4307 ex
720 4256 836 4322 integra
854 4271 954 4322 eausa,
976 4256 1081 4308 malum
1101 4269 1136 4308 ex
1156 4255 1281 4320 singulis
1302 4244 1543 4307 durocortorum

393 4357 459 4407 pree
479 4343 534 4396 line
551 4345 653 4398 ultimo
672 4345 748 4399 nihil
767 4349 812 4399 est
832 4347 935 4399 melum
956 4345 1128 4413 simplieiter
1147 4345 1340 4398 uisitatione
1360 4343 1474 4412 peoosti,
1491 4345 1542 4406 pul

391 4431 497 4485 finibus
517 4433 657 4500 proximis
677 4434 708 4487 in
728 4450 758 4488 se
777 4435 916 4503 spectetis
936 4438 1059 4503 possunt
1077 4449 1140 4488 esse
1159 4437 1189 4488 et
1208 4437 1277 4488 eunt
1296 4435 1355 4488 elie
1368 4435 1444 4489 mals
1460 4427 1539 4484 moltt·
