3394 5056
932 355 970 370 ..
993 324 1032 384 54
1054 355 1092 368 -

428 433 539 500 curali
562 431 749 498 dictamine
771 431 940 520 scalptam
961 431 1126 521 gerebant
1141 431 1179 495 ia
1191 443 1312 514 moute,
1326 427 1443 498 nihilo
1458 428 1609 520 segnius

425 538 650 612 servaverint
672 560 774 628 qnam
790 538 913 607 Iudaei
929 537 1041 622 illam,
1062 558 1165 629 quam
1180 544 1383 628 receperant
1405 558 1609 628 expressam

427 651 464 720 in
486 647 631 719 tabulis.
657 647 724 714 Ait
746 669 842 735 ergo,
868 646 959 738 quod
975 670 1053 716 cum
1070 653 1205 736 gentes,
1228 668 1316 737 quae
1331 645 1444 734 legem
1459 667 1530 713 non
1545 645 1610 712 ha.

427 761 510 828 bont
531 777 594 847 per
617 754 809 824 sensorium
833 755 994 824 auditum
1017 755 1153 826 seilicet
1176 777 1198 823 a
1218 755 1303 839 Deo,
1329 774 1399 845 qna
1421 753 1464 822 do
1496 775 1610 822 causa

426 890 449 936 a
470 864 612 934 Iudaeis
634 862 774 952 exleges
798 863 1039 948 censebantur,
1065 863 1280 933 naturaliter
1303 883 1391 954 quae
1414 861 1506 950 legis
1520 867 1611 930 sunt

426 973 576 1056 iaciunt,
602 995 670 1040 non
693 971 760 1039 illa
780 971 963 1061 intelligas
986 971 1077 1061 legis
1100 993 1204 1062 opera
1235 994 1295 1040 seu
1326 969 1511 1041 iudicialis
1542 992 1609 1038 sau

426 1079 689 1163 cerimonialia,
716 1100 803 1170 quae
837 1099 942 1168 super
964 1085 1127 1148 naturam
1150 1079 1245 1146 Deua
1267 1077 1324 1146 illi
1347 1076 1475 1168 populo
1499 1098 1609 1166 pecu-

425 1190 565 1258 liariter
598 1187 860 1257 revelaverat...
894 1187 953 1256 sed
986 1193 1170 1278 praecepta
1192 1187 1355 1277 intellige
1378 1185 1539 1275 decalogi
1563 1209 1608 1255 aa

426 1297 571 1368 moralia
593 1295 741 1387 reliqua,
768 1296 891 1385 quibua
913 1297 1109 1362 uuiversum
1133 1297 1314 1362 humanum
1336 1318 1444 1384 praua
1473 1308 1608 1360 actura

426 1413 504 1496 ipsa
521 1421 591 1472 tam
607 1407 765 1472 instituit
783 1419 853 1470 tam
870 1407 974 1472 etium
987 1405 1171 1495 obligavit.
1190 1403 1274 1487 Qui,
1293 1403 1421 1495 inquit,
1440 1401 1526 1471 haec
1542 1423 1607 1469 na·

426 1514 593 1586 turalitar
617 1513 764 1596 faciunt,
791 1512 861 1602 ipsi
885 1513 951 1581 sibi
975 1519 1061 1582 sunt
1082 1513 1151 1597 lex,
1178 1511 1215 1580 id
1238 1517 1294 1580 est
1316 1511 1493 1600 inscipit
1514 1513 1608 1576 cias·

425 1622 518 1692 modi
539 1635 665 1712 gerunt
688 1623 886 1708 impressam
910 1622 1030 1711 tcpem5
1054 1645 1156 1712 quum
1180 1621 1288 1710 tapam
1311 1621 1381 1686 iam
1398 1618 1538 1708 pridem
1549 1618 1606 1686 di·

425 1745 525 1800 xerat
549 1735 594 1818 (o.
623 1729 653 1798 I.
683 1729 793 1797 huius
814 1729 999 1819 epistolae)
1022 1755 1045 1796 o
1068 1730 1138 1797 Deo
1163 1728 1240 1795 illia
1256 1751 1390 1819 quoque
1414 1727 1606 1794 revelatam

424 1863 487 1930 per
510 1862 562 1919 ec,
588 1859 676 1929 qaae
693 1838 799 1926 facta
821 1850 914 1914 aaut,
939 1859 983 1906 ne
1005 1837 1128 1906 Iudaei
1147 1837 1381 1928 superbirent,
1399 1834 1490 1926 quod
1503 1857 1604 1924 praa·

425 1955 481 2018 ter
503 1967 601 2016 snam
623 1944 724 2014 nulla
747 1937 838 2014 esset
860 1943 932 2014 alia
955 1944 1012 2013 lex
1029 1945 1203 2014 divinitus
1220 1943 1387 2031 revelata,
1405 1944 1551 2012 tametsi
1567 1949 1606 2012 et

425 2057 511 2124 haec
534 2075 669 2147 quoqne
684 2051 832 2122 moralia
846 2051 1046 2143 expressius
1061 2053 1203 2122 Iudaeis
1219 2075 1281 2143 per
1297 2052 1409 2142 legem
1431 2050 1603 2141 arripiam

426 2161 665 2232 illustraverit
688 2160 790 2252 quum
812 2161 971 2249 pentibus
992 2183 1055 2250 per
1079 2161 1190 2228 lumea
1202 2174 1361 2228 naturae.
1376 2161 1432 2228 At
1443 2181 1529 2228 vero
1546 2181 1604 2226 aa·

425 2267 533 2338 sertio
556 2267 641 2336 haee
664 2265 767 2335 Pauli
782 2267 984 2356 scrupulum
1008 2266 1089 2336 inde
1112 2267 1228 2350 offert,
1255 2266 1346 2358 quod
1369 2265 1509 2335 fautrix
1526 2288 1602 2334 esse

425 2377 568 2446 videtur
592 2373 860 2464 Pelagianornm
884 2373 1093 2458 docentium,
1119 2395 1219 2464 posse
1242 2373 1382 2464 impleri
1403 2374 1446 2440 ab
1461 2372 1603 2442 homine

425 2483 639 2554 naturaliter
662 2480 828 2550 mandata
844 2480 947 2570 legis.
965 2481 1069 2550 Hunc
1083 2481 1285 2570 scrupulum
1302 2503 1485 2571 possumus
1501 2481 1602 2550 nobis

424 2594 626 2682 abstergere
649 2590 816 2674 dicentes,
842 2589 879 2658 id
902 2589 1014 2659 solum
1037 2589 1096 2658 hic
1118 2589 1301 2660 adstruere
1324 2589 1488 2674 Paulum,
1508 2591 1600 2682 quod

424 2701 536 2794 possit
558 2697 772 2770 naturaliter
794 2700 894 2766 homo
916 2698 1028 2788 legem
1061 2697 1226 2789 implere,
1252 2705 1421 2790 quantum
1450 2699 1495 2767 ad
1520 2699 1600 2768 sub·

424 2808 591 2878 stantiam
607 2829 762 2898 operum,
776 2827 864 2897 quae
880 2807 954 2876 sint
969 2805 1148 2876 moraliter
1164 2809 1263 2894 bona3
1279 2829 1347 2876 non
1359 2813 1475 2876 tamen
1491 2829 1600 2898 quan·

424 2923 499 2987 tum
522 2915 565 2986 ad
590 2913 816 2984 intentionem
839 2913 1110 3004 praecipientis,
1136 2921 1178 2983 ut
1201 2915 1274 2984 sint
1297 2937 1413 2985 coram
1434 2915 1507 2983 Deo
1532 2939 1601 2984 me·

423 3023 569 3094 ritoria:
595 3021 685 3090 illud
708 3021 800 3089 enim
824 3021 919 3088 vires
941 3043 1009 3088 non
1027 3029 1181 3112 superat,
1201 3028 1306 3112 prout
1318 3022 1344 3090 l.
1362 3021 1393 3089 I.
1413 3021 1455 3090 de
1470 3029 1546 3090 nat.
1564 3031 1601 3092 et

424 3137 517 3224 grat.
534 3130 806 3220 disputavimus,
825 3129 885 3196 ubi
901 3127 1006 3196 etiam
1022 3129 1284 3214 enarravimus,
1313 3129 1600 3222 quemadmodum

423 3238 529 3330 primi
552 3243 714 3328 parentes
737 3243 866 3307 natura
888 3239 1029 3328 integra
1053 3245 1216 3328 poterant
1225 3238 1439 3309 naturaliter
1450 3238 1599 3328 implere

425 3351 610 3438 praecepta
643 3345 759 3414 omnia
794 3345 907 3436 quoad
942 3347 1175 3416 substantiam
1198 3347 1336 3438 operis,
1363 3369 1426 3414 noe
1449 3368 1534 3416 varo
1558 3349 1598 3415 in

422 3459 551 3524 natura
574 3453 675 3542 lapsa
697 3475 765 3520 non
783 3453 898 3521 omnia
921 3453 981 3524 sad
1010 3461 1127 3523 tamen
1157 3455 1306 3548 aliqua,
1331 3454 1417 3524 lieet
1444 3457 1516 3520 tam
1540 3454 1599 3522 illi

423 3583 526 3654 quam
549 3583 612 3628 nos
636 3559 817 3651 nequimus
841 3561 969 3652 absque
993 3563 1112 3650 gratia
1136 3562 1247 3630 ullum
1271 3561 1449 3632 meritorie
1472 3560 1596 3650 imple-

424 3691 472 3738 re.
498 3669 546 3738 Et
569 3668 700 3740 ideireo
723 3691 791 3737 non
814 3669 867 3737 ait
890 3668 970 3754 hle,
997 3675 1119 3758 gentes
1142 3671 1356 3740 naturaliter
1384 3673 1510 3758 omnia,
1537 3675 1598 3744 sed

422 3778 543 3870 aliqua
566 3799 653 3870 quae
676 3777 767 3868 legis
790 3783 887 3863 sunt,
906 3779 1034 3848 facere.
1054 3779 1154 3850 Hanc
1170 3779 1328 3874 equidem
1344 3782 1597 3872 expositionem

422 3886 506 3954 adeo
529 3887 683 3955 arbitror
705 3907 773 3954 uon
797 3887 1058 3977 reprobandam,
1085 3895 1127 3956 ut
1142 3909 1224 3957 sane
1248 3888 1465 3958 intellectam
1480 3913 1597 3962 naues·

422 3993 548 4062 sariam
571 3993 778 4062 existimem.
800 4019 816 4056 r
834 3994 965 4062 Adfert
978 3992 1100 4063 deinde
1117 3993 1223 4063 Sotus
1239 3995 1413 4086 duplicem
1426 3996 1597 4088 interpre-

421 4101 589 4171 tationem
613 4101 820 4192 Augustini,
847 4103 888 4172 de
912 4124 982 4194 qua
1005 4101 1110 4193 paulo
1133 4109 1213 4193 post
1228 4103 1396 4189 dicemus,
1414 4109 1505 4174 etex
1522 4105 1596 4173 Au·

421 4209 565 4300 guatino
588 4209 803 4301 desumptam
827 4209 1000 4300 duplicem
1024 4211 1159 4301 pariter
1182 4211 1220 4280 S.
1247 4211 1421 4295 Thomna,
1447 4234 1595 4304 quarum

421 4337 492 4385 una
514 4315 614 4400 dicit,
640 4339 828 4386 sermonem
844 4339 918 4386 esse
933 4317 1101 4409 Apostolo
1118 4319 1160 4390 de
1175 4320 1398 4390 exsecutione
1412 4319 1516 4410 legis,
1536 4322 1594 4391 sed

420 4431 584 4495 naturam
607 4423 763 4516 intelligi
787 4433 985 4518 reparatam
1008 4449 1069 4518 per
1092 4429 1257 4519 gratiam:
1279 4428 1394 4500 altera
1409 4437 1527 4500 autam
1542 4433 1593 4500 al·
