3280 5070
576 381 612 394 ..
634 348 694 408 553
716 383 753 396 -

67 450 272 538 reprobatio
295 455 471 542 negativa,
497 452 581 545 quia
596 453 736 524 admitti
753 454 852 524 debet
868 457 1064 524 antecedens
1086 460 1247 527 colantes

68 557 201 624 salatia
226 562 372 626 omnium
397 560 577 628 bominum.

142 665 188 732 3⁰.
214 665 349 736 Docent
372 667 435 736 isti
465 666 641 757 theologi,
667 669 777 738 Deum
801 691 886 758 erga
918 669 1093 756 homines,
1120 673 1246 764 quibus

65 773 298 843 antecedente
310 775 493 844 voluntate
504 776 651 865 negavit
663 777 1013 865 praedestinationem
1026 778 1069 846 ad
1082 779 1243 868 gloriam,

64 903 137 947 non
166 881 304 971 quidem
328 884 390 952 uti
407 883 548 974 speciali
571 883 805 972 providentia,
825 905 912 976 quae
928 892 983 954 est
998 887 1139 976 propria
1162 887 1247 956 solis

64 988 315 1057 antecedenter
338 989 629 1078 praedestinatis;
654 1012 722 1058 non
746 997 861 1060 tamen
884 991 935 1060 eis
958 1014 1086 1081 negare
1109 993 1246 1082 gratias

66 1095 297 1181 sufficientes,
324 1097 449 1188 quibus
472 1099 608 1189 possint
631 1099 746 1167 vitare
768 1098 896 1166 malum
920 1106 1082 1189 stagera
1107 1102 1244 1188 bonum;

67 1203 167 1292 quod
179 1204 310 1272 veroid
322 1227 389 1272 non
401 1212 525 1294 agunt,
539 1207 693 1296 ipsorum
706 1207 809 1296 culpa
821 1212 885 1275 est.
898 1206 955 1274 Ita
968 1207 1104 1298 quidem
1118 1207 1246 1277 Sueten

66 1317 104 1377 et
128 1311 209 1379 eius
233 1311 417 1402 discipuli;
444 1336 524 1382 nam
555 1315 708 1383 Alvarea
741 1313 844 1404 (disp.
865 1312 961 1400 113.)
988 1313 1119 1406 aliique
1142 1315 1247 1382 etiam

68 1419 213 1505 gratias
225 1420 435 1490 sufficientes
451 1421 596 1490 consilio
609 1422 729 1492 divino
744 1427 826 1490 ante
838 1420 1090 1510 praevisionem
1105 1427 1246 1490 actuum

67 1525 262 1595 liberorum
285 1527 436 1620 adeoque
459 1527 652 1612 voluntate,
679 1551 781 1620 quam
804 1527 952 1596 dicimus
975 1528 1242 1613 antecedentem,

66 1632 197 1701 multis
215 1635 338 1723 negari
349 1637 562 1704 existimant.
578 1635 630 1704 At
645 1658 727 1705 vero
740 1634 912 1726 quidquid
929 1635 1049 1704 dicant
1062 1635 1103 1704 de
1116 1635 1247 1724 gratiis

67 1741 338 1826 sufficientibus,
357 1743 499 1812 videtur
515 1742 848 1826 manifestissimum,
867 1741 1048 1831 supposita
1063 1742 1128 1810 illa
1151 1751 1246 1810 ante·

70 1849 216 1918 cedente
239 1851 392 1941 positiva
414 1850 599 1941 negatione
622 1851 801 1920 electionis
817 1851 861 1918 ad
878 1850 1039 1940 gloriam,
1065 1851 1176 1918 Deum
1192 1850 1247 1918 de-

70 1955 149 2022 bere
167 1955 237 2024 sibi
253 1978 402 2046 suaeque
425 1957 636 2026 immutabili
660 1956 900 2040 destinationi,
927 1963 969 2024 ut
991 1957 1184 2046 provideat,
1203 1979 1246 2024 ne

70 2063 258 2154 quisquam
269 2064 394 2133 horum
406 2065 443 2132 iu
458 2088 639 2133 numerum
651 2063 896 2132 salvandorum
910 2063 1144 2152 ingrediatur.
1162 2061 1247 2131 Cum

69 2167 188 2256 igitur
212 2169 277 2237 illa
298 2171 570 2260 praedestinatio
594 2178 629 2239 et
652 2170 819 2260 negativa
841 2169 1039 2258 reprobatio
1066 2169 1248 2238 antecedat

70 2298 170 2344 omne
195 2277 369 2346 decretum
387 2279 428 2348 de
444 2278 640 2367 gratiarum
664 2277 923 2360 distributione,
942 2274 1026 2344 haec
1044 2277 1247 2345 distributio

69 2403 156 2471 erga
179 2406 249 2451 non
272 2385 436 2454 electosa
462 2387 534 2454 Deo
557 2385 753 2454 necessario
776 2384 829 2452 ita
844 2383 1005 2452 iacienda
1027 2391 1093 2467 est,
1114 2389 1155 2450 ut
1169 2383 1246 2450 nul-

71 2489 138 2557 lam
174 2491 328 2580 cuipiam
358 2516 474 2561 eorum
498 2493 649 2583 gratiam
680 2491 863 2574 concedat,
889 2511 1036 2580 quacum
1066 2490 1249 2580 praevidet

72 2597 294 2666 coniunctam
311 2599 385 2667 fore
399 2599 695 2688 perseverantiam
711 2597 862 2665 finalem.
883 2595 965 2686 Ipsa
982 2595 1095 2686 igitur
1111 2594 1247 2685 praevi-

72 2704 133 2789 sio,
154 2705 247 2796 quod
261 2705 370 2773 elicui
386 2705 523 2794 gratiae
538 2705 638 2773 homo
661 2709 904 2794 cooperaretur
921 2704 966 2771 ad
983 2703 1121 2771 finalem
1138 2723 1247 2790 usque

72 2812 380 2898 perseverantiam,
399 2813 437 2881 vi
459 2812 559 2880 illius
573 2811 827 2902 reprobationis
854 2813 1039 2899 negativae
1063 2816 1154 2878 esset
1175 2810 1247 2876 Deo

72 2919 163 2987 ratio
190 2942 257 2987 non
280 2921 378 2988 modo
402 2920 575 2989 sufficiens
606 2919 666 2988 sed
689 2917 905 3001 necessaria,
932 2925 974 2986 ut
996 2939 1071 2985 eam
1095 2916 1247 3004 gratiam

75 3027 234 3094 omnibus
255 3027 331 3095 illis
354 3027 551 3096 hominibus
574 3034 731 3116 negaret.
752 3025 870 3117 licque
894 3047 976 3094 vero
1000 3023 1057 3091 illi
1082 3023 1248 3092 Doctores

73 3131 114 3198 ab
138 3134 207 3202 hac
230 3134 430 3203 inevitabili
453 3134 699 3226 consequentia
726 3132 924 3200 abhorrent.
943 3131 1149 3200 Audientur
1164 3131 1245 3221 ipsi.

77 3237 243 3306 «Electio
265 3240 310 3307 ad
334 3240 436 3309 finem
462 3247 516 3309 est
531 3239 622 3308 ratio
639 3239 745 3308 dandi
772 3239 885 3307 media
900 3237 1052 3306 efficacia
1068 3259 1128 3305 seu
1142 3236 1247 3304 intel-

75 3342 191 3412 libilia
213 3347 257 3415 ad
280 3345 394 3432 illum;
412 3370 496 3436 ergo
519 3346 660 3436 negatio
684 3346 918 3432 (antecedens)
946 3344 1046 3412 illius
1069 3343 1248 3412 electionis
1282 3377 1283 3380 ¹

76 3453 141 3520 erit
165 3475 229 3521 suo
252 3453 351 3522 modo
375 3455 467 3522 ratio
483 3477 550 3521 non
568 3453 675 3522 dandi
691 3453 803 3522 media
819 3473 974 3540 congrua
989 3458 1025 3520 et
1040 3449 1249 3518 infallibilia

77 3557 117 3624 ed
133 3559 236 3628 illum
259 3561 361 3629 finem
385 3561 674 3652 consequendum
692 3582 802 3652 neque
825 3559 863 3626 in
885 3559 950 3628 hoc
974 3563 1134 3648 superest
1157 3578 1248 3627 nova

77 3665 288 3736 difficultas„
308 3667 438 3736 Suaren
451 3668 526 3737 LV.
542 3692 571 3737 c.
589 3669 621 3736 7.
633 3693 668 3737 u.
684 3667 870 3736 14.Verbis
886 3665 1104 3736 crudissimis
1119 3665 1249 3733 asserit

79 3772 231 3844 Gonetus
254 3775 345 3866 disp.
363 3777 408 3844 V.
426 3801 461 3844 n.
481 3775 535 3843 37.
553 3776 609 3860 38,
628 3777 738 3844 Deum
755 3775 854 3864 prius
879 3773 1059 3842 intendere
1083 3777 1124 3838 ut
1146 3771 1248 3838 finem

79 3879 298 3964 reclusionem
321 3903 342 3944 a
364 3879 482 3969 gloria
498 3895 649 3962 octana,
665 3878 797 3946 atinde
813 3876 1016 3946 utmediam
1033 3873 1079 3940 ad
1095 3874 1245 3939 obtinea-

80 3981 151 4050 dam
175 3988 279 4052 istam
295 3989 399 4074 finem
417 3989 631 4075 propositum
661 3984 841 4053 intendere
868 3982 1085 4072 negationem
1111 3979 1265 4069 gratiae'

80 4089 221 4161 efficacis
244 4099 280 4161 et
302 4091 563 4182 permissionem
586 4092 720 4183 peccati
743 4111 932 4180 numquam
954 4087 1157 4157 remittendi
1182 4085 1244 4173 (1).

139 4249 181 4327 (1)
201 4275 215 4302 a
231 4255 440 4336 Principaliter
456 4256 604 4321 arguitur:
625 4251 693 4308 finis
713 4254 794 4322 prius
814 4257 859 4306 est
877 4253 1009 4305 intentus
1029 4267 1114 4318 qnam
1138 4247 1245 4312 media,

84 4343 157 4394 etex
174 4345 339 4397 intentione
357 4345 424 4398 finis
444 4359 531 4410 egeus
545 4345 745 4398 intellectuale
758 4345 889 4397 moretur
903 4341 938 4394 ad
958 4343 1124 4395 electionem
1143 4337 1246 4391 medlo-

85 4441 184 4484 ruu...
200 4433 249 4485 sed
263 4433 335 4497 ficte
354 4451 372 4484 a
391 4435 449 4485 Deo
468 4434 645 4485 internecio
665 4431 865 4499 reprobatione
886 4433 931 4484 est
951 4430 1094 4481 secludere
1118 4427 1248 4492 reprobor
