3230 5072
526 389 564 402 -
586 357 645 418 405
668 390 705 402 -

52 460 192 528 Ceterum
209 459 240 528 si
256 461 298 529 de
321 461 533 552 perfectione
555 463 690 553 agitur,
709 463 746 531 in
763 485 831 555 qua
849 464 922 532 sola
946 462 1122 556 possibilis
1138 473 1203 550 est,

52 567 137 634 inmo
157 589 227 634 non
250 567 428 656 possibilis
444 568 503 637 sed
526 569 733 654 necessaria,
753 570 911 638 infinitas
935 572 1083 662 proprie
1096 571 1203 656 dicta,

50 672 209 742 infinitum
226 695 247 741 a
263 673 364 744 finito
379 698 447 744 non
464 677 578 766 gradu
600 676 722 746 differt
739 677 798 746 aad
813 683 889 746 tota
904 679 1097 747 intrinseca
1114 677 1206 746 entis

49 778 180 848 ratione.
209 777 306 849 Unde
329 781 423 850 sicut
444 787 630 872 repugnat,
649 787 691 850 ut
705 805 748 851 ex
771 783 897 874 quavis
921 785 1120 875 quantitate
1144 790 1208 852 ant

49 887 206 978 qualitate
222 910 251 956 e.
266 913 303 979 g.
320 889 477 980 lapidum
500 895 670 980 exsurgat
692 890 852 981 spiritus;
879 890 931 959 ita
954 898 1139 980 repugnat,
1166 898 1208 960 nt

48 1017 82 1063 ax
103 995 214 1066 finitis
239 1019 398 1088 umquam
422 1003 593 1087 exsurgat
614 998 803 1068 infinitum.

493 1237 637 1298 THESIS
659 1238 774 1316 XLII„

156 1363 333 1423 Praecidet
355 1361 439 1423 Deae
460 1380 568 1424 omnes
589 1373 680 1424 acics
702 1367 816 1424 liberos
837 1373 1075 1425 creaturarum.

106 1532 259 1588 abutentia
276 1536 400 1590 visionis
424 1537 501 1590 Deus
520 1538 551 1589 in
580 1552 633 1590 sua
658 1539 832 1591 aeternitate
855 1538 987 1592 intuetur
1012 1539 1098 1592 etiam
1127 1542 1207 1592 actus

50 1637 164 1677 somnes
182 1625 291 1678 liberos
310 1629 506 1679 creaturarum
520 1641 569 1693 pro
584 1628 687 1694 quavis
703 1628 839 1694 temporis
859 1627 1025 1682 differentia
1037 1629 1206 1682 existentes.

50 1713 174 1767 allorum
199 1719 295 1768 tamen
320 1717 477 1769 existentia
500 1717 659 1770 ascientia
680 1718 804 1771 visionis
830 1722 972 1790 tamquam
1000 1735 1017 1771 a
1042 1733 1127 1772 causa
1151 1733 1207 1770 uon

49 1803 185 1871 spendetj
207 1804 257 1858 sed
275 1806 359 1858 immo
379 1807 536 1860 existentia
555 1808 586 1859 in
607 1811 733 1874 tempore
753 1823 804 1877 per
824 1809 943 1862 liberam
969 1813 1080 1862 creatae
1106 1809 1204 1861 volun·

49 1893 139 1945 etatis
164 1893 430 1948 determinationem
451 1901 494 1949 eet
513 1895 657 1962 conditio,
679 1897 741 1949 sine
761 1912 818 1964 qua
836 1897 883 1948 illi
903 1902 983 1951 actus
1009 1913 1065 1950 non
1092 1899 1209 1964 possent

50 1997 129 2036 resse
146 1983 288 2038 obiectum
307 1985 445 2039 scientiae
465 1985 599 2039 visionis.
613 2007 625 2034 a

104 2179 133 2248 Ι.
157 2180 414 2252 Perieotissime
430 2183 500 2251 Deo
525 2183 666 2272 cognita
692 2205 766 2251 esse
794 2183 918 2250 futura
941 2181 1046 2250 etiam
1069 2181 1203 2264 libere,

47 2291 77 2372 c)
88 2286 288 2380 Scripturae
301 2291 485 2359 universae
497 2290 736 2358 demonstrant
747 2295 954 2378 argumento
968 2289 1069 2358 reali.
1085 2289 1206 2357 «Prae-

48 2394 182 2464 soieutia
205 2397 296 2464 enim
318 2397 383 2466 Dei
406 2403 461 2466 tot
483 2396 589 2466 habet
610 2402 737 2482 testes,
764 2402 849 2488 quot
873 2396 960 2464 fecit
982 2395 1204 2486 prophetase

48 2500 187 2572 'lertull
202 2508 313 2573 contr.
332 2503 440 2610 blara.
459 2504 509 2572 H.
528 2505 561 2573 5.
586 2503 685 2574 Unde
708 2503 800 2572 nihil
824 2526 909 2594 opus
932 2509 1024 2572 esset
1046 2501 1082 2569 iu
1112 2501 1207 2572 theo-

48 2607 132 2699 logia
153 2612 196 2681 ad
221 2611 327 2682 huius
351 2611 517 2682 veritatis
541 2613 834 2682 confirmationem
866 2610 1105 2701 singularibus
1130 2633 1206 2700 pro-

48 2717 246 2806 bationibus,
266 2743 344 2790 cum
366 2719 489 2791 divina
513 2720 598 2790 haec
621 2720 853 2813 praescientia
868 2720 906 2788 in
921 2719 1088 2788 universa
1112 2740 1205 2788 reve·

47 2823 164 2897 latione
185 2833 362 2920 tamquam
385 2851 492 2898 unum
514 2852 556 2898 ex
581 2829 818 2899 fundamentis
842 2833 982 2898 nostrae
1004 2827 1086 2896 fidei
1109 2849 1206 2918 prae·

48 2942 262 3027 supponatur.
288 2935 391 3007 Sicut
421 2937 511 3006 enim
542 2959 604 3028 per
634 2937 918 3028 omnipotentiam
941 2936 979 3004 in
1002 2935 1204 3022 miraculis,

48 3043 90 3112 ita
109 3068 169 3138 per
192 3045 457 3137 praescientiam
487 3046 523 3115 in
548 3045 741 3138 prophetiis
772 3047 970 3115 futurorum
1001 3043 1206 3113 nominatim

48 3173 162 3241 eorum,
181 3177 270 3248 quae
286 3177 308 3223 a
325 3161 443 3225 creata
466 3154 578 3225 libera
601 3154 784 3224 voluntate
795 3155 961 3246 pendent,
983 3153 1099 3224 voluit
1112 3153 1206 3221 Deus

49 3263 198 3348 praebere
220 3271 438 3354 argumenta,
457 3264 583 3356 quihus
605 3264 716 3333 totius
739 3263 966 3332 revelationis
989 3261 1207 3332 credibilitas

49 3369 251 3452 potissimum
274 3370 461 3440 niteretur.
487 3370 578 3440 Hinc
608 3370 683 3460 ipse
705 3369 869 3439 Christus
891 3375 928 3439 et
961 3369 1149 3460 prophatae
1171 3373 1207 3436 et

49 3473 194 3565 Apostoli
208 3482 246 3547 et
260 3499 376 3546 omnes
400 3478 646 3570 subsequentes
670 3477 884 3547 christianae
908 3476 1071 3547 veritatis
1095 3498 1205 3546 asser-

50 3587 128 3654 tores
146 3585 182 3655 in
207 3584 522 3655 innumerabilibus
546 3584 839 3676 appellationibus
861 3585 906 3653 ad
929 3584 1132 3676 prophetias
1155 3586 1207 3653 ia-

51 3697 111 3762 ctas
140 3701 175 3766 et
204 3693 413 3785 adimpletas
450 3693 540 3763 hano
567 3695 632 3762 Dei
662 3693 927 3784 praescientiam
958 3699 1137 3762 testantur
1170 3701 1207 3763 et

51 3797 233 3887 dedicent,
259 3823 402 3893 eamque
426 3807 466 3870 ut
489 3805 697 3892 compertam
721 3801 879 3869 omnibus
903 3805 940 3869 et
971 3799 1205 3870 indubitatam

52 3915 247 3998 supponunt.

104 4016 193 4086 Haec
223 4016 389 4087 scientiae
420 4017 623 4086 futurorum
654 4017 823 4108 perfectio
855 4016 893 4083 in
923 4015 1120 4105 Scripturis
1152 4016 1205 4083 ita

54 4121 247 4211 vindicatur,
273 4132 315 4194 ut
337 4146 378 4193 ea
400 4123 449 4194 sit
464 4123 531 4193 soli
545 4124 617 4194 Deo
640 4123 781 4215 propria
802 4129 838 4192 et
861 4121 1063 4194 divinitatis
1086 4121 1205 4192 certis·

55 4226 159 4300 einum
180 4239 437 4324 argumentum,
455 4231 606 4324 adeoque
631 4253 798 4322 superans
822 4231 892 4298 vim
917 4253 1048 4300 omnem
1070 4230 1204 4299 intelle-

56 4338 119 4403 atus
138 4340 242 4408 creati
265 4344 302 4408 et
316 4337 422 4408 liniti.
445 4337 561 4421 uQuie
585 4337 712 4407 similis
735 4336 826 4406 mei?
851 4343 951 4408 vocet
968 4345 1004 4407 et
1019 4337 1205 4407 aununtiet

57 4445 86 4508 et
103 4443 242 4518 ordinem
266 4452 417 4538 exponat
440 4446 545 4532 mihi,
572 4470 613 4515 ex
638 4469 704 4538 quo
728 4446 895 4516 constitui
919 4447 1082 4537 populum
1114 4446 1204 4513 anti-
