3292 5062
890 357 928 372 -
951 326 1009 386 152
1028 355 1066 370 -

393 439 512 504 eutem
538 433 656 502 ruodns
680 441 798 504 noster
820 435 1047 526 cognoscendi
1066 432 1213 500 mediate
1223 441 1260 502 et
1272 455 1334 522 per
1350 431 1461 514 aliud,
1480 427 1581 522 quid

395 541 484 608 Deus
508 545 576 624 cit,
602 542 771 610 instituta
801 543 942 632 analysi
972 542 1164 612 resolvitur
1187 539 1482 630 incognitionem
1510 559 1581 627 par

395 645 649 736 affirmationes
673 651 935 739 perfectionum,
962 673 1109 742 quarum
1132 649 1246 718 ideam
1261 671 1303 716 ex
1319 647 1385 716 Dei
1403 645 1582 736 operibus

395 753 645 844 int'ormamus;
672 779 731 848 per
754 761 953 848 cepaticum
977 759 1296 848 imperfectiouum,
1322 755 1451 847 quibus
1475 773 1582 822 crea-

395 867 498 930 turae
514 863 621 930 etiam
634 865 921 952 perfectissimae,
940 871 977 932 et
991 863 1088 954 ipsae
1105 863 1300 932 obiectivac
1315 867 1455 930 nostrae
1471 859 1583 929 ideae

397 968 502 1036 etiem
526 971 778 1060 perfectionum
802 971 1010 1061 simpliciter
1032 971 1245 1060 simplicium
1267 969 1483 1054 officiumne
1519 967 1582 1034 de-

397 1075 502 1166 nique
534 1099 593 1166 per
625 1086 810 1170 conceptus
841 1080 902 1170 qui
932 1078 1222 1146 affirmationibus
1254 1077 1582 1167 negationibusque

398 1185 596 1254 coniunctis
620 1187 828 1270 formantur,
854 1195 890 1256 et
911 1209 933 1252 a
956 1185 1024 1254 PP.
1051 1185 1222 1274 appellari
1245 1185 1359 1254 solent
1390 1181 1583 1250 secundam

399 1297 617 1362 eminentium
640 1295 716 1362 sive
735 1317 799 1382 per
822 1317 988 1362 excessum
1016 1291 1100 1380 (καθ’
1127 1291 1304 1386 inspexit-a).
1331 1289 1518 1380 Aualysin
1543 1297 1584 1357 et

398 1399 637 1470 deductionem
651 1399 740 1470 hauc
757 1401 877 1470 videas
891 1401 1032 1491 egregie
1048 1401 1235 1490 expolitam
1254 1399 1346 1491 apud
1360 1398 1581 1468 S.Thomem

399 1507 435 1574 in
453 1506 574 1576 Botth.
588 1506 687 1574 Trio.
701 1529 848 1596 prooem.
863 1511 934 1600 q.l.
951 1531 984 1576 a.
996 1509 1029 1576 2.
1041 1509 1227 1600 Postquam
1243 1509 1503 1577 demonstravit
1520 1527 1579 1572 ra·

398 1611 526 1680 tionem
550 1633 613 1680 cur
628 1635 696 1680 nou
712 1635 950 1705 assequamur,
968 1613 1054 1706 quid
1070 1615 1160 1682 Deus
1176 1629 1236 1694 est,
1255 1613 1316 1682 sed
1331 1621 1469 1683 tantum
1486 1613 1582 1703 quic

400 1731 461 1800 cot,
486 1719 565 1788 iude
589 1720 714 1808 repeti,
741 1722 832 1812 quod
848 1721 959 1791 Deum
982 1745 1049 1790 uon
1074 1723 1313 1812 cognoscimus
1335 1720 1470 1790 nisiex
1495 1720 1581 1788 effe·

400 1827 516 1898 ctibus
542 1855 558 1890 a
577 1827 747 1897 virtutem
774 1853 899 1898 causae
931 1853 1000 1898 uon
1023 1831 1321 1921 adaequentibus,
1341 1857 1358 1890 r
1375 1827 1582 1918 Angelicus

401 1933 557 2004 declarat
581 1935 716 2004 modum
741 1937 964 2026 cognitionis.
994 1939 1159 2006 «Tamen
1179 1937 1462 2027 cognoscentium
1488 1937 1581 2026 quia

402 2055 463 2122 est,
490 2063 581 2110 uuus
604 2041 675 2110 alio
692 2043 883 2132 perfectius
898 2047 1134 2134 cognoscit...
1154 2054 1283 2136 quanto
1299 2067 1341 2112 ex
1356 2045 1486 2112 effectu
1506 2064 1579 2108 ma·

401 2149 458 2236 gis
482 2146 757 2236 apprehenditur
779 2148 949 2220 habitudo
973 2173 1097 2220 causae
1120 2151 1165 2218 ad
1188 2153 1362 2238 effectum;
1385 2171 1474 2241 quas
1498 2147 1579 2240 qui-

402 2252 479 2322 dem
504 2252 673 2322 habitudo
696 2255 733 2322 in
756 2255 886 2324 effectu
909 2279 977 2325 non
1009 2257 1229 2346 pertingente
1251 2257 1296 2324 ad
1325 2253 1579 2348 aequalitatem

403 2383 486 2431 suaa
510 2383 656 2446 causas,
681 2363 880 2434 attenditur
903 2365 1090 2434 secundum
1114 2365 1197 2450 tria,
1222 2363 1359 2434 scilicet
1385 2363 1578 2433 secundum

403 2492 634 2560 progressum¹
648 2470 795 2540 effectus
818 2495 840 2540 a
861 2493 989 2554 causa,
1015 2480 1051 2542 et
1073 2473 1261 2541 secundum
1284 2471 1349 2542 hoc
1372 2473 1464 2564 quod
1494 2471 1578 2540 effc-

403 2583 483 2646 otus
506 2576 730 2668 consequitur
753 2577 794 2646 dc
818 2577 1050 2648 similitudino
1073 2601 1197 2648 causae
1221 2601 1316 2664 suae,
1334 2579 1579 2648 etsecundum

402 2683 467 2752 hoc
483 2683 571 2776 quorl
589 2683 762 2752 deficitab
777 2684 852 2752 eius
877 2685 1032 2773 perfecta
1055 2685 1308 2771 consecutione;
1333 2691 1371 2753 et
1386 2686 1437 2754 sic
1456 2683 1578 2774 tripli·

403 2789 492 2858 citer
515 2813 610 2860 meus
633 2789 786 2860 humana
808 2791 948 2881 prolicit
972 2791 1009 2860 in
1032 2793 1231 2882 cognitione
1254 2791 1331 2876 Dei,
1354 2791 1519 2883 quamvis
1535 2789 1579 2858 ad

404 2898 677 2988 cognoscendum
710 2895 796 2988 quid
824 2913 891 2978 ert,
917 2921 985 2967 non
1009 2900 1191 2988 pertingat
1220 2899 1279 2968 scd
1303 2923 1349 2965 on
1373 2913 1422 2966 ert
1449 2898 1577 2967 solum.

403 3003 453 3073 Et
477 3006 586 3096 primo
610 3006 797 3076 secuudum
822 3006 911 3097 quod
940 3007 1132 3096 perfectius
1155 3008 1377 3096 cognoscitur
1400 3005 1478 3076 eius
1502 3029 1578 3096 pro·

405 3113 525 3182 ductio
547 3125 583 3182 et
605 3114 763 3184 efficacia
786 3123 841 3200 rut
856 3137 981 3184 causae
997 3115 1206 3204 exemplaris
1220 3121 1258 3184 et
1272 3113 1466 3198 efficientis,
1487 3113 1580 3182 undo

406 3221 561 3310 cognitio
584 3245 645 3308 per
662 3221 945 3310 affirmationeo);
972 3223 1120 3292 meando
1144 3231 1249 3312 prout
1271 3222 1480 3290 nobiliorum
1496 3223 1578 3290 effe

406 3337 526 3396 otuum
539 3349 644 3396 causa
656 3327 891 3418 cognoscitur,
903 3328 986 3419 quia
998 3351 1074 3398 cum
1090 3330 1166 3396 cius
1177 3328 1442 3397 similitudinem
1455 3326 1580 3396 altiori

408 3433 505 3502 mmo
528 3446 672 3523 gerant,
702 3437 814 3526 magis
840 3437 1061 3506 eminentium
1080 3439 1157 3506 eius
1180 3435 1418 3506 commendant
1441 3435 1577 3524 (cogni-

408 3542 459 3610 tio
475 3539 652 3610 cecondcm
669 3546 913 3628 eminentiora);
930 3545 1036 3614 tertio
1051 3545 1141 3636 quod
1156 3545 1267 3634 magis
1279 3567 1320 3612 ac
1336 3543 1578 3634 mugiscogno

408 3647 521 3716 scitur
541 3647 726 3738 elongatus
745 3651 788 3718 ab
800 3649 857 3718 his
870 3651 1038 3734 omuibus,
1054 3675 1141 3744 quae
1158 3653 1194 3720 iu
1210 3653 1394 3722 effectibus
1409 3657 1579 3740 apparent

409 3755 577 3844 (cognitio
596 3779 660 3846 per
682 3761 905 3848 negationes).
934 3758 1030 3828 Unda
1045 3759 1134 3828 dicit
1146 3759 1341 3848 Dionysius
1352 3757 1442 3850 quod
1455 3780 1578 3847 cogno·

409 3861 521 3928 scitur
539 3884 580 3930 ex
598 3865 748 3930 omnium
765 3871 926 3946 cavisset
938 3875 1130 3948 cccrumt
1141 3865 1318 3932 ablutione
1329 3865 1576 3953 (negatione).r

409 3966 464 4036 Gt.
484 3969 516 4036 1.
536 3993 569 4060 q.
589 3969 643 4038 12.
661 3992 694 4038 a.
715 3970 771 4038 12.

477 4077 623 4146 Petrum
647 4079 824 4163 doctrina,
851 4101 919 4172 qua
937 4081 1118 4148 declarant
1141 4079 1233 4149 hunc
1254 4079 1429 4171 triplicem
1457 4103 1578 4171 cogno·

411 4183 530 4252 scendi
554 4185 702 4270 modum,
728 4185 800 4276 lagi
817 4193 931 4276 potest
949 4187 1041 4276 apud
1058 4187 1180 4255 Petav.
1197 4187 1224 4256 l.
1243 4187 1273 4256 I.
1293 4211 1324 4256 c.
1344 4191 1376 4256 ὅ.
1396 4213 1432 4256 n.
1451 4189 1486 4256 5.
1505 4212 1575 4280 sqq.

410 4295 447 4358 et
470 4291 586 4360 fusius
609 4293 701 4382 apud
725 4292 990 4360 Thomassiuum
1013 4291 1040 4361 l.
1059 4293 1124 4362 IV.
1142 4317 1174 4364 c.
1192 4294 1293 4362 7-12.

479 4396 548 4466 111.
574 4398 624 4466 Ut
646 4421 713 4490 quo
735 4407 855 4468 mutuo
887 4397 1010 4466 habitu
1040 4409 1321 4470 commemoratae
1352 4401 1576 4491 cognoscendi
