3240 5064
542 391 579 404 -
600 357 662 418 215
685 391 722 404 -

46 463 117 529 nori
138 462 387 552 amplitudine,
414 463 521 546 entia,
549 486 644 547 vera,
661 466 749 532 bona
771 464 964 554 possibilia,
982 486 1070 555 qnae
1091 468 1128 536 in
1153 469 1217 538 illc

47 593 141 638 suum
164 569 298 638 habent
320 569 495 660 exemplar
518 574 554 638 et
577 570 866 655 fundamentum,
894 577 931 640 et
954 571 997 640 ad
1025 577 1217 664 proportio-

45 683 157 744 natam
181 677 355 746 visionem
379 677 522 746 realiter
546 677 796 764 existentium,
822 701 908 770 quae
939 680 983 746 ab
1006 679 1072 748 illa
1105 683 1218 772 prima

47 805 147 850 causa
162 789 199 852 et
215 783 340 852 ultimo
355 784 424 853 fine
441 784 604 874 pendent.
622 783 676 854 Cf.
696 785 808 854 sloh.
828 787 860 853 l.
872 811 905 877 q.
918 787 1016 855 aaa
1036 787 1069 855 2.
1091 788 1218 872 Quam·

47 890 97 958 vis
120 913 205 958 vero
228 890 386 959 extensio
402 896 439 958 et
454 891 605 959 intensio
621 891 727 962 huius
745 892 905 977 visionis,
925 891 1029 961 etiam
1047 899 1218 984 quatenns

45 1000 198 1068 omnibus
221 998 336 1068 beatis
373 999 717 1088 comprehensoribus
750 1000 940 1068 communis
971 1007 1043 1085 est,
1070 1023 1091 1068 a
1118 1003 1218 1071 nobis

47 1106 255 1194 singillatim
280 1107 421 1175 definiri
442 1129 512 1174 non
536 1107 666 1197 possit:
696 1107 838 1176 videtur
860 1113 976 1176 tamen
1008 1107 1214 1194 dicendum,

46 1214 238 1301 spiritalem
262 1215 363 1282 illam
386 1215 556 1284 visionem
580 1215 617 1282 in
642 1215 799 1284 omnibus
816 1216 928 1284 beatis
947 1217 1089 1284 extendi
1104 1217 1149 1284 ad
1166 1223 1216 1286 to·

47 1326 114 1388 tum
138 1321 344 1390 universum
368 1327 534 1406 creatum,
555 1329 728 1414 qnatenus
752 1323 961 1391 substantiis
984 1325 1216 1412 permanenti-

46 1431 104 1498 bus
128 1437 292 1518 constat3
310 1432 477 1500 nimirum
494 1432 539 1500 ad
555 1435 708 1522 periente
725 1433 913 1501 videndum
929 1434 1039 1502 totius
1056 1434 1216 1504 universi

47 1538 331 1627 magnitudinem,
357 1539 524 1623 ordinem,
550 1539 862 1628 pulchritudinem,
888 1563 1005 1608 rernm
1029 1542 1159 1631 species
1182 1547 1219 1608 et

46 1647 222 1730 essentias,
233 1653 406 1737 quantum
419 1669 505 1737 opus
518 1653 583 1732 est,
594 1652 636 1714 ut
659 1649 813 1736 perfecte
829 1649 976 1718 videant
989 1649 1025 1715 in
1038 1656 1112 1717 toto
1137 1651 1214 1718 uni-

49 1777 142 1822 verso
154 1755 305 1844 gloriam
317 1754 395 1839 Dei,
413 1753 449 1822 h.
461 1778 492 1822 e.
511 1755 601 1823 utin
614 1755 660 1823 iis
673 1775 760 1846 quae
773 1759 869 1824 facta
893 1761 987 1842 sunt,
1004 1758 1149 1826 videant
1162 1782 1215 1826 re·

48 1859 212 1930 lucentem
233 1861 301 1929 Dei
325 1863 522 1946 essentiam,
541 1861 744 1951 potentiam,
769 1863 971 1948 bonitatem,
991 1865 1211 1953 sapientiam,

50 1968 351 2056 pulchritudinem,
366 1991 453 2061 quae
469 1976 525 2038 est
536 1969 686 2037 omnium
700 1993 806 2039 causa
818 1971 1039 2059 exemplaris,
1050 1972 1213 2058 efficiens,

51 2099 264 2162 conservans,
290 2077 422 2145 finalis.
440 2079 559 2169 Atque
582 2077 635 2146 ita
651 2078 774 2146 vident
789 2077 884 2146 ideas
901 2079 1041 2148 divinae
1058 2087 1093 2148 et
1108 2081 1215 2148 ratio·

50 2205 105 2252 nes
126 2191 301 2270 aeternas,
320 2186 507 2254 secundum
531 2207 618 2277 qnae
641 2186 726 2254 haec
750 2186 864 2254 omnia
888 2187 983 2254 facta
1007 2193 1100 2272 sunt,
1119 2194 1156 2256 et
1179 2190 1216 2256 in

51 2291 164 2360 divina
185 2293 342 2361 essentia
365 2317 467 2384 quam
491 2293 529 2360 in
553 2315 589 2361 se
613 2293 690 2382 ipsa
713 2293 917 2378 intuentur,
945 2317 1005 2362 seu
1029 2294 1216 2386 (loquendo

51 2421 105 2487 per
127 2400 459 2491 appropriationem)
483 2401 520 2468 in
544 2400 659 2469 Verbo
683 2401 806 2468 vident
832 2401 918 2470 haec
952 2408 1092 2487 ereata,
1119 2407 1156 2470 et
1177 2403 1215 2470 in

53 2509 170 2576 creatis
192 2508 324 2578 iterum
348 2507 471 2576 vident
494 2514 530 2576 et
552 2507 754 2597 glorificant
769 2509 892 2576 Deum.
915 2508 1068 2577 aSanoti
1082 2511 1212 2598 angeli,

54 2617 169 2704 quibus
191 2622 274 2708 post
295 2616 585 2685 resurrectionem
610 2617 932 2708 coaequabimur....
959 2618 1082 2706 procul
1110 2618 1215 2686 dubio

54 2725 243 2794 universam
267 2731 486 2810 creaturam,
512 2724 550 2792 in
574 2746 643 2816 qua
666 2724 736 2814 ipsi
760 2731 843 2793 sunt
866 2725 1112 2814 principaliter
1136 2749 1214 2795 con-

54 2829 123 2918 diti,
137 2833 261 2922 inipso
275 2833 392 2902 Verbo
408 2833 474 2901 Dei
489 2832 590 2922 prius
606 2839 792 2917 noverunt,
807 2833 845 2900 in
861 2855 927 2924 qno
946 2840 1031 2902 sunt
1047 2837 1211 2922 omnium,

55 2938 150 3006 etiam
171 2961 259 3031 quae
282 2939 522 3029 temporaliter
543 2940 748 3024 factasunt,
766 2945 927 3008 aeternae
943 2941 1112 3026 rationes,
1127 2949 1215 3010 tam-

56 3067 147 3134 quam
169 3047 206 3115 in
229 3069 280 3130 eo,
307 3069 368 3137 per
391 3047 483 3138 quod
507 3047 709 3130 factasunt
732 3047 857 3134 omnia;
876 3070 917 3117 ac
941 3049 1064 3118 deinde
1081 3049 1119 3116 in
1137 3051 1215 3140 ipsa

57 3159 216 3239 creatura,
242 3175 348 3245 qnam
371 3154 422 3222 sic
445 3160 619 3222 noverunt
641 3160 817 3246 tamquam
841 3155 938 3224 inira
960 3157 1212 3248 despicientes,

57 3279 184 3359 eamque
207 3263 400 3330 referentes
423 3261 468 3330 ad
490 3261 591 3329 illius
614 3262 775 3348 laudem,
801 3264 838 3331 in
862 3265 962 3332 cuius
985 3264 1213 3336 incommuta-

58 3365 112 3434 bili
133 3368 284 3436 veritate
307 3367 483 3452 rationes,
509 3369 698 3437 seeundum
723 3393 809 3460 quas
833 3371 929 3438 facta
951 3376 1016 3455 est,
1038 3373 1214 3463 principa-

58 3471 130 3543 liter
150 3475 281 3546 vident.
300 3475 357 3544 lbi
380 3498 464 3564 ergo
479 3481 657 3567 tamquam
673 3501 734 3566 per
750 3477 897 3546 diem...
919 3476 976 3545 hio
996 3486 1113 3548 autem
1128 3488 1215 3550 tam-

59 3602 148 3669 qnam
169 3605 229 3672 per
251 3603 443 3672 vesperam3
463 3583 522 3651 sed
546 3584 710 3652 continuo
734 3584 776 3652 fit
799 3607 939 3652 mane...
958 3585 1042 3676 quia
1065 3609 1134 3656 non
1160 3613 1213 3658 re-

60 3697 161 3758 manet
180 3691 342 3780 angelica
364 3690 513 3759 scientia
537 3692 574 3757 in
597 3714 636 3759 eo
660 3691 751 3782 qnod
775 3697 930 3760 creatum
954 3697 1019 3777 est,
1037 3695 1122 3784 quin
1149 3697 1214 3767 hoc

61 3797 207 3865 continuo
229 3799 363 3866 referat
385 3797 429 3864 ad
452 3797 527 3864 illis
550 3797 689 3865 landem
712 3803 748 3864 et
771 3797 998 3882 charitatem,
1024 3799 1060 3866 in
1085 3825 1153 3892 quo
1178 3805 1214 3872 id

61 3921 117 3966 non
137 3903 266 3972 factum
290 3925 365 3972 esse
388 3902 448 3971 sed
472 3902 671 3972 faciendum
702 3925 776 3972 esse
809 3905 1050 3993 cognoscitur,
1076 3907 1114 3976 in
1144 3937 1215 4002 qua

63 4007 194 4080 veritate
216 4011 342 4080 stando
377 4011 451 4080 dies
485 4016 540 4079 est
569 4010 619 4099 (1)
637 4037 653 4072 n
673 4010 709 4079 S.
728 4010 824 4100 Aug.
845 4013 931 4080 Gen.
951 4013 995 4081 ad
1011 4013 1085 4081 litt.
1102 4016 1128 4084 l.
1145 4021 1209 4091 IV.

114 4185 151 4258 (ll
168 4191 205 4243 De
227 4191 393 4256 cognitione
418 4195 448 4243 et
473 4191 640 4244 laudatione
659 4192 790 4256 angelica
813 4193 845 4244 in
871 4194 1057 4247 exornatione
1083 4199 1214 4258 universi

67 4280 228 4342 secabilis
247 4280 320 4334 dieIt
338 4282 413 4334 Deus
432 4281 463 4333 in
482 4281 557 4334 libro
575 4282 625 4334 Iob
646 4282 807 4337 XXXVIII.
820 4282 889 4334 4-7:
907 4299 992 4336 acum
1006 4299 1049 4338 me
1062 4287 1215 4348 laudarent

67 4359 290 4432 (amitestattone
309 4367 471 4440 obiective)
489 4372 575 4424 aImnl
601 4375 681 4426 astra
706 4372 865 4440 matutina,
887 4377 917 4425 et
934 4373 1095 4428 iubilarent
1118 4395 1214 4442 omnes

69 4451 112 4506 Ilii
126 4457 171 4510 Dei
182 4480 204 4526 a,
220 4474 269 4512 eeu
282 4457 331 4532 (ut
343 4461 574 4528 interpretantur
587 4461 689 4531 LXX.)
705 4478 824 4516 somnes
838 4461 934 4527 angeli
946 4484 959 4511 n
974 4461 1030 4535 (ies
1046 4461 1213 4536 iprensem
