3224 5068
526 325 705 386 ..337-

492 555 647 626 CAPUT
669 555 735 625 IV.

131 711 169 754 D!
185 709 307 754 Divmfl
325 707 601 752 rmrmuaumus
619 705 791 750 nasama
808 706 843 748 nt
861 701 1109 748 consumatis

428 797 472 840 ΔΙ)
490 795 617 839 TEMPUS
634 795 676 836 m·
695 793 811 838 mouri.

475 973 619 1036 THESIS
640 973 759 1033 XXXI.

237 1100 285 1162 De
302 1102 441 1180 propria
460 1100 592 1160 ratione
613 1099 823 1159 aeternitatis
843 1097 989 1160 dicione.

104 1281 173 1336 ·ltx
198 1282 374 1350 perfectione
400 1282 544 1334 essentiae
569 1280 687 1334 divinae
710 1279 892 1345 intelligitur
917 1281 1077 1334 aeternitas
1104 1279 1207 1334 diviua

48 1376 101 1425 ιιι
114 1372 340 1426 interminabilis
361 1372 439 1426 vitae
458 1374 521 1425 tota
541 1371 670 1424 simulet
691 1370 818 1438 perlecta
842 1371 994 1439 possessio,
1019 1371 1065 1424 cni
1091 1369 1205 1424 duratio

47 1462 222 1516 -eueeerslvs
239 1477 290 1515 seu
310 1465 422 1529 tempus
440 1461 630 1515 intrinsecum
653 1461 783 1514 absolute
802 1463 955 1527 repugnat.
982 1459 1060 1524 Quae
1087 1459 1205 1514 divinae

48 1552 246 1606 seetemitatir
264 1551 345 1604 notio
364 1565 400 1603 ex
418 1549 632 1619 scripturarum
651 1548 783 1603 doctrina
801 1548 1023 1603 conlimatur.»

99 1739 127 1807 Ι.
151 1737 191 1808 Si
213 1736 406 1807 aeternitas
428 1735 638 1827 simpliciter
657 1734 878 1827 concipiatur
901 1741 1079 1827 tamquam
1103 1733 1206 1803 dura·

46 1848 86 1916 tio
106 1847 153 1934 (l)
175 1845 281 1914 initio
304 1851 340 1915 ct
362 1845 430 1914 fine
452 1866 588 1928 carens,
614 1843 691 1912 sive
709 1843 851 1912 duratio
867 1841 943 1911 sins
958 1842 1120 1929 termium
1136 1843 1205 1911 ior·

47 1955 132 2024 malis
153 1954 246 2024 ratio
259 1952 495 2038 aeternitatis,
514 1951 630 2044 qualis
641 1951 706 2020 Dei
723 1951 865 2042 propria
879 1955 944 2035 est,
962 1971 1030 2016 non
1047 1949 1135 2018 satis
1148 1949 1205 2018 de·

48 2061 185 2131 claretur
201 2061 265 2150 (2).
290 2061 413 2129 Potest
434 2059 527 2128 enim
549 2058 691 2127 duratio
716 2057 790 2126 sine
805 2056 954 2126 termino
968 2056 1125 2146 intelligi
1142 2056 1204 2125 im·

47 2170 151 2257 primis
174 2177 217 2240 ut
243 2167 387 2238 duratio
417 2174 532 2237 motus
564 2167 743 2252 continui,
768 2166 805 2234 in
830 2189 897 2258 quo
921 2165 1041 2234 nullus
1066 2164 1205 2256 quidem

48 2276 85 2344 eit
103 2277 248 2346 ultimus
271 2275 444 2346 terminus
466 2276 576 2345 totins
590 2273 799 2360 durationis,
818 2273 980 2364 singulae
994 2279 1113 2342 tamen
1129 2272 1206 2342 cius

48 2391 146 2472 partes
161 2384 290 2477 quibus
307 2373 454 2468 constet,
471 2381 717 2452 terminentur.
733 2381 834 2450 Licet
849 2381 1049 2450 huiusmodi
1066 2379 1206 2449 duratio

49 2497 191 2560 constans
214 2491 376 2582 partibus
400 2491 475 2559 sine
497 2489 602 2559 initio
626 2489 703 2560 sive
727 2489 804 2559 siue
826 2489 938 2580 primo
961 2487 1205 2558 terminasses

49 2619 100 2666 nou
119 2605 256 2690 posset,
281 2604 399 2689 potest
420 2604 537 2668 tarum
562 2621 638 2667 esse
659 2597 736 2667 sina
761 2597 912 2668 termino
936 2595 1074 2682 ultimo,
1100 2601 1205 2690 atque

99 2815 136 2890 (1)
154 2817 278 2873 Duratio
297 2821 356 2874 tam
371 2818 413 2872 rei
425 2818 620 2884 permanentis
639 2814 687 2892 (ut
704 2815 897 2890 substanttae)
911 2833 995 2886 qnam
1008 2819 1050 2871 eei
1064 2819 1203 2874 esseutia-

50 2905 102 2958 liter
122 2907 301 2960 necessisse
321 2903 373 2980 (ut
394 2901 506 2977 metue)
526 2907 603 2960 nihil
626 2910 672 2959 est
697 2907 794 2974 alind,
819 2923 903 2974 quam
926 2907 991 2974 ipsa
1013 2923 1059 2961 res
1081 2909 1205 2964 actualis

49 3009 86 3048 seu
101 2997 161 3063 lpsa
182 2998 226 3051 rei
250 2997 418 3064 existentis,
431 3001 573 3066 quatenus
593 2999 624 3051 in
644 2999 816 3052 successivis
829 2999 1028 3053 consideratur
1043 2999 1205 3054 formaliter

49 3085 187 3142 utnnssca
211 3087 352 3141 successio
375 3089 527 3154 mutiana,
551 3091 582 3142 ct
602 3089 634 3141 ln
656 3089 891 3156 permanentibus
914 3089 1073 3143 existentia
1096 3105 1203 3158 compa-

51 3179 114 3229 retur
130 3194 192 3230 cum
216 3177 396 3231 successione
414 3178 579 3230 extrinseca
604 3179 677 3232 reali
699 3180 747 3232 vel
772 3179 917 3245 possibili.
939 3181 1059 3234 Duratio
1082 3195 1148 3246 ergo
1168 3181 1203 3234 ab

49 3266 185 3322 meteutia
206 3284 263 3321 neu
285 3267 478 3334 distinguitur
498 3269 627 3336 realiter,
643 3269 712 3336 qula
730 3270 807 3324 nihil
825 3270 903 3323 reale
917 3269 1000 3324 addit
1018 3271 1201 3340 existentiae,

50 3351 221 3424 distinguitur
233 3361 329 3411 tamen
347 3359 471 3426 radone,
495 3360 653 3427 quisalius
667 3363 713 3414 ast
731 3364 882 3428 conceptus
895 3361 1070 3415 existentiae
1084 3365 1113 3414 et
1125 3364 1204 3416 alius

50 3443 201 3502 durationis.
222 3447 304 3504 Unde
323 3449 400 3502 sicut
420 3449 481 3502 alia
501 3452 547 3502 eat
570 3450 729 3502 existentia
750 3451 919 3518 successivi,
942 3452 1022 3504 cuius
1041 3468 1095 3504 esee
1115 3454 1204 3507 consi-

50 3536 92 3587 stit
108 3539 136 3591 lu
152 3539 218 3607 ipsa
237 3539 424 3605 successione,
445 3542 475 3591 et
487 3540 547 3592 alia
564 3540 777 3607 permanentiae
795 3540 892 3594 eodem
907 3541 988 3594 modo
1005 3543 1092 3596 etiam
1106 3541 1205 3597 diliert

52 3625 183 3694 utriusque
198 3627 323 3680 duratio.
337 3625 381 3680 Gi.
393 3626 499 3680 Suarea
518 3628 680 3695 lietaphys.
693 3628 769 3696 disp.
778 3627 822 3681 50.
835 3633 904 3684 sect.
918 3631 944 3683 1.
958 3631 984 3683 2.

100 3713 137 3786 (i)
147 3739 160 3764 ι
171 3717 355 3770 Manifestum
366 3719 421 3784 est,
436 3720 547 3784 tempus
560 3721 591 3771 et
601 3719 802 3772 aeternitatem
814 3735 870 3772 uon
882 3735 944 3774 csse
954 3720 1039 3774 idem.
1051 3720 1106 3776 Sed
1116 3720 1202 3774 huius

53 3800 205 3860 discriminis
224 3806 365 3859 ratium
386 3805 501 3874 quidam
521 3807 709 3872 assignarunt
730 3809 761 3862 in
780 3809 841 3876 lroc,
857 3808 932 3876 qnod
952 3809 1111 3863 aeternitas
1124 3813 1203 3864 caret

52 3889 119 3946 tuitio
135 3901 163 3950 et
182 3895 252 3962 dne;
274 3900 386 3964 tempus
408 3899 502 3950 cutem
524 3896 612 3950 habet
630 3898 806 3966 principium
826 3903 856 3952 et
876 3899 969 3952 finem.
992 3898 1045 3952 Sed
1068 3899 1137 3952 haec
1159 3904 1204 3956 est

54 3977 192 4039 iiierermis
209 4001 261 4054 per
279 3985 411 4040 accidens
425 3989 454 4039 et
473 4001 530 4039 non
549 4001 600 4054 per
618 4003 665 4054 ee;
690 3989 759 4056 quia
776 3989 855 4057 dato,
870 3981 946 4058 qnod
966 3992 1077 4057 tempus
1092 4005 1203 4058 semper
1293 4005 1296 4010 ·

55 4066 123 4124 luerit
141 4079 169 4128 et
187 4091 299 4144 semper
317 4076 448 4130 futurum
469 4077 512 4130 sit
531 4078 684 4132 secuudum
702 4080 874 4146 positionem
895 4095 1006 4147 eorum,
1029 4080 1079 4148 qul
1097 4083 1202 4134 motum

56 4160 108 4212 terii
125 4169 229 4230 ponunt
250 4167 465 4234 sempiternum,
488 4167 580 4221 adhuc
594 4171 755 4222 remaneret
774 4169 939 4223 ditiorautla
951 4169 1030 4223 inter
1046 4171 1202 4224 aeternita-

57 4249 129 4304 aaut
139 4257 255 4324 tempus,
270 4260 304 4310 ut
318 4255 391 4310 dicit
408 4257 547 4312 Botthins
560 4257 592 4312 in
611 4259 633 4310 l.
649 4258 682 4312 de
696 4257 809 4313 Consol.
824 4275 859 4313 ax
872 4259 937 4326 lroc,
954 4259 1030 4328 qnod
1043 4261 1202 4314 aeternitas

57 4339 89 4474 :a
103 4343 163 4487 tetera
171 4347 264 4413 simul,
281 4346 357 4414 qnod
373 4348 497 4416 tempori
509 4363 566 4404 non
580 4349 738 4404 mutauit»
754 4348 841 4404 Mic.
856 4349 881 4403 1.
893 4365 921 4418 q.
935 4351 978 4404 10.
990 4367 1018 4405 a.
1028 4351 1057 4405 4.
1068 4350 1113 4406 Oi.
1123 4350 1199 4416 Aug.

67 4443 121 4496 ·ll·
166 4437 272 4504 .q.1a.

170 4543 323 4597 Fremitu
1023 4547 1059 4600 Ἠ
