3394 5056
920 361 958 374 ..
979 329 1020 391 90
1042 361 1080 374 -

418 459 533 508 omnes
554 437 679 506 Patres
700 438 773 504 tam
796 438 958 504 constans
980 439 1035 503 est
1056 438 1093 504 et
1113 437 1168 503 tot
1191 431 1485 526 eloquentissimis
1515 432 1606 501 dis-

417 544 658 638 putationibus
681 547 859 628 exornata,
886 547 927 612 ut
949 541 1042 612 nulli
1064 541 1279 611 dubitationi
1300 539 1398 610 locus
1420 563 1495 610 esse
1512 562 1609 630 pos·

417 654 477 722 sit.
502 652 680 743 Repetunt
701 650 793 720 enim
815 655 851 718 et
873 648 1055 720 inculcant
1077 647 1204 741 quavis
1227 648 1311 717 data
1326 648 1610 738 opportunitate

416 761 497 830 inde
519 761 563 828 ab
584 758 792 850 Apologetis
813 757 962 844 Iustino,
987 756 1226 847 Athenagora,
1253 755 1402 824 Tatiano
1418 777 1533 846 usque
1551 753 1609 822 ad

418 865 629 957 Gregorium
651 865 714 951 M„
731 864 896 933 Ioannem
917 865 1183 950 Damascenum‚
1198 861 1430 932 Bernardum:
1446 861 1515 930 Dei
1531 883 1607 928 no-

417 973 535 1044 titiam
558 995 633 1043 esse
655 971 891 1043 universalem
914 972 1007 1062 apud
1031 992 1147 1040 omnes
1170 975 1292 1060 gentes
1321 991 1384 1056 eo,
1410 969 1502 1061 quod
1525 966 1610 1036 Dei

418 1103 523 1172 opera
545 1080 705 1150 omnibus
726 1079 905 1172 proposita
927 1080 1038 1148 Deum
1061 1079 1099 1148 in
1122 1101 1159 1148 se
1181 1077 1395 1148 invisibilem
1417 1077 1609 1146 humanae

418 1187 549 1258 rationi
572 1189 811 1257 demonstrant
833 1187 1051 1272 existentem,
1066 1191 1170 1278 atque
1183 1185 1235 1255 ita
1247 1185 1409 1276 operibus
1428 1184 1518 1276 ipsis
1535 1185 1608 1253 do-

420 1293 535 1366 ctriua
547 1293 746 1365 continetur
763 1300 801 1365 et
813 1293 995 1363 institutio
1011 1293 1178 1386 quaedam
1193 1293 1235 1362 ds
1246 1293 1330 1379 Deo,
1348 1313 1451 1386 quam
1475 1313 1608 1360 omnes

420 1403 576 1472 homiues
599 1401 821 1494 intelligunt.
850 1402 987 1487 asora,
1013 1401 1131 1494 inquit
1152 1400 1309 1470 Clemens
1323 1400 1442 1486 Alam,
1467 1421 1513 1469 ne
1532 1421 1609 1489 ag·

419 1511 519 1603 gredi
531 1509 669 1604 quidem
681 1516 818 1602 oportet
828 1509 1157 1580 demonstrationem
1170 1508 1393 1597 (existentiae
1403 1508 1498 1594 Dei),
1515 1530 1607 1576 cum

419 1620 469 1689 sit
479 1621 665 1690 manifesta
672 1619 736 1688 Dei
745 1619 966 1710 providentia
977 1641 1020 1688 sx
1031 1619 1107 1709 ipso
1120 1623 1264 1708 aspectu
1276 1617 1426 1686 omnium
1434 1639 1602 1707 operum,

420 1747 508 1818 quae
523 1731 599 1795 arte
615 1731 777 1794 coustant
798 1731 834 1795 et
856 1726 1041 1816 sapientia,
1060 1731 1096 1795 et
1110 1745 1198 1817 quae
1209 1723 1292 1794 hinc
1310 1723 1448 1817 quidem
1470 1723 1605 1792 ordine

421 1833 525 1918 fiunt,
543 1833 624 1902 inde
641 1831 761 1902 ordine
776 1832 1059 1920 manifestantem
1074 1833 1136 1926 qui
1148 1853 1229 1903 vero
1241 1831 1339 1900 dedit
1351 1831 1450 1900 nobis
1465 1852 1545 1900 esse
1562 1835 1604 1898 et

421 1941 554 2025 vivers,
569 1939 743 2031 impertiit
757 1963 891 2032 quoque
905 1943 1075 2012 rationem
1097 1939 1358 2009 rationabiliter
1373 1945 1409 2012 et
1427 1940 1514 2010 bene
1529 1961 1603 2007 nos

422 2047 543 2117 vivere
555 2047 805 2117 voleusnPost
815 2047 1007 2138 longiorem
1019 2046 1292 2138 disputationem
1304 2046 1502 2136 subiungit:
1515 2065 1603 2136 opa-

421 2159 555 2223 rentem
567 2153 681 2244 igitur
696 2159 733 2224 et
747 2175 863 2224 rerum
876 2155 1027 2226 omnium
1043 2162 1232 2224 creatorem
1248 2154 1362 2224 omnia
1375 2176 1419 2224 ex
1435 2153 1604 2223 omuibus

422 2261 461 2330 vi
484 2259 595 2329 insita
616 2265 653 2329 et
675 2260 767 2331 citra
788 2261 984 2332 doctrinam
1010 2262 1211 2354 percipiunt
1235 2255 1381 2353 (ἑμφυτως
1398 2285 1450 2324 και
1466 2253 1602 2325 eldrian-

423 2389 479 2440 τως
502 2363 813 2455 ἀντιλαμβανεται)...
830 2369 985 2440 homines
1001 2369 1174 2456 universi,
1186 2368 1312 2440 Graeci
1325 2390 1367 2439 ac
1378 2367 1520 2438 barbari
1529 2369 1598 2456 (1).

424 2473 543 2544 Genus
570 2473 817 2544 vero·nnllum
833 2475 909 2546 sive
937 2475 1185 2566 agricolarum,
1204 2474 1280 2546 sive
1306 2475 1502 2560 nomadum,
1520 2475 1602 2544 sive

423 2581 527 2650 urbes
560 2581 786 2652 incolentium
818 2581 939 2652 vivere
967 2587 1105 2674 potest,
1138 2581 1229 2678 quod
1270 2583 1460 2675 superioris
1492 2588 1600 2688 natra-⁸

422 2711 482 2760 rae
504 2689 728 2782 persuasione
751 2711 819 2758 non
841 2689 891 2760 sit
920 2697 1209 2783 praeoccupatum
1239 2685 1301 2777 (μη
1328 2687 1600 2784 προκατειλημηον

422 2817 459 2885 op
481 2817 712 2890 conspectores
729 2793 856 2884 πιστει).
875 2797 1000 2890 Itaque
1022 2797 1143 2888 populi
1166 2819 1283 2867 omnes
1305 2797 1350 2867 ad
1374 2797 1542 2867 orientem
1560 2801 1601 2866 et

423 2905 645 2992 occidentem,
670 2905 715 2974 ad
738 2906 875 2975 boream
897 2911 934 2974 et
957 2905 1002 2974 ad
1024 2909 1185 2974 auotmm
1207 2925 1312 2976 unam
1327 2910 1363 2975 et
1376 2903 1520 2976 eandem
1535 2906 1600 2974 ha

422 3013 505 3082 bant
535 3011 821 3104 anticipationem
844 3011 885 3080 de
909 3011 995 3098 illo,
1021 3012 1083 3105 qui
1116 3011 1182 3082 hoo
1214 3035 1362 3103 reguum
1396 3012 1598 3096 constituit,

422 3115 594 3210 siquidem
607 3117 923 3185 universalissima
935 3121 1007 3185 eius
1031 3121 1246 3209 operationes
1270 3121 1387 3186 omnio
1403 3143 1509 3212 oeque
1521 3141 1601 3208 per-

423 3239 583 3292 ammons
598 3225 648 3312 (2)
673 3223 802 3294 Strom.
819 3224 865 3294 V.
891 3249 926 3316 p.
946 3225 1024 3294 54⁷.
1044 3222 1122 3294 ela.
1151 3225 1248 3296 Idem
1272 3232 1355 3296 ante
1385 3225 1601 3296 Clementem

398 3375 402 3383 ·
424 3327 670 3420 Athenagoras
691 3329 842 3420 (Legat.
868 3353 930 3421 pro
953 3330 1077 3400 christ.
1106 3355 1143 3400 n.
1167 3331 1202 3402 4.
1224 3333 1258 3402 5.
1277 3334 1350 3420 7.),
1383 3338 1462 3424 post
1483 3333 1601 3424 ipsum

424 3436 644 3507 Athanasius
659 3442 764 3526 (orat.
781 3462 812 3509 c.
831 3443 951 3528 gentes
966 3461 1002 3507 n.
1020 3438 1076 3508 34.
1095 3437 1169 3529 35.)
1186 3439 1436 3528 demonstrant,
1451 3463 1600 3534 quorum

488 3615 531 3693 (1)
548 3619 630 3672 Hune
642 3619 777 3685 magistri
796 3621 841 3674 sui
855 3621 945 3676 locum
962 3620 1107 3690 expressit
1125 3622 1264 3688 Origenes
1278 3622 1312 3677 de
1322 3622 1450 3692 Princip.
1466 3623 1599 3679 1.1.c.3.

426 3727 456 3764 ιι.
469 3709 494 3776 6,
517 3710 567 3764 ubi
593 3709 723 3764 ostendit
740 3707 777 3764 sd
796 3711 890 3764 omnia
909 3713 996 3766 etiam
1014 3713 1203 3765 irrationalis
1215 3713 1381 3780 pertingere
1401 3715 1601 3781 participatio·

426 3815 491 3853 uem
508 3799 605 3855 Patris
621 3802 763 3866 quatenus
778 3804 823 3855 est
834 3803 902 3856 Esse
916 3801 942 3874 (i
954 3799 1010 3873 ὼ),
1023 3803 1182 3856 rationales
1192 3819 1260 3858 vero
1272 3808 1421 3858 creaturas
1439 3805 1599 3873 participes

427 3890 515 3942 etism
534 3905 597 3944 ease
612 3891 702 3945 Verbi
720 3906 772 3960 per
790 3893 940 3960 rationem,
958 3893 1013 3945 «st
1032 3907 1084 3960 per
1097 3893 1159 3962 boc,
1179 3894 1287 3962 inquit,
1303 3896 1386 3948 velut
1406 3893 1545 3962 quaedam
1560 3911 1601 3948 ss·

427 3981 506 4034 mins
526 3981 618 4035 insita
639 3981 697 4035 sibi
722 3986 826 4048 gerunt
853 3983 1014 4052 sapientiae
1035 3985 1066 4036 et
1081 3983 1231 4052 iustitiae,
1256 3983 1330 4052 quod
1353 3987 1400 4039 est
1420 3985 1568 4038 Christus.
1585 4005 1598 4032 ι

427 4069 481 4123 nse
499 4071 548 4124 hio
560 4076 642 4141 λογος
657 4092 837 4144 σπιρματιιιος
855 4073 902 4128 vel
914 4093 1020 4145 σπιρμα
1036 4079 1129 4145 topos,
1144 4072 1245 4144 dequo
1265 4075 1397 4129 Iustinus
1415 4075 1527 4142 aliique
1542 4073 1598 4127 PP.

429 4159 596 4230 loquuntur,
617 4163 651 4214 ut
662 4161 754 4216 adhuc
772 4163 897 4217 iuferius
914 4162 1087 4219 videbimus.

491 4247 533 4323 (2)
553 4253 608 4303 llos
625 4271 673 4321 μιν
695 4249 881 4324 ι’θιος....μιαι
905 4251 962 4324 ι’χιι
983 4273 1025 4306 και
1044 4273 1091 4311 την
1112 4249 1197 4311 dorne
1218 4253 1353 4326 προληψιι
1376 4273 1433 4326 περι
1451 4272 1498 4306 του
1516 4273 1601 4306 κατα·

430 4358 601 4412 στησαμιιου
623 4359 669 4397 την
682 4337 835 4413 ipepotanus,
855 4338 909 4414 irps
922 4361 966 4396 aas
985 4361 1020 4396 τα
1036 4339 1241 4397 subodoratum
1260 4363 1307 4397 των
1317 4338 1501 4415 ι’νιργιιματιιν
1515 4339 1600 4397 daron

431 4431 632 4502 transportasse
652 4424 689 4484 ἦκ’
704 4425 766 4492 iou<
785 4451 884 4487 σαντα.
