3224 5068
880 371 918 385 ..
938 339 999 400 298
1022 371 1058 383 ..
1108 351 1116 360 -

387 451 521 535 ponunt
543 443 790 533 multipliciter
812 444 1070 534 praedicatione
1097 442 1279 532 explicita.
1296 442 1432 511 Docent
1445 441 1547 509 Deum

383 573 457 620 esse
480 553 773 640 simplicissimam
795 565 828 618 et
851 553 894 618 ob
918 554 1011 617 omni
1034 553 1277 639 compositione
1298 552 1548 616 remotissimam

384 681 461 726 cum
477 657 614 746 Cyrillc
629 657 733 726 Alex.
753 657 923 726 Thesaur.
942 655 1046 724 ΧΙΠ.
1065 657 1098 743 2;
1117 655 1217 726 XIV.
1236 657 1269 724 1.
1287 657 1322 743 25
1340 679 1464 722 samm
1476 660 1548 722 cim·
1604 682 1605 720 3

383 765 508 852 plicam
534 785 611 832 cum
633 763 837 853 Augustino
860 763 902 832 de
926 764 1056 833 Trinit.
1083 764 1148 832 VI.
1165 765 1198 850 ὃς
1214 766 1366 852 primam
1390 777 1423 829 et
1442 764 1549 851 puris-

385 873 506 937 simum
529 872 676 961 simplos
691 895 769 941 oum
784 872 963 940 Bernardo
979 873 1016 940 in
1032 871 1133 941 Cant.
1153 895 1256 940 serm.
1271 871 1327 958 813
1341 885 1411 937 tom
1426 869 1549 958 simpli

386 1003 453 1046 cem
475 1004 578 1070 quom
601 1005 717 1062 amum,
735 995 768 1046 et
783 983 815 1046 ci
835 979 907 1047 dici
925 995 1051 1070 potent,
1068 983 1270 1048 unianimam
1285 1002 1365 1049 cum
1380 977 1550 1048 Bernardo
1604 1009 1605 1047 1

385 1084 524 1154 Consid.
550 1087 575 1154 l.
591 1087 635 1156 V.
651 1111 682 1156 c.
704 1089 737 1174 75
764 1111 865 1178 super
887 1113 1015 1156 omnem
1036 1087 1295 1178 simplicitatem
1319 1111 1398 1156 cum
1420 1083 1549 1175 Cyrillo
1604 1119 1605 1154 1

385 1194 490 1264 Alex.
517 1195 647 1283 dialog.
673 1197 704 1264 Ι.
729 1197 771 1266 de
796 1197 918 1283 Trin.;
945 1221 1049 1262 amam
1070 1196 1311 1284 simplicitatis
1341 1195 1549 1262 seminantium
1604 1259 1605 1265 χ

391 1298 585 1394 (insciolus)
613 1327 690 1374 cum
712 1303 885 1392 Dionysio
909 1303 950 1372 de
974 1303 1047 1373 div.
1075 1325 1164 1371 nom.
1185 1327 1216 1372 c.
1231 1305 1264 1371 5.
1287 1303 1389 1371 Hane
1412 1301 1549 1390 deniqne

387 1433 462 1480 asse
486 1411 671 1482 veritatem
694 1435 736 1480 ex
759 1411 824 1496 iis,
851 1411 889 1479 in
912 1433 1000 1503 quas
1023 1411 1227 1482 universum
1250 1433 1373 1479 nomen
1396 1408 1548 1478 christia
1604 1453 1605 1458 κ

387 1541 471 1586 num
502 1518 727 1602 consenserit,
752 1517 922 1608 Origenes
944 1519 1057 1588 tradit
1078 1519 1120 1587 ds
1143 1518 1260 1586 Princ.
1286 1517 1318 1585 I.
1334 1541 1372 1584 n.
1399 1517 1432 1604 63
1456 1515 1549 1582 inuno
1604 1553 1605 1557 =

388 1623 503 1714 ipsum
529 1655 546 1690 c
564 1626 767 1696 universum
790 1647 902 1714 genus
925 1625 1113 1694 humanum
1137 1626 1247 1694 Deum
1270 1623 1460 1712 simplicem
1488 1643 1548 1687 non
1604 1661 1605 1698 3

389 1733 614 1822 compositum
627 1755 701 1802 esse
714 1733 860 1818 fatetur,
870 1759 886 1794 o
897 1739 984 1802 teste
993 1727 1546 1822 CyrilloAlex.Thesanr.XXXI.
1604 1783 1605 1788 ,

388 1839 480 1908 Hinc
503 1841 664 1931 quemvis
686 1839 968 1930 compositionem
984 1841 1142 1930 negando
1157 1847 1195 1910 et
1209 1837 1424 1908 excludendo
1445 1837 1546 1917 aiunt,
1604 1891 1605 1894 ,

389 1946 500 2015 Deum
523 1947 724 2016 existimare
746 1948 973 2038 compositum
992 1947 1125 2016 «nimis
1148 1947 1270 2016 stolidi
1285 1953 1323 2016 et
1337 1945 1469 2016 hebetis
1482 1963 1548 2012 essa
1604 1984 1605 2021 2

390 2052 541 2121 hominis
555 2081 572 2116 n
591 2053 738 2144 Gregor.
752 2054 861 2144 Nyes.
878 2061 969 2122 cont.
983 2053 1132 2123 Eunom.
1143 2055 1174 2122 I.
1185 2079 1219 2145 p.
1231 2055 1287 2140 68;
1299 2052 1411 2122 Basil.
1421 2048 1545 2142 ep.14l;
1604 2125 1605 2130 ἵ

393 2181 497 2228 cesse
521 2182 672 2230 summae
695 2160 918 2250 impietatis»
944 2159 1103 2228 Damaso.
1117 2159 1197 2230 Fid.
1213 2159 1306 2228 orth.
1325 2159 1356 2228 I.
1375 2158 1430 2244 1e;
1450 2175 1548 2223 essse

391 2265 579 2333 absurdum
602 2272 641 2334 et
662 2266 863 2334 nefariumn
889 2264 1033 2334 Maxim.
1047 2273 1182 2335 centur.
1198 2265 1262 2335 [V.
1275 2265 1317 2334 de
1333 2265 1459 2334 charit.
1473 2285 1500 2330 e.
1515 2260 1545 2342 83
1604 2309 1605 2312 =

394 2393 498 2440 cesse
515 2372 752 2463 blasphemum
769 2401 786 2434 n
804 2372 932 2462 Cyrill.
954 2373 1053 2442 Hier.
1078 2373 1212 2442 catech.
1227 2373 1291 2460 V1;
1312 2401 1330 2436 a
1343 2395 1418 2442 esse
1432 2388 1546 2438 nomm
1604 2415 1605 2452 3

392 2479 626 2570 blasphemiae
648 2503 794 2569 genuen
819 2480 992 2549 Athenae.
1019 2481 1061 2549 de
1085 2480 1218 2570 Synod.
1233 2503 1268 2548 n.
1284 2477 1341 2548 34.
1604 2553 1605 2560 ,

457 2587 503 2655 2⁰.
528 2587 744 2679 Frequenter
766 2595 842 2656 tum
865 2588 933 2656 ΡΡ.
947 2593 1023 2658 tum
1047 2587 1205 2656 Concilia
1227 2592 1414 2657 assumunt
1434 2586 1546 2674 dogm

390 2695 432 2764 de
455 2695 648 2764 omnimoda
683 2695 909 2785 simplicitate
932 2695 998 2764 Dei
1021 2702 1197 2788 tamquam
1228 2695 1489 2763 fundamentum
1514 2697 1546 2756 et
1604 2765 1605 2774 ,

391 2802 621 2893 principium,
647 2825 689 2872 ex
714 2825 781 2894 quo
805 2803 862 2872 vel
886 2801 977 2872 alias
999 2802 1177 2872 doctrinas
1208 2803 1385 2872 revelatas
1414 2801 1547 2892 probent

389 2917 427 2979 et
448 2910 652 2995 declarant,
678 2909 736 2980 vel
766 2933 901 2979 errores
931 2909 1145 2980 convincunt
1166 2915 1203 2978 et
1232 2910 1412 2978 damnant.
1437 2909 1489 2976 its
1514 2905 1545 2972 in

391 3015 546 3086 Concilio
576 3019 697 3086 Later.
725 3017 790 3088 IV.
814 3017 933 3088 unitas
963 3017 1105 3086 divinae
1136 3023 1284 3085 naturae
1314 3016 1352 3084 in
1382 3011 1546 3084 distinctis
1604 3059 1605 3094 ,

392 3127 561 3214 personis,
588 3125 672 3218 quin
695 3125 776 3194 inde
800 3133 966 3218 sequatur
990 3125 1223 3216 quaternitas,
1249 3124 1340 3217 quod
1355 3124 1472 3192 Abbas
1486 3121 1545 3188 Ioa
1604 3167 1605 3204 3

391 3232 485 3302 ohim
508 3233 711 3316 obiiciebat,
738 3233 918 3302 declarata
940 3239 995 3302 est
1016 3255 1059 3302 ex
1082 3231 1309 3322 simplicitate
1339 3237 1485 3299 naturae
1504 3227 1545 3296 di·
1604 3273 1605 3312 ,

393 3341 509 3410 vinae:
523 3339 608 3432 qnia
619 3347 692 3409 tres
708 3363 873 3430 personae
889 3347 926 3409 et
940 3339 1118 3432 quaelibet
1132 3339 1319 3408 earundem
1335 3343 1422 3406 sunt
1436 3341 1547 3404 natura

392 3447 457 3516 illa
473 3455 510 3516 et
525 3448 688 3534 essentie
700 3455 806 3539 atque
821 3449 873 3516 ita
884 3471 952 3516 non
964 3448 1062 3516 aliud
1075 3454 1111 3517 et
1121 3447 1232 3532 aliud,
1248 3445 1411 3516 sedidem
1427 3443 1546 3514 omnino
1604 3441 1605 3450 ’

393 3561 478 3624 sunt
499 3555 616 3640 Pater,
642 3555 777 3639 Filius,
803 3563 839 3624 at
869 3554 1026 3647 Spiritus
1050 3555 1222 3640 Sanctus,
1248 3553 1419 3646 siquidem
1448 3552 1546 3620 tribus

395 3663 553 3754 personis
575 3663 764 3731 communis
787 3670 932 3732 estnon
955 3687 997 3732 ex
1021 3669 1121 3754 parte
1145 3664 1205 3733 sed
1228 3663 1306 3753 ipsa
1335 3667 1413 3730 tota
1434 3665 1546 3728 natura

395 3800 412 3836 ι
426 3777 547 3861 utpote
570 3770 716 3861 simplex
739 3771 903 3839 omnino»
919 3796 927 3839 ι
945 3772 1097 3863 adeoque
1120 3771 1257 3840 ratione
1272 3769 1415 3839 divinae
1431 3765 1546 3856 simpli·

393 3877 513 3946 citatis
537 3899 702 3968 personas
724 3901 793 3946 non
816 3901 837 3946 a
859 3885 990 3948 natura
1012 3878 1072 3947 sed
1103 3877 1213 3946 solum
1237 3878 1330 3947 inter
1353 3876 1544 3945 seinvicem

392 3983 593 4074 distingui,
618 3985 741 4054 Patres
765 3985 948 4054 definiunt.
974 3985 1103 4054 Eodem
1127 3983 1301 4076 principio
1323 3978 1545 4074 simplicitatis

392 4089 557 4158 damnata
578 4096 633 4158 est
655 4091 804 4180 primum
827 4093 871 4160 ab
892 4091 1077 4182 Episcopis
1101 4091 1251 4174 Galliae,
1277 4089 1401 4159 deinde
1423 4089 1460 4158 in
1473 4087 1542 4172 Gon·

392 4197 474 4268 cilio
497 4198 684 4268 Rhemensi
707 4199 927 4290 praesidente
949 4202 1025 4292 ipso
1047 4201 1216 4270 Pontifice
1238 4199 1399 4289 Euganio
1421 4197 1483 4266 ΠΙ.
1496 4193 1540 4262 do·

392 4307 509 4377 ctrina
539 4307 691 4377 Gilberti
715 4308 918 4394 Porretani,
944 4309 1005 4400 qni
1035 4309 1147 4378 Deum
1179 4308 1311 4378 deitate
1340 4308 1467 4391 Denrn,
1488 4323 1541 4370 nou

390 4421 508 4512 tamen
541 4414 705 4484 deitatem
736 4435 811 4483 esse
840 4413 1008 4504 docebat;
1033 4415 1152 4508 sicque
1182 4415 1360 4486 attributa
1386 4423 1542 4505 mmqmn
