3280 5070
899 382 937 396 ..
958 350 1078 412 552-

408 460 586 530 teoedente
609 457 791 526 voluntate
814 455 895 524 vuit
918 479 1034 524 omnes
1057 457 1214 526 homines
1238 458 1357 526 salvos
1379 459 1474 546 fieri,
1499 484 1577 552 erga

406 566 544 636 nullum
568 565 704 634 omnino
726 563 897 631 hominem
921 562 1027 631 habet
1042 561 1142 630 illam
1159 564 1410 632 antecedentem
1426 567 1577 634 coluntu-

408 689 472 742 τω
495 671 647 765 negandi
664 672 1025 763 praedestinationes.
1052 671 1102 738 Et
1124 672 1155 740 si
1178 672 1274 742 circa
1297 673 1452 766 aliquem
1478 676 1578 744 homi·

406 805 482 850 nem
504 781 599 850 Deus
615 804 656 849 ex
673 803 747 850 sese
769 779 874 849 talem
898 779 1115 848 voluntatem
1139 781 1400 850 antecedentem
1424 783 1577 863 haberet,

405 911 445 958 eo
468 889 544 980 ipso
566 887 668 956 illum
683 886 866 956 voluntate
884 886 1107 956 antecedente
1123 910 1191 956 non
1206 887 1316 958 vellet
1331 889 1475 958 salvum
1493 891 1576 958 fieri.

471 996 566 1064 Aliis
589 995 706 1064 verbis
736 994 825 1062 idem
856 993 971 1062 dicere
1001 1017 1195 1084 possumus.
1229 995 1393 1086 Intelligi
1426 999 1579 1086 profecto

405 1105 538 1197 nequit,
553 1105 662 1173 Deum
675 1125 716 1172 ox
730 1123 803 1170 sese
819 1101 1063 1170 antecedenter
1078 1110 1114 1172 et
1125 1102 1399 1192 praescindendo
1417 1106 1462 1174 ab
1476 1105 1579 1172 omni-

408 1213 471 1282 hus
481 1211 599 1282 causis
614 1209 775 1280 secandis
791 1209 950 1278 absolute
964 1208 1056 1278 velle
1071 1209 1220 1302 aliquid,
1241 1233 1390 1302 quocum
1406 1220 1580 1302 repugnet

406 1319 556 1388 hominis
579 1317 743 1401 salvatio,
768 1323 942 1386 ettamen
965 1316 1055 1386 velie
1072 1316 1254 1386 voluntate
1277 1319 1510 1388 antecedente
1525 1319 1578 1386 ho

406 1427 510 1495 minis
532 1424 773 1495 salvationem.
802 1423 916 1516 Atqui
937 1427 1133 1514 reprobatio
1156 1429 1319 1516 nepetino
1343 1427 1432 1496 talis
1450 1435 1510 1496 est
1526 1451 1578 1495 vo·

404 1533 525 1602 luntas
547 1533 613 1602 Dei
635 1531 841 1600 antecedens
870 1531 1051 1617 absoluta,
1076 1555 1118 1602 ex
1142 1553 1212 1625 qus
1235 1533 1308 1604 sola
1330 1536 1578 1604 antecedenter

404 1645 441 1710 et
455 1637 723 1727 independenter
739 1637 783 1704 ab
798 1638 891 1706 omni
906 1639 1124 1730 praevisione
1139 1660 1322 1708 causarum
1346 1642 1577 1710 secundarum

404 1744 646 1836 metaphysica
668 1743 878 1814 certitudine
902 1747 1080 1838 sequitur,
1105 1745 1261 1815 homines
1290 1747 1344 1816 ita
1374 1751 1578 1839 reprobatos

404 1878 472 1924 non
494 1876 568 1922 esse
592 1851 789 1938 salvandos,
816 1860 853 1922 et
868 1875 1016 1946 quacum
1038 1854 1211 1922 assecutio
1234 1854 1362 1924 salutis
1385 1863 1574 1946 repugnat.

403 1961 499 2050 Ergo
522 1983 561 2029 eo
580 1961 655 2050 ipso
672 1959 762 2050 quod
779 1967 876 2030 certa
891 1967 946 2029 est
962 1960 1028 2029 Dei
1045 1960 1209 2029 voluntas
1223 1962 1435 2031 antecedens
1451 1964 1577 2031 salutis

404 2071 554 2138 omnium
578 2067 766 2152 hominum,
792 2067 893 2136 nulla
916 2068 1022 2138 datur
1046 2069 1250 2137 antecedens
1273 2073 1443 2159 nepetino
1466 2096 1575 2160 repro-

404 2177 497 2242 batio
521 2175 565 2242 ab
580 2189 720 2241 aeterna
737 2175 962 2244 tentitudine.
981 2175 1175 2267 Propositio
1191 2177 1302 2245 minor
1318 2179 1496 2267 probatur
1512 2201 1575 2246 ma

402 2285 531 2354 niiesto
554 2290 630 2353 tum
653 2307 715 2374 per
729 2307 765 2352 se
781 2290 856 2354 tum
879 2308 922 2354 ex
945 2285 1129 2376 principiis
1144 2285 1255 2376 ipsius
1271 2285 1435 2355 Sustenii
1451 2289 1574 2356 eteius

401 2397 625 2462 sectatorum.
645 2391 728 2460 Sine
743 2391 846 2460 dubio
871 2391 1108 2482 metaphysica
1132 2398 1315 2482 repugnat,
1335 2399 1466 2461 utnon
1482 2415 1572 2484 prae

402 2499 599 2570 destinatus
621 2498 799 2588 salvetur,
825 2499 900 2568 illis
916 2506 1032 2568 autem
1049 2500 1212 2590 negative
1234 2500 1433 2589 reprobatis
1458 2523 1572 2570 secun

402 2609 484 2679 dum
508 2607 604 2677 dicta
624 2613 706 2676 aute
729 2629 860 2677 omnem
877 2607 1142 2700 praevisionem,
1160 2607 1244 2699 quid
1260 2609 1330 2697 ipsi
1353 2609 1475 2678 acturi
1491 2611 1568 2692 sint,

402 2716 562 2785 absoluta
577 2715 760 2784 voluntate
776 2716 841 2785 Dei
856 2723 1007 2806 negatur
1022 2715 1307 2806 praedestinatio,
1327 2739 1416 2807 quae
1442 2718 1571 2800 dicitur

403 2839 483 2892 onte
492 2827 654 2912 praesim
665 2825 801 2906 merito,
816 2823 926 2892 omnis
939 2846 1022 2892 vero
1034 2823 1307 2914 praedestinatio
1318 2839 1401 2914 poet
1415 2827 1571 2914 praeciso

400 2935 524 2999 meritc
546 2937 696 3021 negatur
719 2932 763 3000 ah
785 2931 842 3000 his
864 2929 1058 3022 theologis3
1085 2953 1168 3020 ergo
1191 2954 1232 3000 ex
1261 2931 1336 2999 sola
1351 2931 1417 2999 illa
1441 2941 1569 3000 antece

401 3041 505 3108 dente
527 3039 709 3108 voluntate
732 3039 799 3110 Dei
821 3047 972 3130 negante
995 3039 1347 3131 praedestinationem
1370 3045 1455 3108 ante
1479 3061 1568 3129 prae

401 3145 568 3216 visionem
592 3169 746 3237 operam,
772 3147 1010 3238 metaphysica
1032 3153 1218 3246 repugnat,
1246 3145 1406 3215 utullus
1431 3146 1568 3214 illorum

401 3253 572 3323 salvetur.
596 3252 766 3344 Theologi
791 3253 860 3345 ipsi
884 3277 971 3346 quos
986 3255 1242 3345 impugnamus,
1261 3253 1297 3322 id
1314 3253 1424 3322 fateri
1446 3276 1567 3342 cogun-

400 3367 472 3430 tur.
494 3389 511 3424 ιι
524 3360 622 3446 Dico,
640 3384 710 3432 non
724 3383 798 3431 esse
813 3361 851 3430 in
867 3367 1039 3452 potestate
1055 3361 1204 3431 hominis
1228 3383 1305 3430 cum
1320 3385 1389 3430 non
1404 3361 1565 3431 electione

400 3466 533 3555 divina,
560 3493 620 3538 seu
644 3493 721 3538 cum
743 3495 812 3540 uon
835 3471 1151 3562 praedestinatione
1174 3475 1249 3555 aut,
1275 3469 1366 3562 quod
1389 3470 1483 3538 idem
1506 3475 1563 3549 cet,

400 3599 478 3646 cum
495 3577 735 3667 reprobatione
750 3578 918 3668 negativa
933 3585 1017 3648 acta
1032 3600 1156 3667 ponere
1173 3600 1233 3646 seu
1250 3599 1452 3668 componere
1475 3598 1563 3645 suam

399 3691 576 3755 aeterum
600 3685 761 3756 salutem.
779 3715 795 3750 n
814 3687 871 3756 Ita
894 3687 1024 3756 Suaren
1048 3685 1074 3754 l.
1089 3685 1134 3753 V.
1152 3709 1183 3755 o.
1198 3685 1231 3752 8.
1249 3708 1284 3752 n.
1296 3685 1329 3752 8.

465 3793 585 3886 Igitur
608 3793 709 3862 iuxta
731 3791 821 3864 hano
852 3793 1061 3863 sententiam
1083 3793 1178 3860 Dens
1202 3791 1426 3860 antecedente
1449 3789 1562 3858 volun·

399 3908 476 3972 tate
499 3901 580 3970 vult
602 3900 651 3985 id,
677 3923 823 3993 quocum
854 3899 1028 3970 assecutio
1051 3899 1180 3968 salutis
1209 3905 1404 3989 repugnat,
1437 3896 1563 3966 scilicet

399 4009 618 4098 negationem
641 4006 971 4098 praedestinationis
1003 4006 1115 4098 quood
1147 4027 1263 4074 omnes
1285 4027 1355 4073 non
1379 4001 1561 4094 praedesti-

399 4122 519 4204 natos;
545 4139 629 4207 ergo
652 4115 811 4208 sequitur
827 4137 869 4183 ex
886 4113 951 4184 hao
967 4115 1138 4200 doctrina,
1164 4113 1424 4183 antecedentem
1448 4112 1560 4180 volon-

398 4229 506 4292 tatem
530 4223 725 4293 salvificam
747 4223 792 4292 ad
816 4221 906 4290 solos
922 4221 1198 4312 praedestinatos
1215 4219 1403 4309 pertinere.
1421 4217 1492 4285 Hoc
1506 4236 1559 4280 aa·

397 4337 467 4400 tem
484 4351 587 4423 quam
603 4331 733 4399 falsum
748 4331 816 4414 sit,
837 4329 1111 4398 demonstratum
1126 4325 1200 4412 est}
1222 4327 1260 4394 et
1275 4323 1433 4414 theologi
1447 4321 1482 4389 hi
1498 4316 1556 4410 ipsi

398 4437 526 4508 falsum
542 4461 617 4509 esse
633 4439 836 4508 concedunt.
855 4435 964 4506 Nulla
980 4457 1063 4525 ergo
1080 4436 1220 4504 admitti
1238 4439 1355 4524 potest
1372 4429 1556 4499 antecedens
