3262 5076
874 353 912 366 -
935 321 996 382 502
1018 353 1056 366 -

378 427 494 512 offert,
521 425 612 516 qued
627 428 816 514 accipiunt:
832 451 900 493 uon
918 443 1030 494 tamese
1057 427 1213 494 omuibus
1230 426 1468 514 persuaderer,
1483 447 1544 488 ecs

378 557 487 600 omnes
515 535 739 615 consentiunt,
767 559 835 600 uon
865 559 975 601 omnes
998 537 1187 624 accipiunt,
1216 559 1283 599 non
1301 557 1410 600 omnes
1435 533 1546 599 Decse

377 644 591 708 committunt
622 641 789 708 coloreas
806 642 935 709 tremine
965 639 1191 708 accendendos
1218 657 1251 708 et
1280 639 1546 720 illuminandos,

378 750 461 842 quia
485 749 679 818 consentire
704 750 880 818 vocationi
903 751 968 818 Dei
992 751 1154 840 propriae
1170 749 1369 820 voluntatis
1383 754 1440 816 est
1458 769 1548 838 prae

378 863 522 948 paratae
546 881 606 948 per
630 859 795 947 gratiam,
813 867 849 927 et
864 859 1019 927 eiusdem
1042 859 1242 926 voluntatis
1264 863 1318 926 est
1340 858 1417 926 suis
1433 857 1549 948 ntique

378 967 515 1034 viribus
537 968 702 1036 resistere
718 967 868 1056 gratiae,
889 973 930 1035 ut
953 967 1002 1034 ibi
1027 966 1185 1035 declarat
1206 965 1450 1054 Augustinus.
1475 963 1550 1031 iufi-

378 1073 473 1142 deles
485 1097 562 1142 cum
578 1075 650 1142 Deo
665 1095 734 1142 uon
749 1074 898 1142 credunt
912 1103 929 1138 ι
943 1075 1081 1142 iaciunt
1096 1080 1219 1142 contra
1235 1074 1326 1142 hanc
1338 1073 1550 1143 voluntatem

376 1181 454 1262 Dei,
471 1207 488 1244 n
506 1204 575 1272 qua
600 1211 616 1244 ι
641 1182 736 1249 Deus
767 1181 847 1249 vult
876 1202 992 1248 omues
1021 1179 1178 1248 homines
1208 1180 1327 1249 salvos
1349 1179 1431 1248 fieri
1455 1176 1551 1246 etad

377 1289 590 1377 agnitionem
614 1289 780 1358 veritatis
804 1289 934 1373 venire,
960 1310 1028 1356 non
1052 1289 1103 1356 sic
1125 1295 1254 1373 mmeu,
1280 1295 1322 1358 ut
1343 1287 1397 1356 eis
1425 1285 1552 1354 adimat

375 1397 525 1466 liberum
548 1397 748 1481 arbitrium,
775 1419 842 1488 quo
858 1397 916 1465 vel
933 1397 1015 1464 bene
1031 1395 1088 1464 vel
1101 1395 1192 1464 male
1207 1401 1345 1464 utentes
1361 1394 1552 1463 iustissime

377 1505 591 1574 iudicentur.
612 1504 739 1574 sHaec
762 1511 817 1573 est
839 1503 955 1594 igitur
979 1505 1144 1574 voluntas
1168 1505 1365 1571 osteudens
1388 1511 1427 1572 et
1442 1501 1553 1571 condi·

377 1613 515 1680 tiouata
538 1613 666 1683 salutis
689 1615 791 1703 plane
815 1614 966 1681 omnium
989 1613 1186 1698 homiuum,
1212 1635 1300 1705 quae
1322 1634 1392 1680 non
1425 1632 1553 1700 semper

376 1721 554 1810 impletur.
569 1721 746 1790 Distinxit
758 1721 792 1809 b)
804 1721 932 1790 ibidem
945 1721 982 1790 S.
997 1721 1223 1810 Augustinus
1235 1721 1458 1792 voluntatem
1472 1717 1551 1802 Dei,

378 1849 447 1920 qua
477 1851 545 1896 non
575 1830 674 1898 modo
704 1831 851 1914 suadet,
884 1829 944 1898 sed
967 1830 1072 1898 etiam
1096 1831 1225 1899 effectu
1248 1829 1325 1919 ipso
1354 1827 1550 1918 persuadet

377 1935 470 2004 Haec
501 1936 684 2022 voluntas,
715 1959 784 2029 qua
813 1937 985 2005 terminus
1014 1937 1089 2028 ipse
1120 1938 1158 2005 in
1189 1960 1290 2030 quem
1311 1935 1453 2022 tendit,
1479 1943 1553 2003 actu

378 2044 551 2128 efficitur,
586 2051 701 2135 posset
723 2044 862 2136 quidem
885 2067 960 2114 esse
983 2045 1197 2114 universalis
1220 2051 1381 2135 spectata
1404 2043 1552 2132 omnipo

379 2151 492 2219 tentia
514 2151 591 2236 Dei,
618 2151 676 2219 cui
699 2173 767 2218 non
790 2156 906 2241 potest
928 2151 1045 2220 deesse
1068 2151 1190 2220 modus
1213 2151 1267 2220 its
1282 2149 1472 2234 suadendi,
1493 2169 1553 2239 quo

379 2258 448 2326 scit
470 2281 660 2348 congruere
684 2265 825 2343 vocato,
860 2265 903 2328 ut
930 2261 1035 2328 etiam
1058 2259 1091 2328 ei
1123 2259 1394 2350 persuaderetur
1417 2257 1490 2344 (ci.
1514 2253 1552 2320 sd

379 2363 503 2456 Simpl.
529 2367 554 2433 1.
581 2366 610 2434 I.
636 2391 670 2458 q.
697 2367 752 2454 2),
778 2389 815 2434 ιι
839 2371 955 2436 tamen
971 2367 1048 2458 ipsa
1065 2367 1155 2437 hano
1173 2367 1390 2435 voluntatem
1406 2371 1494 2435 ectu
1509 2363 1551 2430 ei·

379 2473 557 2542 sectricem
580 2473 708 2541 salutis
732 2474 968 2543 universalem
994 2499 1064 2543 uon
1078 2497 1152 2544 esse
1168 2481 1316 2544 constat.
1339 2503 1356 2538 s
1373 2474 1453 2540 Iam
1469 2469 1551 2541 siad

379 2579 477 2648 illam
494 2581 772 2670 profunditatem
789 2584 1013 2652 scrutandam
1031 2585 1214 2676 quisquam
1230 2606 1295 2652 nos
1310 2587 1482 2666 coarctet,
1497 2599 1552 2649 cur

377 2685 435 2753 illi
458 2687 511 2754 ita
534 2687 745 2772 suadeatur,
773 2695 815 2756 ut
836 2689 942 2758 etiam
966 2691 1241 2780 persuadeatur,
1266 2690 1324 2758 illi
1348 2695 1470 2758 autem
1492 2709 1551 2754 nou

379 2793 448 2877 ies;
476 2793 543 2860 duo
567 2793 641 2860 sola
664 2801 855 2862 occurrunt
876 2795 1032 2881 iuterim,
1052 2820 1141 2889 quae
1156 2795 1364 2886 respondere
1380 2795 1472 2863 mihi
1487 2793 1551 2884 pla·

378 2907 473 2968 cest:
505 2923 524 2968 o
554 2899 706 2970 altitudo
730 2901 955 2988 divitiarum,
990 2912 1038 2973 et:
1068 2905 1237 2996 numquid
1268 2903 1442 2996 iniquitas
1467 2899 1551 2992 apud

377 3006 512 3074 Deum?
524 3005 589 3074 Cui
600 3009 778 3098 responsio
790 3009 861 3077 ista
872 3010 1047 3101 displicet,
1066 3017 1215 3104 quaerat
1230 3011 1416 3096 doctiores,
1431 3011 1492 3079 sed
1503 3031 1550 3078 es·

380 3122 474 3200 vest,
489 3139 532 3184 ne
546 3116 705 3185 inveniat
717 3119 1041 3208 praesumptioresr
1056 3119 1098 3189 de
1114 3119 1233 3211 spirit.
1251 3127 1288 3189 et
1299 3119 1376 3188 litt.
1390 3143 1427 3188 u.
1438 3119 1483 3188 60
1494 3118 1548 3205 (1).
1615 3165 1616 3202 3

445 3348 486 3422 (1)
505 3353 683 3420 iiysterium,
704 3357 739 3406 ut
756 3359 838 3422 petet
855 3372 890 3408 ex
910 3359 970 3410 toto
993 3355 1149 3423 Augustini
1168 3361 1314 3424 contextu,
1336 3361 1367 3410 et
1385 3373 1421 3410 ss
1445 3373 1474 3411 re
1492 3357 1548 3423 ipsa

381 3439 415 3493 de
435 3457 491 3506 qua
509 3442 617 3510 agitur,
639 3459 695 3496 nou
715 3445 810 3498 estin
830 3461 870 3510 eo,
893 3461 943 3499 eur
961 3446 1009 3500 hic
1022 3448 1185 3501 consentiat
1199 3451 1229 3500 et
1241 3447 1294 3500 ilie
1313 3445 1481 3500 ffisseutist.
1499 3447 1548 3497 iiee

381 3531 457 3583 enirn
475 3532 506 3583 in
526 3533 653 3599 proxime
673 3534 908 3590 antecedentibus
921 3537 1121 3592 declaraverat
1133 3538 1196 3604 ipss
1208 3538 1296 3590 semel
1310 3539 1341 3588 et
1352 3537 1469 3602 iterun,
1483 3535 1548 3590 unde

382 3620 431 3672 sit.
455 3623 603 3674 avocante
622 3625 680 3676 Deo
701 3625 797 3688 surgit
815 3623 930 3696 (anima
953 3624 1128 3698 rationalis)
1148 3627 1181 3680 de
1201 3627 1293 3681 libero
1318 3627 1463 3694 arbitrio,
1482 3623 1548 3694 quod

381 3711 556 3763 usturalitsr
573 3727 634 3764 cum
654 3717 799 3766 crearetur
818 3715 974 3782 accepit...
994 3715 1048 3768 His
1068 3730 1135 3782 crgo
1155 3715 1246 3768 modis
1266 3715 1381 3784 quando
1401 3717 1477 3770 Deus
1494 3713 1548 3778 agit

380 3813 440 3851 eum
460 3800 557 3852 anima
575 3801 724 3868 rationali,
745 3805 778 3854 ut
793 3803 820 3854 ei
832 3801 947 3868 credat,
961 3817 1053 3871 neque
1072 3805 1148 3857 enirn
1161 3803 1277 3857 eredere
1291 3807 1390 3872 potest
1409 3803 1547 3871 quodlibet

380 3887 472 3940 libero
491 3889 629 3955 arbitrie,
651 3889 678 3941 si
697 3891 780 3942 nulla
803 3891 844 3943 sit
869 3892 965 3944 suasio
985 3894 1032 3946 sei
1052 3893 1164 3946 vocatio
1183 3889 1335 3966 (iuterna,
1356 3896 1388 3946 et
1407 3889 1546 3946 mundun
1614 3941 1615 3960 ,

382 3979 472 4042 legem
493 3979 668 4032 ordinariam
688 3981 776 4033 etiarn
795 3975 944 4052 externe),
965 3983 1011 4036 cui
1030 3981 1143 4038 credat:
1165 3985 1344 4050 profectost
1367 3984 1462 4050 ipsura
1481 3979 1546 4033 selis
1614 3963 1615 3984 ¹

381 4067 494 4120 eredere
513 4071 588 4122 Deus
614 4073 749 4136 operatur
768 4073 799 4122 in
819 4071 951 4140 bomine,
975 4075 1005 4124 et
1023 4072 1055 4126 in
1073 4073 1205 4128 omnibus
1224 4073 1332 4148 (etiam
1357 4073 1391 4124 in
1409 4071 1545 4126 voluntate

380 4156 524 4226 credendi,
546 4159 579 4211 de
599 4159 879 4229 castagnetum
898 4163 1092 4232 episcopatum
1105 4161 1265 4234 erraverat)
1284 4162 1480 4218 misericordia
1491 4161 1544 4212 sias

382 4245 535 4310 praevenit
553 4261 620 4312 nos,
648 4249 809 4301 consentire
829 4253 923 4302 sutem
949 4249 1094 4304 vocationi
1112 4250 1179 4316 Dei,
1201 4251 1249 4304 vel
1274 4250 1310 4303 ab
1335 4265 1368 4303 ea
1392 4246 1542 4306 diuortiis,

382 4333 457 4387 sieut
478 4333 550 4402 disi,
572 4337 704 4406 propriae
724 4339 887 4393 voluntatis
903 4343 958 4393 est.
972 4361 984 4388 s
999 4339 1187 4395 Profunditas
1199 4339 1401 4396 inscrutabilis
1413 4339 1443 4392 in
1456 4353 1486 4391 so
1496 4337 1541 4394 sat

381 4437 432 4475 cur
450 4424 525 4477 Deus
544 4425 598 4478 hac
616 4427 774 4491 mtiuurn
788 4427 949 4482 oeconomis
960 4431 990 4481 st
1003 4427 1210 4483 distributione
1230 4431 1340 4496 utatur,
1354 4427 1387 4482 in
1405 4443 1459 4497 qua
1469 4421 1542 4480 malti
