<?xml version="1.0" encoding="UTF-8"?>
<!DOCTYPE html PUBLIC "-//W3C//DTD XHTML 1.0 Transitional//EN"
    "http://www.w3.org/TR/xhtml1/DTD/xhtml1-transitional.dtd">
<html xmlns="http://www.w3.org/1999/xhtml" xml:lang="en" lang="en">
 <head>
  <title>
</title>
<meta http-equiv="Content-Type" content="text/html;charset=utf-8" />
  <meta name='ocr-system' content='tesseract 3.04.00' />
  <meta name='ocr-capabilities' content='ocr_page ocr_carea ocr_par ocr_line ocrx_word'/>
</head>
<body>
  <div class='ocr_page' id='page_1' title='image "./ioannisbaptfran01frangoog_0236.png"; bbox 0 0 3240 5064; ppageno 0'>
   <div class='ocr_carea' id='block_1_1' title="bbox 36 315 1216 2878">
    <p class='ocr_par' dir='ltr' id='par_1_1' title="bbox 36 315 1216 2878">
     <span class='ocr_line' id='line_1_1' title="bbox 539 315 718 378; baseline 0.011 -2"><span class='ocrx_word' id='word_1_1' title='bbox 539 346 577 362; x_wconf 97' lang='lat'><em>-</em></span> <span class='ocrx_word' id='word_1_2' title='bbox 598 315 660 378; x_wconf 79' lang='lat'>219</span> <span class='ocrx_word' id='word_1_3' title='bbox 680 346 718 360; x_wconf 95' lang='lat'>-</span> 
     </span>
     <span class='ocr_line' id='line_1_2' title="bbox 38 415 1213 509; baseline 0.003 -25"><span class='ocrx_word' id='word_1_4' title='bbox 38 419 105 486; x_wconf 91' lang='lat' dir='ltr'>lum</span> <span class='ocrx_word' id='word_1_5' title='bbox 120 419 327 506; x_wconf 86' lang='lat' dir='ltr'>intellectu,</span> <span class='ocrx_word' id='word_1_6' title='bbox 342 415 399 489; x_wconf 74' lang='lat' dir='ltr'>v&#39;el</span> <span class='ocrx_word' id='word_1_7' title='bbox 412 441 495 509; x_wconf 86' lang='lat' dir='ltr'>prae</span> <span class='ocrx_word' id='word_1_8' title='bbox 508 421 645 490; x_wconf 85' lang='lat' dir='ltr'>viribus</span> <span class='ocrx_word' id='word_1_9' title='bbox 658 419 769 488; x_wconf 86' lang='lat' dir='ltr'>solnm</span> <span class='ocrx_word' id='word_1_10' title='bbox 784 419 1020 489; x_wconf 84' lang='lat' dir='ltr'>naturalibus.</span> <span class='ocrx_word' id='word_1_11' title='bbox 1035 417 1109 490; x_wconf 90' lang='lat' dir='ltr'>Hoc</span> <span class='ocrx_word' id='word_1_12' title='bbox 1121 421 1213 489; x_wconf 88' lang='lat' dir='ltr'>enim</span> 
     </span>
     <span class='ocr_line' id='line_1_3' title="bbox 38 526 1213 619; baseline 0 -25"><span class='ocrx_word' id='word_1_13' title='bbox 38 527 131 596; x_wconf 85' lang='lat' dir='ltr'>modo</span> <span class='ocrx_word' id='word_1_14' title='bbox 144 527 331 595; x_wconf 69' lang='lat' dir='ltr'>acciendum</span> <span class='ocrx_word' id='word_1_15' title='bbox 343 526 429 619; x_wconf 80' lang='lat' dir='ltr'>qaid</span> <span class='ocrx_word' id='word_1_16' title='bbox 439 528 545 598; x_wconf 79' lang='lat' dir='ltr'>etiam</span> <span class='ocrx_word' id='word_1_17' title='bbox 559 527 601 596; x_wconf 84' lang='lat' dir='ltr'>de</span> <span class='ocrx_word' id='word_1_18' title='bbox 617 528 742 617; x_wconf 81' lang='lat' dir='ltr'>angelo</span> <span class='ocrx_word' id='word_1_19' title='bbox 754 533 871 618; x_wconf 79' lang='lat' dir='ltr'>posset</span> <span class='ocrx_word' id='word_1_20' title='bbox 881 527 1077 619; x_wconf 81' lang='lat' dir='ltr'>praedicari</span> <span class='ocrx_word' id='word_1_21' title='bbox 1090 531 1213 595; x_wconf 79' lang='lat' dir='ltr'>incom-</span> 
     </span>
     <span class='ocr_line' id='line_1_4' title="bbox 36 633 1213 725; baseline 0.005 -27"><span class='ocrx_word' id='word_1_22' title='bbox 36 634 338 720; x_wconf 65' lang='lat' dir='ltr'>prehensibilium</span> <span class='ocrx_word' id='word_1_23' title='bbox 353 657 415 704; x_wconf 88' lang='lat' dir='ltr'>nec</span> <span class='ocrx_word' id='word_1_24' title='bbox 429 642 524 704; x_wconf 87' lang='lat' dir='ltr'>esset</span> <span class='ocrx_word' id='word_1_25' title='bbox 539 633 751 703; x_wconf 87' lang='lat' dir='ltr'>attributum</span> <span class='ocrx_word' id='word_1_26' title='bbox 767 635 908 725; x_wconf 87' lang='lat' dir='ltr'>proprie</span> <span class='ocrx_word' id='word_1_27' title='bbox 923 634 1084 704; x_wconf 89' lang='lat' dir='ltr'>divinum</span> <span class='ocrx_word' id='word_1_28' title='bbox 1100 635 1213 725; x_wconf 84' lang='lat' dir='ltr'>expri-</span> 
     </span>
     <span class='ocr_line' id='line_1_5' title="bbox 39 741 1212 833; baseline 0.005 -27"><span class='ocrx_word' id='word_1_29' title='bbox 39 765 127 810; x_wconf 85' lang='lat' dir='ltr'>mens</span> <span class='ocrx_word' id='word_1_30' title='bbox 151 741 224 811; x_wconf 89' lang='lat' dir='ltr'>Dei</span> <span class='ocrx_word' id='word_1_31' title='bbox 246 742 470 829; x_wconf 84' lang='lat' dir='ltr'>infinitatem,</span> <span class='ocrx_word' id='word_1_32' title='bbox 498 742 617 833; x_wconf 90' lang='lat' dir='ltr'>prouti</span> <span class='ocrx_word' id='word_1_33' title='bbox 641 743 679 810; x_wconf 95' lang='lat' dir='ltr'>in</span> <span class='ocrx_word' id='word_1_34' title='bbox 701 741 767 810; x_wconf 89' lang='lat' dir='ltr'>illa</span> <span class='ocrx_word' id='word_1_35' title='bbox 792 742 1029 811; x_wconf 77' lang='lat' dir='ltr'>declaratione</span> <span class='ocrx_word' id='word_1_36' title='bbox 1062 743 1212 813; x_wconf 89' lang='lat' dir='ltr'>Concilii</span> 
     </span>
     <span class='ocr_line' id='line_1_6' title="bbox 38 847 1210 943; baseline 0.004 -28"><span class='ocrx_word' id='word_1_37' title='bbox 38 847 251 920; x_wconf 73' lang='lat' dir='ltr'>intenditur.</span> <span class='ocrx_word' id='word_1_38' title='bbox 270 849 435 943; x_wconf 85' lang='lat' dir='ltr'>Adeoque</span> <span class='ocrx_word' id='word_1_39' title='bbox 458 850 667 920; x_wconf 87' lang='lat' dir='ltr'>censendum</span> <span class='ocrx_word' id='word_1_40' title='bbox 689 854 745 921; x_wconf 85' lang='lat' dir='ltr'>eet</span> <span class='ocrx_word' id='word_1_41' title='bbox 767 850 904 919; x_wconf 88' lang='lat' dir='ltr'>omnino</span> <span class='ocrx_word' id='word_1_42' title='bbox 927 852 1142 921; x_wconf 82' lang='lat' dir='ltr'>contrarium</span> <span class='ocrx_word' id='word_1_43' title='bbox 1165 851 1210 937; x_wconf 90' lang='lat' dir='ltr'>ei,</span> 
     </span>
     <span class='ocr_line' id='line_1_7' title="bbox 38 944 1216 1049; baseline 0.003 -25"><span class='ocrx_word' id='word_1_44' title='bbox 38 955 123 1046; x_wconf 89' lang='lat' dir='ltr'>qnod</span> <span class='ocrx_word' id='word_1_45' title='bbox 148 955 247 1026; x_wconf 87' lang='lat' dir='ltr'>dixit</span> <span class='ocrx_word' id='word_1_46' title='bbox 270 957 431 1049; x_wconf 76' lang='lat' dir='ltr'>vasquez</span> <span class='ocrx_word' id='word_1_47' title='bbox 466 957 572 1047; x_wconf 84' lang='lat' dir='ltr'>(disp.</span> <span class='ocrx_word' id='word_1_48' title='bbox 590 957 647 1026; x_wconf 78' lang='lat'>42.</span> <span class='ocrx_word' id='word_1_49' title='bbox 667 981 697 1027; x_wconf 88' lang='lat' dir='ltr'>c.</span> <span class='ocrx_word' id='word_1_50' title='bbox 717 957 750 1026; x_wconf 79' lang='lat'>3.</span> <span class='ocrx_word' id='word_1_51' title='bbox 767 981 804 1026; x_wconf 89' lang='lat' dir='ltr'>n.</span> <span class='ocrx_word' id='word_1_52' title='bbox 825 958 911 1043; x_wconf 89' lang='grc'><strong>10.).</strong></span> <span class='ocrx_word' id='word_1_53' title='bbox 928 944 1006 1028; x_wconf 83' lang='lat' dir='ltr'>hit:</span> <span class='ocrx_word' id='word_1_54' title='bbox 1028 987 1045 1024; x_wconf 81' lang='lat' dir='ltr'>c</span> <span class='ocrx_word' id='word_1_55' title='bbox 1069 982 1148 1028; x_wconf 89' lang='lat' dir='ltr'>cum</span> <span class='ocrx_word' id='word_1_56' title='bbox 1179 963 1216 1045; x_wconf 89' lang='lat' dir='ltr'>(a</span> 
     </span>
     <span class='ocr_line' id='line_1_8' title="bbox 38 1061 1215 1156; baseline 0.004 -26"><span class='ocrx_word' id='word_1_57' title='bbox 38 1061 191 1132; x_wconf 78' lang='lat' dir='ltr'>Concilio</span> <span class='ocrx_word' id='word_1_58' title='bbox 216 1065 327 1150; x_wconf 88' lang='lat' dir='ltr'>Dens)</span> <span class='ocrx_word' id='word_1_59' title='bbox 342 1065 482 1134; x_wconf 82' lang='lat' dir='ltr'>dicatur</span> <span class='ocrx_word' id='word_1_60' title='bbox 506 1065 713 1152; x_wconf 63' lang='lat' dir='ltr'>inffabilia,</span> <span class='ocrx_word' id='word_1_61' title='bbox 730 1071 900 1134; x_wconf 85' lang='lat' dir='ltr'>ettamen</span> <span class='ocrx_word' id='word_1_62' title='bbox 923 1065 1055 1134; x_wconf 88' lang='lat' dir='ltr'>lumine</span> <span class='ocrx_word' id='word_1_63' title='bbox 1079 1066 1215 1156; x_wconf 84' lang='lat' dir='ltr'>gloriae</span> 
     </span>
     <span class='ocr_line' id='line_1_9' title="bbox 40 1173 1214 1269; baseline 0.003 -30"><span class='ocrx_word' id='word_1_64' title='bbox 40 1173 128 1242; x_wconf 87' lang='lat' dir='ltr'>beati</span> <span class='ocrx_word' id='word_1_65' title='bbox 152 1173 251 1242; x_wconf 86' lang='lat' dir='ltr'>sicut</span> <span class='ocrx_word' id='word_1_66' title='bbox 274 1175 366 1244; x_wconf 89' lang='lat' dir='ltr'>clare</span> <span class='ocrx_word' id='word_1_67' title='bbox 389 1173 523 1260; x_wconf 90' lang='lat' dir='ltr'>vident,</span> <span class='ocrx_word' id='word_1_68' title='bbox 543 1173 594 1242; x_wconf 90' lang='lat' dir='ltr'>sic</span> <span class='ocrx_word' id='word_1_69' title='bbox 617 1174 721 1243; x_wconf 92' lang='lat' dir='ltr'>etiam</span> <span class='ocrx_word' id='word_1_70' title='bbox 743 1173 870 1264; x_wconf 83' lang='lat' dir='ltr'>lingna</span> <span class='ocrx_word' id='word_1_71' title='bbox 892 1174 1019 1269; x_wconf 80' lang='lat' dir='ltr'>mentis</span> <span class='ocrx_word' id='word_1_72' title='bbox 1034 1175 1151 1266; x_wconf 86' lang='lat' dir='ltr'>ipsum</span> <span class='ocrx_word' id='word_1_73' title='bbox 1165 1175 1214 1244; x_wconf 85' lang='lat' dir='ltr'>ef-</span> 
     </span>
     <span class='ocr_line' id='line_1_10' title="bbox 40 1280 1211 1372; baseline 0.003 -25"><span class='ocrx_word' id='word_1_74' title='bbox 40 1281 104 1347; x_wconf 80' lang='lat' dir='ltr'>fari</span> <span class='ocrx_word' id='word_1_75' title='bbox 127 1287 166 1348; x_wconf 89' lang='lat' dir='ltr'>et</span> <span class='ocrx_word' id='word_1_76' title='bbox 188 1281 384 1372; x_wconf 83' lang='lat' dir='ltr'>exprimere</span> <span class='ocrx_word' id='word_1_77' title='bbox 398 1281 535 1372; x_wconf 82' lang='lat' dir='ltr'>possint</span> <span class='ocrx_word' id='word_1_78' title='bbox 557 1281 664 1350; x_wconf 85' lang='lat' dir='ltr'>sicuti</span> <span class='ocrx_word' id='word_1_79' title='bbox 678 1285 742 1366; x_wconf 86' lang='lat' dir='ltr'>est,</span> <span class='ocrx_word' id='word_1_80' title='bbox 761 1303 824 1350; x_wconf 91' lang='lat' dir='ltr'>nec</span> <span class='ocrx_word' id='word_1_81' title='bbox 838 1280 926 1372; x_wconf 88' lang='lat' dir='ltr'>ipsis</span> <span class='ocrx_word' id='word_1_82' title='bbox 942 1281 1082 1350; x_wconf 88' lang='lat' dir='ltr'>dicatur</span> <span class='ocrx_word' id='word_1_83' title='bbox 1094 1288 1211 1351; x_wconf 88' lang='lat' dir='ltr'>mente</span> 
     </span>
     <span class='ocr_line' id='line_1_11' title="bbox 40 1387 1209 1480; baseline -0.003 -25"><span class='ocrx_word' id='word_1_84' title='bbox 40 1387 245 1476; x_wconf 78' lang='lat' dir='ltr'>ineffabilis3</span> <span class='ocrx_word' id='word_1_85' title='bbox 265 1390 317 1459; x_wconf 88' lang='lat' dir='ltr'>sic</span> <span class='ocrx_word' id='word_1_86' title='bbox 338 1390 445 1458; x_wconf 89' lang='lat' dir='ltr'>etiam</span> <span class='ocrx_word' id='word_1_87' title='bbox 456 1412 519 1459; x_wconf 90' lang='lat' dir='ltr'>uec</span> <span class='ocrx_word' id='word_1_88' title='bbox 533 1388 622 1480; x_wconf 83' lang='lat' dir='ltr'>ipsis</span> <span class='ocrx_word' id='word_1_89' title='bbox 645 1389 783 1460; x_wconf 85' lang='lat' dir='ltr'>dicetur</span> <span class='ocrx_word' id='word_1_90' title='bbox 806 1389 1170 1479; x_wconf 71' lang='lat' dir='ltr'>incomprehensibilis.</span> <span class='ocrx_word' id='word_1_91' title='bbox 1192 1415 1209 1452; x_wconf 79' lang='lat' dir='ltr'><em>n</em></span> 
     </span>
     <span class='ocr_line' id='line_1_12' title="bbox 40 1495 1212 1589; baseline 0.002 -27"><span class='ocrx_word' id='word_1_92' title='bbox 40 1497 150 1589; x_wconf 80' lang='lat' dir='ltr'>Atqui</span> <span class='ocrx_word' id='word_1_93' title='bbox 174 1498 271 1566; x_wconf 82' lang='lat' dir='ltr'>sicut</span> <span class='ocrx_word' id='word_1_94' title='bbox 291 1499 386 1566; x_wconf 88' lang='lat' dir='ltr'>Deus</span> <span class='ocrx_word' id='word_1_95' title='bbox 410 1497 520 1566; x_wconf 88' lang='lat' dir='ltr'>beatis</span> <span class='ocrx_word' id='word_1_96' title='bbox 542 1497 580 1566; x_wconf 89' lang='lat' dir='ltr'>in</span> <span class='ocrx_word' id='word_1_97' title='bbox 602 1496 735 1566; x_wconf 87' lang='lat' dir='ltr'>lumine</span> <span class='ocrx_word' id='word_1_98' title='bbox 758 1497 893 1586; x_wconf 82' lang='lat' dir='ltr'>gloriae</span> <span class='ocrx_word' id='word_1_99' title='bbox 916 1501 971 1564; x_wconf 88' lang='lat' dir='ltr'>est</span> <span class='ocrx_word' id='word_1_100' title='bbox 992 1495 1113 1588; x_wconf 88' lang='lat' dir='ltr'>aliquo</span> <span class='ocrx_word' id='word_1_101' title='bbox 1128 1517 1212 1566; x_wconf 90' lang='lat' dir='ltr'>vero</span> 
     </span>
     <span class='ocr_line' id='line_1_13' title="bbox 42 1603 1208 1697; baseline 0.001 -26"><span class='ocrx_word' id='word_1_102' title='bbox 42 1627 141 1674; x_wconf 88' lang='lat' dir='ltr'>sensu</span> <span class='ocrx_word' id='word_1_103' title='bbox 166 1607 532 1694; x_wconf 75' lang='lat' dir='ltr'>incomprehensibilia,</span> <span class='ocrx_word' id='word_1_104' title='bbox 556 1606 648 1697; x_wconf 91' lang='lat' dir='ltr'>quod</span> <span class='ocrx_word' id='word_1_105' title='bbox 671 1627 754 1674; x_wconf 90' lang='lat' dir='ltr'>sane</span> <span class='ocrx_word' id='word_1_106' title='bbox 776 1603 936 1696; x_wconf 82' lang='lat' dir='ltr'>Vosquez</span> <span class='ocrx_word' id='word_1_107' title='bbox 960 1603 1035 1694; x_wconf 91' lang='lat' dir='ltr'>ipse</span> <span class='ocrx_word' id='word_1_108' title='bbox 1058 1627 1127 1672; x_wconf 92' lang='lat' dir='ltr'>non</span> <span class='ocrx_word' id='word_1_109' title='bbox 1149 1626 1208 1672; x_wconf 91' lang='lat' dir='ltr'>ne-</span> 
     </span>
     <span class='ocr_line' id='line_1_14' title="bbox 42 1709 1212 1805; baseline 0.002 -25"><span class='ocrx_word' id='word_1_110' title='bbox 42 1719 117 1800; x_wconf 81' lang='lat' dir='ltr'>gat:</span> <span class='ocrx_word' id='word_1_111' title='bbox 133 1713 189 1781; x_wconf 85' lang='lat' dir='ltr'>ita</span> <span class='ocrx_word' id='word_1_112' title='bbox 211 1713 328 1782; x_wconf 85' lang='lat' dir='ltr'>eodem</span> <span class='ocrx_word' id='word_1_113' title='bbox 355 1737 500 1805; x_wconf 81' lang='lat' dir='ltr'>prorsus</span> <span class='ocrx_word' id='word_1_114' title='bbox 530 1735 635 1782; x_wconf 89' lang='lat' dir='ltr'>sensu</span> <span class='ocrx_word' id='word_1_115' title='bbox 668 1717 724 1781; x_wconf 87' lang='lat' dir='ltr'>est</span> <span class='ocrx_word' id='word_1_116' title='bbox 758 1710 847 1802; x_wconf 90' lang='lat' dir='ltr'>ipsis</span> <span class='ocrx_word' id='word_1_117' title='bbox 881 1709 1103 1798; x_wconf 71' lang='lat' dir='ltr'>ineffabilis,</span> <span class='ocrx_word' id='word_1_118' title='bbox 1126 1711 1212 1782; x_wconf 87' lang='lat' dir='ltr'>haec</span> 
     </span>
     <span class='ocr_line' id='line_1_15' title="bbox 43 1815 1212 1909; baseline 0 -23"><span class='ocrx_word' id='word_1_119' title='bbox 43 1817 127 1886; x_wconf 82' lang='lat' dir='ltr'>enim</span> <span class='ocrx_word' id='word_1_120' title='bbox 152 1819 222 1888; x_wconf 90' lang='lat' dir='ltr'>duo</span> <span class='ocrx_word' id='word_1_121' title='bbox 244 1818 643 1909; x_wconf 76' lang='lat' dir='ltr'>incomprehensibilitas</span> <span class='ocrx_word' id='word_1_122' title='bbox 660 1823 696 1886; x_wconf 90' lang='lat' dir='ltr'>et</span> <span class='ocrx_word' id='word_1_123' title='bbox 711 1815 943 1886; x_wconf 85' lang='lat' dir='ltr'>ineffabilitas</span> <span class='ocrx_word' id='word_1_124' title='bbox 966 1816 1212 1908; x_wconf 78' lang='lat' dir='ltr'>aequaliterne</span> 
     </span>
     <span class='ocr_line' id='line_1_16' title="bbox 44 1923 1208 2020; baseline 0.004 -31"><span class='ocrx_word' id='word_1_125' title='bbox 44 1925 179 2011; x_wconf 83' lang='lat' dir='ltr'>babent,</span> <span class='ocrx_word' id='word_1_126' title='bbox 197 1949 260 1996; x_wconf 82' lang='lat' dir='ltr'>een</span> <span class='ocrx_word' id='word_1_127' title='bbox 281 1927 400 2018; x_wconf 86' lang='lat' dir='ltr'>potins</span> <span class='ocrx_word' id='word_1_128' title='bbox 416 1927 507 2020; x_wconf 87' lang='lat' dir='ltr'>quod</span> <span class='ocrx_word' id='word_1_129' title='bbox 521 1931 576 1995; x_wconf 87' lang='lat' dir='ltr'>est</span> <span class='ocrx_word' id='word_1_130' title='bbox 591 1925 709 2017; x_wconf 88' lang='lat' dir='ltr'>aliquo</span> <span class='ocrx_word' id='word_1_131' title='bbox 725 1947 829 1993; x_wconf 87' lang='lat' dir='ltr'>sensu</span> <span class='ocrx_word' id='word_1_132' title='bbox 844 1923 1208 2014; x_wconf 87' lang='lat' dir='ltr'>incomprehensibile,</span> 
     </span>
     <span class='ocr_line' id='line_1_17' title="bbox 45 2031 1213 2124; baseline 0.001 -25"><span class='ocrx_word' id='word_1_133' title='bbox 45 2031 154 2100; x_wconf 81' lang='lat' dir='ltr'>eodem</span> <span class='ocrx_word' id='word_1_134' title='bbox 176 2056 282 2102; x_wconf 84' lang='lat' dir='ltr'>sensu</span> <span class='ocrx_word' id='word_1_135' title='bbox 305 2039 359 2102; x_wconf 86' lang='lat' dir='ltr'>est</span> <span class='ocrx_word' id='word_1_136' title='bbox 382 2057 405 2100; x_wconf 86' lang='lat' dir='ltr'>c</span> <span class='ocrx_word' id='word_1_137' title='bbox 422 2033 576 2122; x_wconf 81' lang='lat' dir='ltr'>fortiori</span> <span class='ocrx_word' id='word_1_138' title='bbox 593 2031 783 2100; x_wconf 87' lang='lat' dir='ltr'>ineffabile.</span> <span class='ocrx_word' id='word_1_139' title='bbox 802 2031 854 2099; x_wconf 85' lang='lat' dir='ltr'>Eo</span> <span class='ocrx_word' id='word_1_140' title='bbox 876 2031 991 2121; x_wconf 86' lang='lat' dir='ltr'>igitur</span> <span class='ocrx_word' id='word_1_141' title='bbox 1008 2053 1124 2117; x_wconf 84' lang='lat' dir='ltr'>sensu,</span> <span class='ocrx_word' id='word_1_142' title='bbox 1145 2055 1213 2124; x_wconf 90' lang='lat' dir='ltr'>qno</span> 
     </span>
     <span class='ocr_line' id='line_1_18' title="bbox 46 2138 1212 2233; baseline 0.002 -27"><span class='ocrx_word' id='word_1_143' title='bbox 46 2138 128 2208; x_wconf 90' lang='lat' dir='ltr'>dicit</span> <span class='ocrx_word' id='word_1_144' title='bbox 149 2139 310 2233; x_wconf 81' lang='lat' dir='ltr'>Vasquec</span> <span class='ocrx_word' id='word_1_145' title='bbox 326 2142 445 2210; x_wconf 83' lang='lat' dir='ltr'>beatos</span> <span class='ocrx_word' id='word_1_146' title='bbox 467 2147 579 2210; x_wconf 88' lang='lat' dir='ltr'>mente</span> <span class='ocrx_word' id='word_1_147' title='bbox 602 2139 705 2209; x_wconf 84' lang='lat' dir='ltr'>effari</span> <span class='ocrx_word' id='word_1_148' title='bbox 727 2139 839 2207; x_wconf 90' lang='lat' dir='ltr'>Deum</span> <span class='ocrx_word' id='word_1_149' title='bbox 868 2139 962 2207; x_wconf 87' lang='lat' dir='ltr'>sicut</span> <span class='ocrx_word' id='word_1_150' title='bbox 990 2145 1063 2224; x_wconf 87' lang='lat' dir='ltr'>est,</span> <span class='ocrx_word' id='word_1_151' title='bbox 1089 2140 1212 2232; x_wconf 89' lang='lat' dir='ltr'>utique</span> 
     </span>
     <span class='ocr_line' id='line_1_19' title="bbox 47 2244 1215 2338; baseline 0.002 -26"><span class='ocrx_word' id='word_1_152' title='bbox 47 2267 120 2314; x_wconf 88' lang='lat' dir='ltr'>enm</span> <span class='ocrx_word' id='word_1_153' title='bbox 143 2248 248 2316; x_wconf 86' lang='lat' dir='ltr'>etiam</span> <span class='ocrx_word' id='word_1_154' title='bbox 273 2249 582 2338; x_wconf 85' lang='lat' dir='ltr'>comprehendunt;</span> <span class='ocrx_word' id='word_1_155' title='bbox 609 2248 669 2318; x_wconf 90' lang='lat' dir='ltr'>sed</span> <span class='ocrx_word' id='word_1_156' title='bbox 692 2247 778 2316; x_wconf 85' lang='lat' dir='ltr'>haec</span> <span class='ocrx_word' id='word_1_157' title='bbox 794 2244 1053 2336; x_wconf 89' lang='lat' dir='ltr'>comprehensio</span> <span class='ocrx_word' id='word_1_158' title='bbox 1068 2269 1137 2314; x_wconf 91' lang='lat' dir='ltr'>non</span> <span class='ocrx_word' id='word_1_159' title='bbox 1159 2251 1215 2314; x_wconf 90' lang='lat' dir='ltr'>est</span> 
     </span>
     <span class='ocr_line' id='line_1_20' title="bbox 47 2353 1212 2448; baseline 0 -28"><span class='ocrx_word' id='word_1_160' title='bbox 47 2353 138 2424; x_wconf 86' lang='lat' dir='ltr'>aliud</span> <span class='ocrx_word' id='word_1_161' title='bbox 161 2377 266 2448; x_wconf 90' lang='lat' dir='ltr'>qnam</span> <span class='ocrx_word' id='word_1_162' title='bbox 289 2357 381 2425; x_wconf 89' lang='lat' dir='ltr'>visio</span> <span class='ocrx_word' id='word_1_163' title='bbox 397 2355 571 2427; x_wconf 85' lang='lat' dir='ltr'>intuitiva</span> <span class='ocrx_word' id='word_1_164' title='bbox 586 2356 662 2442; x_wconf 90' lang='lat' dir='ltr'>Dei,</span> <span class='ocrx_word' id='word_1_165' title='bbox 679 2355 788 2424; x_wconf 85' lang='lat' dir='ltr'>aienti</span> <span class='ocrx_word' id='word_1_166' title='bbox 803 2359 868 2424; x_wconf 89' lang='lat' dir='ltr'>est.</span> <span class='ocrx_word' id='word_1_167' title='bbox 887 2353 955 2422; x_wconf 92' lang='lat' dir='ltr'>Illo</span> <span class='ocrx_word' id='word_1_168' title='bbox 972 2359 1089 2424; x_wconf 86' lang='lat' dir='ltr'>autem</span> <span class='ocrx_word' id='word_1_169' title='bbox 1105 2375 1212 2424; x_wconf 86' lang='lat' dir='ltr'>sensu</span> 
     </span>
     <span class='ocr_line' id='line_1_21' title="bbox 49 2461 1212 2557; baseline 0.002 -29"><span class='ocrx_word' id='word_1_170' title='bbox 49 2463 223 2548; x_wconf 90' lang='lat' dir='ltr'>strictiori,</span> <span class='ocrx_word' id='word_1_171' title='bbox 250 2487 318 2557; x_wconf 91' lang='lat' dir='ltr'>quo</span> <span class='ocrx_word' id='word_1_172' title='bbox 339 2465 436 2534; x_wconf 88' lang='lat' dir='ltr'>Deus</span> <span class='ocrx_word' id='word_1_173' title='bbox 458 2463 616 2533; x_wconf 87' lang='lat' dir='ltr'>absoluta</span> <span class='ocrx_word' id='word_1_174' title='bbox 638 2461 1001 2553; x_wconf 87' lang='lat' dir='ltr'>incomprehensibilis</span> <span class='ocrx_word' id='word_1_175' title='bbox 1034 2461 1212 2552; x_wconf 85' lang='lat' dir='ltr'>praedica·</span> 
     </span>
     <span class='ocr_line' id='line_1_22' title="bbox 49 2568 1213 2664; baseline 0.001 -28"><span class='ocrx_word' id='word_1_176' title='bbox 49 2575 113 2654; x_wconf 87' lang='lat' dir='ltr'>tur,</span> <span class='ocrx_word' id='word_1_177' title='bbox 131 2571 268 2640; x_wconf 90' lang='lat' dir='ltr'>omnino</span> <span class='ocrx_word' id='word_1_178' title='bbox 291 2573 384 2642; x_wconf 88' lang='lat' dir='ltr'>sicut</span> <span class='ocrx_word' id='word_1_179' title='bbox 407 2572 475 2641; x_wconf 88' lang='lat' dir='ltr'>sibi</span> <span class='ocrx_word' id='word_1_180' title='bbox 498 2571 565 2640; x_wconf 84' lang='lat' dir='ltr'>soli</span> <span class='ocrx_word' id='word_1_181' title='bbox 596 2571 938 2664; x_wconf 88' lang='lat' dir='ltr'>comprehensibilis,</span> <span class='ocrx_word' id='word_1_182' title='bbox 969 2570 1023 2639; x_wconf 89' lang='lat' dir='ltr'>ita</span> <span class='ocrx_word' id='word_1_183' title='bbox 1053 2569 1122 2638; x_wconf 89' lang='lat' dir='ltr'>sibi</span> <span class='ocrx_word' id='word_1_184' title='bbox 1146 2568 1213 2638; x_wconf 89' lang='lat' dir='ltr'>soli</span> 
     </span>
     <span class='ocr_line' id='line_1_23' title="bbox 50 2677 1213 2770; baseline -0.001 -24"><span class='ocrx_word' id='word_1_185' title='bbox 50 2681 192 2748; x_wconf 82' lang='lat' dir='ltr'>effabilis</span> <span class='ocrx_word' id='word_1_186' title='bbox 214 2687 280 2750; x_wconf 82' lang='lat' dir='ltr'>est.</span> <span class='ocrx_word' id='word_1_187' title='bbox 299 2681 374 2749; x_wconf 91' lang='lat' dir='ltr'>Hoc</span> <span class='ocrx_word' id='word_1_188' title='bbox 396 2680 489 2748; x_wconf 89' lang='lat' dir='ltr'>enim</span> <span class='ocrx_word' id='word_1_189' title='bbox 512 2679 652 2770; x_wconf 89' lang='lat' dir='ltr'>plenum</span> <span class='ocrx_word' id='word_1_190' title='bbox 676 2679 780 2766; x_wconf 81' lang='lat' dir='ltr'>effari</span> <span class='ocrx_word' id='word_1_191' title='bbox 795 2679 956 2748; x_wconf 87' lang='lat' dir='ltr'>divinum</span> <span class='ocrx_word' id='word_1_192' title='bbox 971 2677 1121 2749; x_wconf 85' lang='lat' dir='ltr'>relative</span> <span class='ocrx_word' id='word_1_193' title='bbox 1139 2699 1213 2766; x_wconf 84' lang='lat' dir='ltr'>ape-</span> 
     </span>
     <span class='ocr_line' id='line_1_24' title="bbox 51 2779 1213 2878; baseline -0.003 -22"><span class='ocrx_word' id='word_1_194' title='bbox 51 2795 172 2857; x_wconf 82' lang='lat' dir='ltr'>ctatum</span> <span class='ocrx_word' id='word_1_195' title='bbox 195 2790 233 2857; x_wconf 92' lang='lat' dir='ltr'>in</span> <span class='ocrx_word' id='word_1_196' title='bbox 256 2790 363 2858; x_wconf 89' lang='lat' dir='ltr'>Patre</span> <span class='ocrx_word' id='word_1_197' title='bbox 384 2792 439 2857; x_wconf 84' lang='lat' dir='ltr'>est</span> <span class='ocrx_word' id='word_1_198' title='bbox 461 2779 637 2878; x_wconf 73' lang='lat' dir='ltr'>expresiio</span> <span class='ocrx_word' id='word_1_199' title='bbox 661 2809 723 2856; x_wconf 84' lang='lat' dir='ltr'>sen</span> <span class='ocrx_word' id='word_1_200' title='bbox 746 2785 927 2876; x_wconf 83' lang='lat' dir='ltr'>generatio</span> <span class='ocrx_word' id='word_1_201' title='bbox 943 2784 1052 2854; x_wconf 91' lang='lat' dir='ltr'>Verbi</span> <span class='ocrx_word' id='word_1_202' title='bbox 1068 2785 1213 2854; x_wconf 88' lang='lat' dir='ltr'>consub-</span> 
     </span>
    </p>
   </div>
   <div class='ocr_carea' id='block_1_2' title="bbox 52 2891 1213 3094">
    <p class='ocr_par' dir='ltr' id='par_1_2' title="bbox 52 2891 1213 3094">
     <span class='ocr_line' id='line_1_25' title="bbox 52 2891 1213 2987; baseline -0.002 -25"><span class='ocrx_word' id='word_1_203' title='bbox 52 2895 237 2981; x_wconf 78' lang='lat' dir='ltr'>stantialis,</span> <span class='ocrx_word' id='word_1_204' title='bbox 264 2901 457 2987; x_wconf 81' lang='lat' dir='ltr'>spectetum</span> <span class='ocrx_word' id='word_1_205' title='bbox 480 2893 640 2964; x_wconf 82' lang='lat' dir='ltr'>absolute</span> <span class='ocrx_word' id='word_1_206' title='bbox 663 2897 719 2963; x_wconf 88' lang='lat' dir='ltr'>est</span> <span class='ocrx_word' id='word_1_207' title='bbox 740 2893 889 2983; x_wconf 89' lang='lat' dir='ltr'>ipsamet</span> <span class='ocrx_word' id='word_1_208' title='bbox 915 2891 1039 2961; x_wconf 84' lang='lat' dir='ltr'>divina</span> <span class='ocrx_word' id='word_1_209' title='bbox 1062 2913 1213 2981; x_wconf 88' lang='lat' dir='ltr'>compre·</span> 
     </span>
     <span class='ocr_line' id='line_1_26' title="bbox 54 3001 631 3094; baseline 0.003 -27"><span class='ocrx_word' id='word_1_210' title='bbox 54 3001 161 3072; x_wconf 68' lang='lat' dir='ltr'>hendo</span> <span class='ocrx_word' id='word_1_211' title='bbox 175 3005 237 3092; x_wconf 84' lang='lat' dir='ltr'>(cf.</span> <span class='ocrx_word' id='word_1_212' title='bbox 256 3026 364 3093; x_wconf 79' lang='lat' dir='ltr'>snpra</span> <span class='ocrx_word' id='word_1_213' title='bbox 377 3028 413 3094; x_wconf 93' lang='lat' dir='ltr'>p.</span> <span class='ocrx_word' id='word_1_214' title='bbox 429 3002 507 3072; x_wconf 78' lang='lat'><strong>162.</strong></span> <span class='ocrx_word' id='word_1_215' title='bbox 523 3001 631 3091; x_wconf 66' lang='lat' dir='ltr'>lta).</span> 
     </span>
    </p>
   </div>
   <div class='ocr_carea' id='block_1_3' title="bbox 56 3104 1324 3524">
    <p class='ocr_par' dir='ltr' id='par_1_3' title="bbox 56 3104 1324 3524">
     <span class='ocr_line' id='line_1_27' title="bbox 102 3104 1216 3204; baseline -0.004 -27"><span class='ocrx_word' id='word_1_216' title='bbox 102 3113 145 3178; x_wconf 52' lang='lat'>28</span> <span class='ocrx_word' id='word_1_217' title='bbox 161 3112 203 3180; x_wconf 93' lang='lat' dir='ltr'>In</span> <span class='ocrx_word' id='word_1_218' title='bbox 219 3111 405 3204; x_wconf 82' lang='lat' dir='ltr'>Scriptura</span> <span class='ocrx_word' id='word_1_219' title='bbox 421 3107 822 3201; x_wconf 85' lang='lat' dir='ltr'>incomprehensibilitas</span> <span class='ocrx_word' id='word_1_220' title='bbox 837 3107 904 3176; x_wconf 89' lang='lat' dir='ltr'>Dei</span> <span class='ocrx_word' id='word_1_221' title='bbox 918 3105 1130 3196; x_wconf 86' lang='lat' dir='ltr'>exprimitur</span> <span class='ocrx_word' id='word_1_222' title='bbox 1144 3104 1216 3196; x_wconf 91' lang='lat' dir='ltr'>pri-</span> 
     </span>
     <span class='ocr_line' id='line_1_28' title="bbox 56 3213 1211 3311; baseline -0.001 -29"><span class='ocrx_word' id='word_1_223' title='bbox 56 3241 135 3287; x_wconf 88' lang='lat' dir='ltr'>mum</span> <span class='ocrx_word' id='word_1_224' title='bbox 151 3221 332 3311; x_wconf 87' lang='lat' dir='ltr'>implicite,</span> <span class='ocrx_word' id='word_1_225' title='bbox 350 3219 558 3309; x_wconf 89' lang='lat' dir='ltr'>ubicumque</span> <span class='ocrx_word' id='word_1_226' title='bbox 573 3216 715 3286; x_wconf 86' lang='lat' dir='ltr'>infinita</span> <span class='ocrx_word' id='word_1_227' title='bbox 730 3217 796 3284; x_wconf 90' lang='lat' dir='ltr'>Dei</span> <span class='ocrx_word' id='word_1_228' title='bbox 812 3214 981 3306; x_wconf 86' lang='lat' dir='ltr'>perfectio</span> <span class='ocrx_word' id='word_1_229' title='bbox 997 3213 1211 3284; x_wconf 87' lang='lat' dir='ltr'>declaratur.</span> 
     </span>
     <span class='ocr_line' id='line_1_29' title="bbox 56 3321 1213 3417; baseline -0.003 -25"><span class='ocrx_word' id='word_1_230' title='bbox 56 3323 215 3416; x_wconf 84' lang='lat' dir='ltr'>Explicite</span> <span class='ocrx_word' id='word_1_231' title='bbox 238 3327 363 3397; x_wconf 87' lang='lat' dir='ltr'>deinde</span> <span class='ocrx_word' id='word_1_232' title='bbox 385 3327 608 3417; x_wconf 80' lang='lat' dir='ltr'>praedicatur</span> <span class='ocrx_word' id='word_1_233' title='bbox 623 3325 719 3394; x_wconf 90' lang='lat' dir='ltr'>Dens</span> <span class='ocrx_word' id='word_1_234' title='bbox 742 3321 1116 3414; x_wconf 71' lang='lat' dir='ltr'>incomprehensibilis,</span> <span class='ocrx_word' id='word_1_235' title='bbox 1135 3343 1213 3390; x_wconf 88' lang='lat' dir='ltr'>oum</span> 
     </span>
     <span class='ocr_line' id='line_1_30' title="bbox 57 3427 1324 3524; baseline -0.004 -24"><span class='ocrx_word' id='word_1_236' title='bbox 57 3435 311 3522; x_wconf 82' lang='lat' dir='ltr'>perfectionibus</span> <span class='ocrx_word' id='word_1_237' title='bbox 326 3435 418 3503; x_wconf 90' lang='lat' dir='ltr'>enim</span> <span class='ocrx_word' id='word_1_238' title='bbox 434 3431 501 3502; x_wconf 88' lang='lat' dir='ltr'>soli</span> <span class='ocrx_word' id='word_1_239' title='bbox 516 3433 588 3501; x_wconf 93' lang='lat' dir='ltr'>Deo</span> <span class='ocrx_word' id='word_1_240' title='bbox 604 3431 756 3524; x_wconf 86' lang='lat' dir='ltr'>propriis</span> <span class='ocrx_word' id='word_1_241' title='bbox 772 3429 992 3520; x_wconf 85' lang='lat' dir='ltr'>coniungunt</span> <span class='ocrx_word' id='word_1_242' title='bbox 1007 3427 1214 3518; x_wconf 76' lang='lat' dir='ltr'>Scripturas</span> <span class='ocrx_word' id='word_1_243' title='bbox 1321 3465 1324 3473; x_wconf 92' lang='lat'>·</span> 
     </span>
    </p>
   </div>
   <div class='ocr_carea' id='block_1_4' title="bbox 59 3535 1215 3846">
    <p class='ocr_par' dir='ltr' id='par_1_4' title="bbox 59 3535 1215 3846">
     <span class='ocr_line' id='line_1_31' title="bbox 60 3535 1211 3632; baseline -0.002 -28"><span class='ocrx_word' id='word_1_244' title='bbox 60 3541 305 3610; x_wconf 73' lang='lat' dir='ltr'>inaccessibilem</span> <span class='ocrx_word' id='word_1_245' title='bbox 321 3541 651 3632; x_wconf 78' lang='lat' dir='ltr'>copncccibilitatem</span> <span class='ocrx_word' id='word_1_246' title='bbox 667 3561 729 3608; x_wconf 85' lang='lat' dir='ltr'>seu</span> <span class='ocrx_word' id='word_1_247' title='bbox 753 3539 859 3605; x_wconf 77' lang='lat' dir='ltr'>lacem</span> <span class='ocrx_word' id='word_1_248' title='bbox 882 3537 961 3604; x_wconf 88' lang='lat' dir='ltr'>Dei:</span> <span class='ocrx_word' id='word_1_249' title='bbox 982 3566 998 3601; x_wconf 76' lang='grc' dir='ltr'><em>α</em></span> <span class='ocrx_word' id='word_1_250' title='bbox 1016 3535 1113 3604; x_wconf 84' lang='lat' dir='ltr'>solus</span> <span class='ocrx_word' id='word_1_251' title='bbox 1136 3540 1211 3626; x_wconf 90' lang='lat' dir='ltr'>pot-</span> 
     </span>
     <span class='ocr_line' id='line_1_32' title="bbox 59 3642 1214 3743; baseline -0.006 -29"><span class='ocrx_word' id='word_1_252' title='bbox 59 3668 159 3720; x_wconf 81' lang='lat' dir='ltr'>ens...</span> <span class='ocrx_word' id='word_1_253' title='bbox 175 3651 235 3743; x_wconf 90' lang='lat' dir='ltr'>qui</span> <span class='ocrx_word' id='word_1_254' title='bbox 258 3650 355 3719; x_wconf 88' lang='lat' dir='ltr'>solus</span> <span class='ocrx_word' id='word_1_255' title='bbox 370 3649 477 3717; x_wconf 89' lang='lat' dir='ltr'>habet</span> <span class='ocrx_word' id='word_1_256' title='bbox 499 3647 812 3732; x_wconf 87' lang='lat' dir='ltr'>immortalitatem,</span> <span class='ocrx_word' id='word_1_257' title='bbox 838 3650 874 3716; x_wconf 92' lang='lat' dir='ltr'>et</span> <span class='ocrx_word' id='word_1_258' title='bbox 897 3646 1004 3712; x_wconf 80' lang='lat' dir='ltr'>lacem</span> <span class='ocrx_word' id='word_1_259' title='bbox 1034 3642 1214 3709; x_wconf 78' lang='lat' dir='ltr'>inhahitat</span> 
     </span>
     <span class='ocr_line' id='line_1_33' title="bbox 61 3749 1215 3846; baseline -0.001 -28"><span class='ocrx_word' id='word_1_260' title='bbox 61 3757 305 3826; x_wconf 68' lang='lat' dir='ltr'>inacessibilem</span> <span class='ocrx_word' id='word_1_261' title='bbox 320 3758 371 3846; x_wconf 90' lang='lat'>(1)</span> <span class='ocrx_word' id='word_1_262' title='bbox 390 3783 407 3822; x_wconf 76' lang='lat' dir='ltr'><em>n</em></span> <span class='ocrx_word' id='word_1_263' title='bbox 427 3755 518 3825; x_wconf 74' lang='lat' dir='ltr'>Tim.</span> <span class='ocrx_word' id='word_1_264' title='bbox 534 3755 599 3826; x_wconf 85' lang='lat' dir='ltr'>Vl.</span> <span class='ocrx_word' id='word_1_265' title='bbox 618 3755 673 3824; x_wconf 89' lang='grc'>16.</span> <span class='ocrx_word' id='word_1_266' title='bbox 692 3754 833 3823; x_wconf 87' lang='lat' dir='ltr'>Pariter</span> <span class='ocrx_word' id='word_1_267' title='bbox 859 3776 901 3822; x_wconf 84' lang='lat' dir='ltr'>ex</span> <span class='ocrx_word' id='word_1_268' title='bbox 926 3749 1118 3821; x_wconf 86' lang='lat' dir='ltr'>altitudine</span> <span class='ocrx_word' id='word_1_269' title='bbox 1154 3772 1215 3818; x_wconf 88' lang='lat' dir='ltr'>seu</span> 
     </span>
    </p>
   </div>
   <div class='ocr_carea' id='block_1_5' title="bbox 64 3954 1216 4478">
    <p class='ocr_par' dir='ltr' id='par_1_5' title="bbox 64 3954 1216 4294">
     <span class='ocr_line' id='line_1_34' title="bbox 64 3954 1216 4026; baseline -0.016 -6"><span class='ocrx_word' id='word_1_270' title='bbox 64 3970 122 4020; x_wconf 62' lang='grc' dir='ltr'>(ΙΝ</span> <span class='ocrx_word' id='word_1_271' title='bbox 135 3961 220 4026; x_wconf 79' lang='lat' dir='ltr'>possit</span> <span class='ocrx_word' id='word_1_272' title='bbox 230 3977 291 4015; x_wconf 88' lang='lat' dir='ltr'>cum</span> <span class='ocrx_word' id='word_1_273' title='bbox 304 3961 358 4015; x_wconf 91' lang='lat' dir='ltr'>illo</span> <span class='ocrx_word' id='word_1_274' title='bbox 370 3961 474 4015; x_wconf 81' lang='lat' dir='ltr'>habere</span> <span class='ocrx_word' id='word_1_275' title='bbox 495 3961 600 4014; x_wconf 83' lang='lat' dir='ltr'>realem</span> <span class='ocrx_word' id='word_1_276' title='bbox 612 3959 852 4026; x_wconf 83' lang='lat' dir='ltr'>comparationem</span> <span class='ocrx_word' id='word_1_277' title='bbox 864 3959 894 4010; x_wconf 89' lang='lat' dir='ltr'>at</span> <span class='ocrx_word' id='word_1_278' title='bbox 903 3954 1112 4019; x_wconf 80' lang='lat' dir='ltr'>habitudinem,</span> <span class='ocrx_word' id='word_1_279' title='bbox 1129 3955 1216 4018; x_wconf 82' lang='lat' dir='ltr'>atque</span> 
     </span>
     <span class='ocr_line' id='line_1_35' title="bbox 64 4039 1216 4124; baseline -0.015 -16"><span class='ocrx_word' id='word_1_280' title='bbox 64 4043 120 4098; x_wconf 57' lang='lat'>⁸4²⁰</span> <span class='ocrx_word' id='word_1_281' title='bbox 135 4048 342 4124; x_wconf 66' lang='lat' dir='ltr'>distinctionem</span> <span class='ocrx_word' id='word_1_282' title='bbox 354 4051 387 4103; x_wconf 89' lang='lat' dir='ltr'>in</span> <span class='ocrx_word' id='word_1_283' title='bbox 407 4066 436 4104; x_wconf 89' lang='lat' dir='ltr'>re</span> <span class='ocrx_word' id='word_1_284' title='bbox 455 4050 530 4118; x_wconf 84' lang='lat' dir='ltr'>ipsa.</span> <span class='ocrx_word' id='word_1_285' title='bbox 544 4049 591 4104; x_wconf 82' lang='lat' dir='ltr'>Sic</span> <span class='ocrx_word' id='word_1_286' title='bbox 607 4065 674 4115; x_wconf 70' lang='lat' dir='ltr'>orgo</span> <span class='ocrx_word' id='word_1_287' title='bbox 694 4049 802 4102; x_wconf 89' lang='lat' dir='ltr'>dicitur</span> <span class='ocrx_word' id='word_1_288' title='bbox 813 4049 889 4100; x_wconf 85' lang='lat' dir='ltr'>Dens</span> <span class='ocrx_word' id='word_1_289' title='bbox 912 4039 1216 4112; x_wconf 85' lang='lat' dir='ltr'>incomprehensibilia</span> 
     </span>
     <span class='ocr_line' id='line_1_36' title="bbox 67 4129 1215 4208; baseline -0.016 -10"><span class='ocrx_word' id='word_1_290' title='bbox 67 4133 95 4184; x_wconf 58' lang='grc' dir='ltr'>*Β</span> <span class='ocrx_word' id='word_1_291' title='bbox 109 4138 166 4206; x_wconf 71' lang='grc' dir='ltr'><strong>ῑΙὶο,</strong></span> <span class='ocrx_word' id='word_1_292' title='bbox 187 4141 235 4208; x_wconf 83' lang='lat' dir='ltr'>qui</span> <span class='ocrx_word' id='word_1_293' title='bbox 253 4143 328 4194; x_wconf 85' lang='lat' dir='ltr'>Dens</span> <span class='ocrx_word' id='word_1_294' title='bbox 350 4155 407 4194; x_wconf 88' lang='lat' dir='ltr'>non</span> <span class='ocrx_word' id='word_1_295' title='bbox 428 4141 484 4208; x_wconf 85' lang='lat' dir='ltr'>slt;</span> <span class='ocrx_word' id='word_1_296' title='bbox 507 4145 536 4193; x_wconf 87' lang='lat' dir='ltr'>et</span> <span class='ocrx_word' id='word_1_297' title='bbox 559 4139 611 4192; x_wconf 91' lang='lat' dir='ltr'>hoo</span> <span class='ocrx_word' id='word_1_298' title='bbox 628 4139 773 4206; x_wconf 76' lang='lat' dir='ltr'>significat</span> <span class='ocrx_word' id='word_1_299' title='bbox 791 4137 957 4205; x_wconf 84' lang='lat' dir='ltr'>Scriptura,</span> <span class='ocrx_word' id='word_1_300' title='bbox 983 4132 1097 4200; x_wconf 85' lang='lat' dir='ltr'>quoties</span> <span class='ocrx_word' id='word_1_301' title='bbox 1116 4129 1151 4182; x_wconf 89' lang='lat' dir='ltr'>de</span> <span class='ocrx_word' id='word_1_302' title='bbox 1171 4129 1215 4182; x_wconf 88' lang='lat' dir='ltr'>in·</span> 
     </span>
     <span class='ocr_line' id='line_1_37' title="bbox 67 4225 609 4294; baseline -0.007 -16"><span class='ocrx_word' id='word_1_303' title='bbox 67 4225 350 4288; x_wconf 68' lang='lat' dir='ltr'>wurmhenmbffltetc</span> <span class='ocrx_word' id='word_1_304' title='bbox 369 4228 423 4280; x_wconf 87' lang='lat' dir='ltr'>Dei</span> <span class='ocrx_word' id='word_1_305' title='bbox 442 4227 609 4294; x_wconf 67' lang='lat' dir='ltr'>loqultur.u</span> 
     </span>
    </p>

    <p class='ocr_par' dir='ltr' id='par_1_6' title="bbox 72 4306 1216 4478">
     <span class='ocr_line' id='line_1_38' title="bbox 116 4306 1216 4382; baseline -0.011 -14"><span class='ocrx_word' id='word_1_306' title='bbox 116 4309 151 4382; x_wconf 87' lang='lat' dir='ltr'>(l)</span> <span class='ocrx_word' id='word_1_307' title='bbox 168 4315 199 4367; x_wconf 90' lang='lat' dir='ltr'>In</span> <span class='ocrx_word' id='word_1_308' title='bbox 212 4321 294 4370; x_wconf 83' lang='lat' dir='ltr'>textu</span> <span class='ocrx_word' id='word_1_309' title='bbox 313 4331 412 4382; x_wconf 68' lang='lat' dir='ltr'>graeco</span> <span class='ocrx_word' id='word_1_310' title='bbox 431 4317 495 4370; x_wconf 85' lang='lat' dir='ltr'>sine</span> <span class='ocrx_word' id='word_1_311' title='bbox 514 4315 660 4382; x_wconf 75' lang='lat' dir='ltr'>porticula</span> <span class='ocrx_word' id='word_1_312' title='bbox 672 4313 885 4370; x_wconf 79' lang='lat' dir='ltr'>coniunctionis</span> <span class='ocrx_word' id='word_1_313' title='bbox 902 4309 1068 4380; x_wconf 80' lang='lat' dir='ltr'>expressius</span> <span class='ocrx_word' id='word_1_314' title='bbox 1082 4310 1128 4362; x_wconf 83' lang='lat' dir='ltr'>ost</span> <span class='ocrx_word' id='word_1_315' title='bbox 1142 4306 1154 4360; x_wconf 82' lang='grc' dir='ltr'>ὁ</span> <span class='ocrx_word' id='word_1_316' title='bbox 1168 4323 1216 4377; x_wconf 74' lang='grc' dir='ltr'>μο-</span> 
     </span>
     <span class='ocr_line' id='line_1_39' title="bbox 72 4399 684 4478; baseline -0.005 -18"><span class='ocrx_word' id='word_1_317' title='bbox 72 4415 103 4456; x_wconf 68' lang='lat' dir='ltr'>’lt</span> <span class='ocrx_word' id='word_1_318' title='bbox 119 4399 174 4472; x_wconf 61' lang='grc' dir='ltr'>ἔχων</span> <span class='ocrx_word' id='word_1_319' title='bbox 191 4403 352 4470; x_wconf 60' lang='lat' dir='ltr'>cibaremur,</span> <span class='ocrx_word' id='word_1_320' title='bbox 369 4420 420 4478; x_wconf 77' lang='grc' dir='ltr'>φως</span> <span class='ocrx_word' id='word_1_321' title='bbox 437 4401 512 4460; x_wconf 70' lang='lat' dir='ltr'>dcxciv</span> <span class='ocrx_word' id='word_1_322' title='bbox 532 4401 684 4476; x_wconf 73' lang='grc' dir='ltr'><strong><em>ἅπροσιτον.</em></strong></span> 
     </span>
    </p>
   </div>
   <div class='ocr_carea' id='block_1_6' title="bbox 0 0 1661 5064">
    <p class='ocr_par' dir='ltr' id='par_1_7' title="bbox 0 0 1661 5064">
     <span class='ocr_line' id='line_1_40' title="bbox 0 0 1661 5064; baseline 0 0"><span class='ocrx_word' id='word_1_323' title='bbox 0 0 1661 5064; x_wconf 95' lang='lat' dir='ltr'> </span> 
     </span>
    </p>
   </div>
  </div>
 </body>
</html>
