3394 5056
387 460 464 506 rom
488 443 571 504 suut
592 435 770 504 evidentia
792 443 828 502 et
850 331 1028 526 perspbdte
1051 435 1115 522 (1).
1140 431 1195 500 ct.
1210 431 1393 502 Patavium
1409 431 1551 521 Proleg.

387 567 417 612 o.
436 543 478 630 83
494 542 650 632 Aguirre
665 542 755 632 disp.
774 541 843 608 111.
860 548 946 610 sect.
965 541 999 610 2.

467 753 514 814 De
534 754 745 814 distinctione
765 755 934 814 doctrinae
954 754 993 813 de
1009 751 1072 812 Deo
1093 769 1159 810 ano
1178 760 1209 812 et
1223 751 1262 810 de
1276 748 1340 810 Deo
1362 749 1461 808 trino.

453 937 466 963 a
478 916 633 982 'theologia
653 918 778 983 pressius
797 919 912 982 accepta
932 931 979 968 seu
999 915 1129 968 doctrina
1148 915 1277 966 revelata
1294 911 1328 964 de
1342 911 1399 963 Deo
1411 907 1556 974 duplicem

392 1027 404 1054 ι
419 1007 616 1073 complectitur
636 1006 844 1070 tractationem,
862 1006 893 1058 in
913 1019 1030 1072 quarum
1049 1005 1139 1071 priori
1159 1001 1357 1057 consideratur
1374 997 1415 1066 id,
1433 995 1509 1064 quod
1521 997 1557 1048 in

390 1115 403 1142 s
418 1095 476 1148 Deo
495 1095 657 1149 absolutum
674 1099 718 1148 est
737 1099 766 1146 at
785 1109 886 1160 unum;
910 1095 941 1146 iu
961 1095 1055 1147 altera
1070 1097 1237 1161 spectantur
1259 1091 1394 1156 relativa,
1415 1102 1487 1155 quae
1507 1099 1557 1138 ss·

391 1184 537 1238 ‚cundum
556 1185 701 1238 formalem
724 1185 863 1238 rationem
891 1185 1013 1250 originis
1032 1185 1118 1238 unius
1140 1185 1176 1236 ab
1196 1185 1298 1248 altero,
1321 1185 1351 1233 at
1372 1177 1490 1247 proinde
1510 1191 1557 1228 se·

389 1295 402 1322 a
417 1274 537 1327 cundum
557 1274 724 1327 relationem
743 1275 828 1328 unius
848 1273 883 1328 ad
902 1276 1023 1328 alterum
1044 1275 1121 1327 inter
1135 1289 1165 1326 sa
1183 1273 1303 1328 realiter
1321 1269 1555 1334 distinguuntur:

390 1383 402 1410 ι
419 1363 491 1415 uude
512 1363 641 1416 doctrina
654 1365 687 1416 de
705 1365 762 1417 Deo
780 1363 932 1418 secuudum
955 1365 1087 1418 absoluta
1105 1381 1122 1417 a
1140 1366 1276 1418 Patribus
1289 1362 1397 1432 dicitur
1410 1353 1558 1420 theotonis

389 1471 403 1498 ι
417 1451 511 1514 antra,
532 1451 664 1504 doctrina
682 1451 717 1504 da
735 1453 794 1504 Deo
817 1450 967 1504 secundum
989 1453 1115 1504 relatiua
1140 1453 1305 1519 appellatur
1325 1445 1471 1512 theotonis
1493 1441 1557 1492 dis-

388 1541 542 1593 olineto.-

453 1701 482 1768 Ι.
501 1701 682 1770 Catholica
704 1701 745 1770 de
774 1701 843 1768 Deo
880 1702 1046 1792 professio
1080 1701 1124 1770 ad
1161 1699 1263 1768 fidem
1297 1703 1484 1768 revocatur
1516 1694 1558 1762 in

385 1832 488 1874 onum
512 1809 617 1875 Deum
642 1809 802 1890 Patrem,
829 1809 980 1891 Filium,
998 1825 1031 1876 et
1053 1811 1223 1897 Spiritum
1249 1808 1421 1874 Sanctum.
1438 1803 1488 1870 Ut
1503 1801 1558 1868 iu·

387 1915 590 2006 telligamus
614 1916 709 1984 credi
740 1923 897 2006 oportere
931 1917 1104 1986 unitatem
1138 1915 1325 1986 secundum
1360 1911 1559 1980 absolutam

387 2023 571 2091 essentiam
595 2045 664 2114 qua
686 2023 780 2092 Deus
803 2029 868 2108 est,
886 2031 922 2092 et
944 2024 1205 2093 distinctionem
1228 2020 1357 2090 realem
1379 2017 1498 2086 Patris
1520 2021 1560 2086 et

387 2129 474 2197 Filii
496 2135 533 2197 et
562 2127 719 2218 Spiritus
742 2127 863 2198 Sancti
896 2153 965 2198 non
999 2131 1186 2200 secuudum
1216 2127 1409 2197 absolutam
1442 2146 1558 2194 esseu-

386 2235 496 2316 tiam‚
533 2235 592 2302 sed
628 2235 729 2302 unice
763 2237 951 2306 secundum
978 2237 1166 2305 relationes
1189 2233 1338 2324 originis
1371 2232 1478 2300 unius
1512 2232 1559 2298 ab

388 2342 518 2428 alter03
551 2348 587 2410 et
616 2341 693 2410 ideo
723 2365 887 2432 personas
921 2367 989 2412 non
1019 2343 1194 2433 distingui
1228 2341 1272 2410 ab
1306 2363 1377 2410 uua
1403 2337 1560 2408 essentia

388 2450 504 2518 tribus
527 2449 721 2534 communi,
747 2450 806 2520 aed
838 2449 932 2519 inter
967 2473 1003 2519 se
1037 2451 1187 2520 invicem
1210 2449 1341 2532 solum,
1368 2447 1558 2516 secuudum

389 2556 479 2650 quod
502 2557 697 2624 formaliter
722 2557 874 2625 relativa
899 2565 992 2626 sunt.
1019 2559 1113 2628 Haec
1130 2557 1297 2648 professio
1325 2557 1362 2624 in
1378 2554 1560 2644 theologia

388 2663 566 2734 Ecclesiae
596 2664 632 2731 h.
651 2687 681 2732 e.
706 2663 743 2732 in
768 2663 1029 2734 definitionibus
1058 2675 1093 2735 et
1120 2665 1290 2755 symbolis
1320 2663 1559 2754 explicatiori-

390 2773 454 2840 bus
477 2773 529 2841 ita
552 2772 757 2841 distinctius
787 2773 999 2844 declaratur.
1025 2802 1041 2838 a
1062 2773 1242 2843 Credimus
1264 2779 1301 2842 et
1330 2771 1557 2856 confitemur,

388 2879 478 2969 quod
502 2901 572 2946 una
601 2879 767 2970 quaedam
799 2901 932 2948 summa
961 2903 1017 2950 res
1049 2887 1104 2948 est
1135 2877 1492 2970 incompreheusibilis
1521 2883 1561 2945 et

388 2985 598 3070 ineffabilis,
616 3007 703 3078 quae
728 2987 901 3056 veraciter
924 2995 978 3056 est
999 2987 1104 3056 Pater
1127 2993 1163 3057 et
1184 2987 1300 3056 Filius
1333 2994 1370 3058 et
1400 2985 1561 3076 Spiritus

389 3092 550 3177 Sanctus,
567 3100 639 3162 tres
655 3093 758 3161 simul
775 3116 939 3184 personae
954 3101 991 3164 at
1007 3095 1216 3185 singillatim
1232 3093 1408 3186 quaelibet
1434 3115 1559 3162 earun-

388 3199 476 3268 dem.
493 3201 544 3268 Et
565 3201 641 3268 ideo
663 3199 700 3268 iu
724 3201 795 3269 Deo
820 3201 978 3272 Trinitas
1000 3209 1055 3271 est
1077 3203 1287 3272 solummodo
1318 3224 1387 3270 non
1417 3208 1558 3293 quater-

387 3307 482 3374 nitas
505 3311 587 3392 (non
609 3315 683 3376 tres
705 3307 893 3378 distinctae
917 3332 1093 3398 personae,
1113 3315 1149 3380 et
1172 3310 1274 3379 velut
1296 3332 1352 3378 res
1376 3316 1502 3401 quarta
1514 3307 1559 3376 ab

389 3415 439 3480 eis
462 3413 631 3482 distincta
653 3423 792 3500 natura,
811 3422 852 3484 ut
872 3416 991 3484 Abbas
1009 3417 1162 3486 Ioaohim
1188 3417 1374 3498 obiiciebat
1396 3415 1560 3508 consequi

388 3544 430 3590 er
453 3520 612 3590 doctrina
636 3521 731 3590 Petri
761 3523 981 3609 Lombardi),
1007 3525 1090 3616 quia
1113 3525 1289 3617 quaelibet
1310 3523 1420 3594 trium
1443 3545 1559 3613 perso·

388 3651 511 3696 uarum
528 3637 583 3698 est
597 3629 662 3698 illa
677 3653 744 3714 res,
766 3631 930 3702 videlicet
945 3634 1155 3718 substantia,
1173 3631 1324 3702 essentia
1341 3631 1416 3702 sive
1428 3639 1560 3700 natura

388 3735 521 3820 divina,
536 3759 623 3828 quae
635 3737 709 3805 sola
720 3747 774 3808 est
786 3741 1028 3808 universorum
1042 3740 1266 3831 principium,
1281 3741 1356 3807 siue
1380 3761 1447 3830 quo
1459 3737 1559 3807 aliud

387 3844 541 3912 inveniri
563 3868 631 3912 uon
654 3851 769 3936 potest
791 3847 1030 3936 (operationes
1061 3849 1152 3916 enim
1175 3849 1219 3916 ad
1242 3853 1346 3916 extra
1375 3853 1459 3916 sunt
1493 3845 1559 3915 Dei

388 3955 429 4017 ut
459 3973 551 4020 unus
585 3961 661 4036 est,
686 3975 754 4020 non
777 3960 819 4020 ut
845 3977 1010 4044 personae
1040 3961 1124 4024 suut
1154 3955 1342 4026 distinctae
1375 3954 1470 4022 inter
1492 3955 1556 4037 se).

388 4053 438 4124 Et
460 4057 525 4124 illa
547 4081 602 4126 res
625 4063 778 4143 (natura
800 4061 960 4130 absoluta
982 4069 1018 4130 et
1040 4063 1156 4132 tribus
1179 4063 1390 4147 communia)
1413 4083 1482 4128 nou
1504 4067 1561 4130 est

452 4215 494 4292 (1)
509 4241 520 4268 ι
536 4221 623 4275 Sacra
649 4221 780 4276 doctrina
797 4227 842 4276 est
865 4225 995 4292 solantis,
1018 4228 1086 4294 qnia
1104 4227 1233 4295 procedit
1251 4245 1284 4282 ex
1305 4229 1458 4298 priuelplls
1480 4231 1558 4284 notis

391 4309 498 4363 lumina
530 4313 687 4394 superioris
713 4313 858 4380 scientias,
887 4329 959 4382 quse
989 4316 1100 4370 scilicet
1121 4321 1167 4370 est
1185 4319 1308 4374 scicntia
1330 4319 1383 4374 Del
1408 4323 1438 4372 et
1457 4319 1558 4374 Beato·

391 4399 656 4468 tumus-Th.l.q.
669 4401 732 4456 l.a.
745 4403 771 4453 2.
