3240 5064
569 359 607 376 ...
628 327 689 388 253
710 359 748 378 .-

72 433 157 524 quid
182 457 241 504 rea
264 433 324 518 sit,
351 438 491 505 constet
514 433 755 525 designatione
779 431 919 522 generis
949 430 1100 523 proximi
1123 436 1158 500 et
1181 429 1247 499 dif-

69 541 244 610 ferentiae
266 542 413 611 ultimae
426 542 488 630 (l).
509 541 609 610 Talis
632 564 715 611 vero
739 540 898 610 definitio
912 539 978 609 Dei
995 562 1063 609 non
1080 538 1191 608 solum
1208 545 1249 608 nt

67 644 164 717 Dens
188 651 226 718 in
251 672 288 718 se
310 656 377 733 est,
396 650 585 720 sedetiam
608 655 650 720 nt
671 671 692 718 e
716 647 815 718 nobis
838 648 1046 738 concipitur,
1062 646 1246 738 nnllepot-

66 763 119 824 est
150 758 253 842 dari,
280 759 364 850 quie
385 759 423 826 in
446 759 518 828 Dec
540 758 633 826 nihil
655 780 699 828 ne
722 779 883 848 supreme
905 756 1045 849 quidem
1072 755 1164 826 ratio
1192 780 1246 822 en-

66 867 111 930 eis
133 873 194 936 est
216 867 353 959 aliquid
383 889 583 950 commune,
618 867 710 958 quod
740 865 864 938 addita
893 865 1104 955 perfectione
1134 864 1245 934 deter-

65 971 224 1042 minetur
261 973 307 1040 ad
340 973 510 1042 rationem
546 973 722 1064 propriam
755 972 844 1059 Dei;
882 971 941 1041 sed
975 972 1052 1062 ipsa
1086 993 1247 1062 supreme

66 1079 133 1146 ille
149 1081 263 1148 Ensis
286 1081 378 1149 ratio
401 1103 463 1171 per
486 1101 524 1150 se
545 1081 657 1171 ipsam
673 1086 728 1150 est
743 1081 890 1150 maxime
913 1079 1118 1170 propriaue
1142 1078 1245 1170 plens

65 1184 211 1255 diversa
235 1188 279 1255 ab
302 1188 394 1256 omni
428 1188 564 1256 ratione
594 1189 707 1272 entis,
734 1189 824 1280 quod
856 1193 995 1280 praeter
1024 1186 1135 1256 Deum
1166 1209 1243 1256 con-

65 1294 182 1384 cipere
205 1317 411 1386 possumus5
438 1318 499 1366 nec
523 1295 599 1364 ulla
621 1297 655 1369 ei
678 1295 759 1366 addi
791 1300 905 1385 potest
931 1293 1099 1363 distincta
1131 1293 1242 1390 perfe-

67 1402 164 1487 ctio,
189 1425 259 1496 qua
281 1403 556 1488 determinetur,
576 1404 659 1496 quia
681 1403 772 1473 illud
794 1404 883 1472 Esse
905 1401 1017 1494 ipsum
1048 1407 1103 1470 est
1133 1401 1243 1470 omnis

66 1511 238 1598 perfectio
263 1511 327 1600 (2).
362 1511 599 1581 Nihilominus
631 1512 794 1604 quoniam
822 1532 944 1578 nomen
968 1513 1055 1576 entis
1086 1514 1140 1578 est
1162 1531 1243 1578 ana·

67 1616 210 1707 logum,
237 1618 273 1687 h.
302 1643 333 1689 e.
359 1621 522 1712 quoniam
555 1644 611 1687 ens
647 1619 891 1710 principaliter
925 1617 1057 1688 dietum
1095 1617 1137 1687 de
1172 1617 1243 1686 Deo

67 1733 184 1814 potest
207 1726 315 1795 etiam
342 1727 566 1817 significare,
593 1727 683 1820 quod
706 1733 762 1798 est
783 1731 923 1816 praeter
945 1725 1056 1796 Deum
1083 1724 1244 1796 diversae

71 1833 207 1924 quidem
223 1834 363 1903 omnino
385 1833 545 1920 rationis,
564 1836 624 1904 sed
648 1842 765 1904 temen
788 1833 1022 1903 assimilatum
1057 1838 1092 1901 et
1121 1832 1242 1902 subor-

70 1939 227 2008 dinatum
250 1941 294 2010 od
328 1965 384 2008 ens
418 1942 579 2012 divinum
605 1943 676 2031 (d);
706 1943 782 2013 ideo
813 1963 995 2032 possumne
1025 1940 1090 2009 hoo
1121 1963 1241 2010 nomen

73 2048 244 2138 applicare
268 2049 312 2118 ad
343 2049 614 2140 significandum
643 2051 882 2122 tantummodo
913 2073 969 2116 ece
999 2048 1159 2117 divinum
1182 2071 1243 2140 per

72 2156 227 2225 additum
247 2181 270 2223 c
285 2181 331 2237 se,
346 2157 438 2250 quod
462 2159 562 2228 velut
577 2160 738 2229 ultimam
754 2159 990 2230 differentiam
1006 2156 1241 2246 intelligimus

74 2263 290 2334 diversitatis
313 2267 356 2334 ab
379 2271 458 2335 ente
492 2266 716 2358 participato.
742 2266 843 2335 Unde
877 2265 962 2334 haec
997 2263 1240 2334 determinatio

73 2372 217 2442 nominis
240 2373 383 2464 enclogi
406 2373 451 2442 ad
474 2375 768 2464 significationem
792 2373 1021 2465 principalem
1056 2395 1117 2462 per
1140 2372 1239 2441 addi-

74 2483 142 2546 tam
164 2479 262 2550 velut
284 2481 522 2551 differentiam
549 2483 709 2552 nltimam
732 2483 838 2553 habet
868 2481 1041 2572 quendam
1073 2479 1239 2548 similitu·

74 2584 182 2656 dinem
205 2611 283 2658 cum
307 2589 520 2659 definitione.
537 2590 722 2660 Praeterea
744 2589 986 2680 perfectiones,
1005 2586 1146 2679 quaein
1163 2610 1240 2656 cou-

75 2701 169 2784 oeptn
193 2699 281 2763 entis
307 2721 329 2762 a
350 2720 385 2763 se
415 2699 557 2766 confuse
585 2698 936 2788 comprehenduntur,
962 2717 1144 2787 possumus
1171 2695 1240 2762 dis·

76 2802 218 2873 tinctius
250 2803 445 2896 explicare,
463 2809 570 2896 atque
593 2805 647 2873 ita
662 2806 770 2873 Deum
791 2804 1015 2896 aliquatenus
1029 2802 1236 2872 describere.

130 3018 169 3092 (l)
187 3021 263 3086 Quin
281 3022 463 3078 differentias
482 3023 611 3087 ultimas,
637 3024 742 3091 quibus
759 3023 913 3078 individue
930 3023 966 3076 ab
984 3020 1148 3076 individuis
1165 3021 1237 3074 eins-

75 3109 129 3164 dsn
148 3114 253 3180 speciei
271 3112 484 3180 discernuntur,
498 3129 555 3168 non
568 3115 772 3182 cognoscimus,
792 3115 848 3169 dici
862 3116 949 3168 solet:
972 3112 1164 3178 singularium
1182 3127 1237 3164 non

76 3198 540 3256 detundefinitic.1)sturtsmen
564 3219 659 3258 eorum
679 3205 835 3272 descriptio
858 3220 909 3272 per
932 3201 1108 3269 accidentia,
1133 3201 1238 3268 quibus

76 3289 240 3343 seinvicem
263 3289 482 3355 distinguimus.

131 3375 170 3450 (2)
193 3379 252 3432 ald
273 3379 349 3446 qnod
372 3395 515 3435 commune
533 3387 579 3435 est
599 3385 647 3436 vel
667 3382 832 3436 universale
853 3383 916 3436 sine
935 3382 1084 3437 additione
1104 3397 1159 3433 esse
1178 3397 1238 3434 nou

72 3477 160 3532 potest,
182 3467 232 3523 sed
255 3470 319 3522 eine
342 3469 489 3524 additione
508 3472 736 3526 consideratur...
754 3474 823 3526 licet
843 3473 930 3527 etiam
950 3473 1115 3528 universale
1131 3473 1237 3538 cogite-

77 3560 117 3610 ιιι
136 3561 243 3628 absque
266 3559 425 3628 additione,
448 3577 503 3616 non
523 3566 618 3616 temen
638 3565 745 3631 absque
757 3565 984 3632 receptibilitste
1003 3563 1164 3617 additionis
1180 3563 1234 3627 est;

76 3662 131 3701 nan
150 3651 176 3704 sl
191 3650 313 3704 animali
333 3651 415 3704 nulla
436 3651 601 3706 differentia
619 3653 687 3706 addi
703 3657 810 3722 posset,
829 3669 917 3721 genus
937 3670 993 3707 non
1007 3658 1091 3720 esset,
1114 3656 1144 3706 et
1158 3655 1235 3706 simi·

76 3735 136 3789 liter
155 3743 199 3794 est
215 3739 250 3792 ds
271 3740 402 3792 omnibns
420 3741 489 3795 eliis
511 3743 684 3796 nominibus.
705 3744 843 3796 Divinum
869 3753 959 3796 actem
980 3745 1048 3796 Esse
1073 3751 1111 3794 est
1135 3743 1237 3808 absque
1269 3739 1277 3761 ⁸

77 3827 211 3880 additione
221 3845 283 3880 nou
299 3833 389 3881 solum
406 3832 591 3898 cecitatione,
608 3833 655 3885 secl
668 3834 752 3885 etiam
764 3833 796 3885 in
807 3850 899 3886 rerum
908 3842 1024 3895 cutura,
1037 3840 1134 3884 cisson
1147 3833 1236 3883 solum

77 3917 166 3982 clepus
184 3919 334 3970 additione
344 3919 393 3971 sed
406 3921 489 3972 etiem
502 3923 603 3988 absque
617 3923 836 3989 receptibiliteis
853 3921 1012 3974 additionis
1024 3943 1037 3971 s
1052 3920 1081 3974 S.
1092 3921 1145 3974 uh.
1157 3923 1233 3974 cont.

79 4007 144 4067 tent.
157 4007 208 4060 lib.
219 4009 243 4060 Ι.
258 4023 282 4060 c.
294 4008 345 4075 263
366 4009 403 4062 os.
419 4009 444 4062 1.
460 4027 488 4078 q.
501 4011 527 4065 8.
540 4027 566 4063 ιι.
579 4012 607 4064 4.
621 4011 657 4064 sd
673 4012 698 4063 1.

133 4091 171 4168 (d)
189 4099 230 4152 De
250 4099 394 4167 analogia,
416 4115 472 4168 qus
493 4115 544 4154 ens
564 4099 672 4156 dicitur
691 4101 725 4154 de
741 4102 799 4156 Deo
817 4105 848 4154 et
864 4101 898 4156 de
911 4103 1052 4157 creaturis
1066 4103 1129 4167 lege
1142 4099 1170 4154 S.
1179 4101 1233 4154 ut.

81 4183 138 4250 tq.
158 4185 200 4243 1a.
219 4203 246 4240 ι.
262 4187 292 4252 53
320 4187 355 4241 de
376 4191 486 4256 potent.
505 4205 534 4256 q.
550 4190 576 4242 7.
593 4205 621 4244 a.
640 4191 672 4258 ⁷3
694 4189 799 4246 flueren
816 4192 943 4260 Metsph.
959 4190 1034 4259 disp.
1055 4192 1098 4246 28.
1119 4193 1189 4246 sect.
1206 4191 1233 4242 8.

80 4286 103 4324 n.
115 4274 152 4327 10.
168 4291 231 4346 sqq.
