3394 5056
924 395 961 406 -
982 361 1023 422 52
1044 393 1082 407 .-

414 467 595 536 admodum
607 465 707 534 nulla
718 465 907 556 disciplina
918 488 980 534 nos
994 467 1094 533 docet
1106 465 1260 533 morbum
1272 461 1397 549 odisse,
1412 466 1471 534 sed
1485 451 1598 554 spon·
1687 455 1688 458 '

415 567 450 641 te
472 581 593 643 nostra
616 596 830 658 aversamur,
857 597 944 666 quae
967 573 1160 641 molestiam
1183 583 1315 642 creant.

481 679 625 750 Graecis
647 680 845 771 plenissime
869 681 1092 750 consentiunt
1106 680 1224 749 latini.
1246 679 1489 750 Tertullianus
1502 680 1597 750 adv.

414 786 580 859 Marcion.
599 789 624 858 l.
636 791 680 860 V.
699 814 730 858 c.
742 789 797 860 13.
814 812 856 858 ex
873 791 970 858 Rom.
989 789 1039 858 11.
1058 791 1194 878 probat,
1220 790 1363 858 eundem
1386 811 1460 858 esse
1475 790 1597 858 Deum

415 899 476 990 qui
498 899 634 967 creavit
655 907 830 983 naturam,
848 899 958 967 Deum
982 899 1113 966 veteris
1144 899 1360 967 Testamenti
1395 898 1455 988 qui
1489 897 1599 965 dedit

414 1005 537 1094 legem,
562 1015 599 1074 et
620 1007 729 1074 Deum
753 1007 835 1074 novi
860 1005 1094 1090 Testamenti,
1120 1005 1222 1075 cuius
1252 1011 1307 1073 est
1340 1003 1597 1094 evangelium:

418 1114 482 1181 esi
507 1113 678 1182 iudicabit
700 1113 795 1183 Deus
818 1111 956 1182 occulta
991 1114 1169 1180 hominnm
1203 1121 1273 1182 tam
1309 1111 1599 1203 eorumquiin

414 1223 491 1312 lege
513 1221 749 1313 deliquerunt,
775 1244 878 1314 qnam
901 1243 1020 1290 eorum
1044 1222 1105 1313 qui
1129 1221 1204 1289 sinc
1227 1221 1316 1310 lege,
1335 1221 1419 1312 qnia
1433 1227 1470 1288 ct
1484 1218 1523 1286 hi
1542 1219 1595 1284 le-

413 1353 488 1418 pem
513 1333 689 1418 iquos-ant,
715 1345 748 1395 et
770 1333 898 1396 natura
917 1328 1063 1417 saciant
1079 1353 1167 1420 quoe
1183 1343 1263 1394 sunt
1288 1328 1390 1418 lepis·
1413 1328 1539 1418 utique
1557 1329 1596 1394 is

366 1425 371 1438 ⁸
413 1439 507 1506 Deus
530 1437 713 1522 iudicabit,
739 1438 842 1506 cuius
865 1442 949 1506 sunt
978 1442 1015 1505 et
1048 1437 1104 1504 lex
1140 1445 1176 1504 et
1208 1438 1285 1524 ipsc
1320 1450 1448 1501 natura
1463 1483 1473 1517 ,
1499 1459 1597 1526 qaae

414 1547 502 1634 lepis
533 1563 581 1612 eet
613 1548 725 1610 instar
750 1545 991 1634 tqnorantitus
1016 1545 1134 1633 tepens.
1156 1572 1171 1604 n
1197 1542 1291 1613 Idem
1316 1546 1358 1612 do
1381 1567 1498 1612 coron.
1526 1545 1593 1610 mi·

414 1651 470 1718 lit.
489 1651 570 1719 coz
592 1679 609 1714 a
628 1651 693 1718 Dci
725 1651 835 1740 legem
867 1652 972 1718 habes
1003 1671 1213 1718 communem
1245 1652 1348 1718 istam
1381 1653 1417 1715 in
1445 1649 1592 1738 publico

414 1757 545 1840 mnndi,
570 1761 608 1824 in
632 1757 851 1823 coronalibus
875 1758 1018 1838 totalis,
1036 1759 1080 1827 ad
1105 1780 1191 1848 quas
1213 1767 1249 1826 et
1275 1757 1467 1848 Apostolus
1499 1755 1595 1825 solet

414 1887 644 1957 provocare...
663 1871 704 1933 ut
726 1887 804 1934 cum
827 1865 872 1934 ad
895 1867 1067 1934 Rommcs
1090 1873 1218 1934 natura
1242 1866 1357 1934 iacere
1380 1865 1501 1934 dicens
1527 1887 1590 1932 na·

413 1975 525 2042 tiones
549 1995 591 2042 aa
614 1995 701 2066 quaa
725 1979 809 2041 sunt
831 1974 934 2064 legis,
961 1989 994 2040 et
1017 1973 1122 2064 lepem
1145 1973 1340 2039 naturalem
1371 1975 1531 2062 repperit
1556 1989 1591 2039 et

413 2061 574 2147 ceturam
586 2079 741 2168 lepolem.
760 2079 849 2148 Vide
860 2088 896 2149 et
907 2081 1085 2148 Hilarium
1097 2081 1134 2148 in
1148 2081 1203 2148 Ps.
1220 2078 1298 2148 118.
1312 2079 1386 2147 litt.
1402 2077 1457 2146 15.
1475 2103 1512 2146 n.
1527 2077 1587 2166 11,

410 2190 570 2258 Ambros.
590 2213 643 2278 ep.
662 2189 719 2256 73.
737 2189 782 2257 ad
798 2190 891 2258 Iren.
910 2197 947 2257 et
969 2190 995 2256 l.
1013 2189 1055 2259 de
1080 2191 1167 2288 tuga
1190 2211 1279 2258 saec.
1299 2213 1329 2257 c.
1348 2189 1382 2258 3.
1397 2211 1432 2256 u.
1454 2189 1510 2272 15,
1525 2189 1589 2257 ubi

411 2323 452 2366 ex
477 2303 578 2366 textu
600 2299 762 2388 Apostoli
786 2298 896 2388 legem
923 2297 1119 2366 naturalem
1153 2321 1228 2367 esse
1263 2296 1441 2380 declarat,
1462 2325 1479 2360 a
1497 2319 1589 2388 quae

412 2428 480 2474 non
503 2403 623 2498 aliqua
645 2405 793 2474 lectione
816 2405 1022 2495 percipitur,
1040 2403 1098 2471 sed
1111 2407 1246 2494 profluo
1270 2401 1417 2496 quodam
1440 2419 1591 2470 acturae

408 2513 512 2601 sonte
534 2517 572 2578 in
596 2513 747 2602 sinqulis
759 2515 967 2602 exprimitur
983 2525 1016 2578 et
1033 2513 1193 2578 bremonis·
1209 2513 1371 2578 domitur
1383 2515 1553 2602 inperite·
1569 2539 1585 2572 n

413 2627 449 2690 at
466 2649 482 2684 e
500 2621 661 2711 primum,
682 2621 811 2712 inquit,
829 2635 959 2686 carrera
975 2621 1054 2708 ipsa
1071 2619 1151 2684 toni
1166 2621 1278 2708 operis
1300 2621 1549 2708 mapietraest.
1568 2648 1585 2680 n

412 2729 633 2798 Gaudentius
644 2728 743 2796 Brix.
755 2727 989 2814 (Sermvssl.
1000 2727 1037 2794 iu
1049 2725 1161 2796 Exod.
1175 2727 1587 2816 p.298.ed.Brix.1738.)

412 2845 551 2928 praeter
573 2837 684 2926 legem
709 2835 864 2905 mandati
884 2866 900 2902 u
918 2857 1021 2928 quam
1045 2835 1140 2904 Deus
1171 2843 1252 2904 ante
1286 2833 1431 2924 Moysen
1467 2837 1588 2902 verbis

410 2951 548 3013 tentum
572 2946 786 3034 praecepisse
810 2943 1044 3034 cognoscitur,
1065 2971 1081 3005 n
1099 2951 1135 3010 et
1150 2943 1261 3032 legem
1278 2942 1419 3011 litterae
1435 2943 1586 3032 primum

411 3053 527 3121 datam
552 3075 612 3140 per
634 3051 791 3142 Moysen,
809 3051 1004 3141 distinguit
1016 3051 1127 3142 legem
1151 3059 1299 3118 naturae
1321 3073 1362 3116 ex
1387 3049 1504 3117 eodem
1520 3049 1587 3120 hoc

412 3159 513 3228 Pauli
538 3167 651 3227 textu.
675 3189 690 3220 o
709 3157 894 3227 Naturalis
917 3158 972 3226 lex
997 3167 1051 3226 est
1073 3157 1161 3241 illa,
1187 3157 1329 3248 inquit,
1356 3179 1425 3248 qua
1459 3163 1587 3246 gentes

410 3265 520 3357 legem
544 3265 684 3334 litterae
709 3288 775 3332 non
799 3265 965 3333 habentes
981 3265 1195 3334 naturaliter
1217 3287 1258 3333 ea
1282 3285 1369 3356 quac
1384 3263 1583 3355 legissunt,

412 3373 560 3456 faciunt,
578 3375 663 3464 prtia
686 3371 875 3437 rationalis
898 3373 1034 3438 animae
1056 3386 1198 3450 παίωνα,
1216 3379 1257 3438 ut
1272 3379 1464 3439 creatorem
1481 3393 1585 3439 suum

412 3481 552 3564 sentiat,
580 3487 619 3548 nt
643 3477 837 3568 proximum
862 3501 929 3548 non
953 3479 1081 3562 laedat,
1102 3487 1142 3548 ut
1165 3503 1232 3548 nou
1257 3481 1368 3548 faciat
1395 3479 1485 3572 quod
1509 3481 1585 3570 pati

411 3609 478 3655 non
503 3587 595 3670 vult,
613 3587 773 3652 natarali
796 3587 945 3678 quadam
969 3589 1043 3676 tepe
1065 3587 1258 3676 intellipit‚·
1282 3587 1372 3656 uude
1404 3588 1583 3656 inexcusa-

411 3693 493 3762 bilis
515 3701 570 3762 est
593 3697 701 3760 omnis
725 3696 831 3776 tomo,
857 3695 917 3788 qui
943 3695 998 3762 vel
1035 3701 1211 3763 auctorem
1246 3719 1348 3764 suum
1371 3705 1499 3784 negat,
1526 3695 1583 3763 vel

412 3801 499 3871 tacit
521 3801 661 3886 malum,
688 3803 778 3894 quod
809 3824 870 3891 per
901 3801 1013 3892 legem
1047 3809 1194 3871 naturae
1229 3825 1297 3870 non
1331 3803 1474 3892 ignorat
1510 3824 1585 3871 esse

411 3909 574 3978 malum.»
594 3910 876 4000 S.Hieronymus
889 3911 933 3979 ad
949 3909 1075 4000 Algae.
1094 3933 1146 4000 ep.
1164 3909 1241 3979 121.
1261 3935 1294 4001 q.
1313 3911 1347 3978 8.
1360 3911 1401 3980 T.
1413 3911 1443 3978 1.
1454 3935 1489 4002 p.
1504 3909 1582 3997 8663

407 4019 446 4086 in
468 4017 532 4086 Re.
549 4017 684 4086 XXIX.
704 4018 745 4086 T.
765 4016 809 4085 V.
830 4043 862 4108 p.
881 4017 960 4104 35&
979 4019 1016 4084 in
1041 4015 1168 4086 Matth.
1189 4017 1231 4086 T.
1251 4017 1335 4087 VII.
1352 4043 1385 4108 p.
1406 4019 1484 4087 178.
1514 4043 1585 4087 ma·

408 4127 539 4195 nitesto
561 4127 734 4217 intelligit
756 4127 792 4194 in
817 4127 892 4196 loco
909 4125 1011 4194 Pauli
1026 4149 1094 4194 non
1112 4125 1222 4194 solum
1238 4125 1370 4208 fideles,
1390 4125 1450 4194 sed
1467 4150 1584 4196 omues

409 4233 567 4303 nationes
590 4241 625 4301 et
647 4235 684 4301 in
708 4233 764 4302 his
788 4233 943 4303 homines
967 4256 1105 4318 omnes,
1132 4234 1192 4326 qui
1217 4234 1261 4302 ad
1297 4257 1396 4302 usum
1433 4233 1584 4304 rationis

408 4349 654 4431 pervenerunt.
676 4371 692 4404 u
710 4339 786 4408 Ista
813 4339 892 4436 lex,
928 4360 1015 4432 quae
1045 4340 1081 4408 in
1113 4339 1215 4409 corde
1246 4340 1438 4423 scribitur,
1468 4364 1583 4410 omnes

409 4447 564 4514 continet
575 4447 745 4529 nationes,
763 4451 800 4514 et
814 4445 935 4513 nullus
948 4443 1123 4514 homiuum
1138 4451 1204 4529 est,
1223 4445 1284 4536 qui
1295 4445 1385 4514 hauc
1401 4445 1513 4534 legem
1527 4472 1581 4514 ne·
