3230 5072
892 411 930 423 -
953 376 1012 438 430
1033 409 1071 424 -
1601 431 1602 460 ,

399 509 468 556 non
490 491 624 576 potest,
649 490 904 576 potestantem
927 506 1001 554 esse
1024 483 1099 552 sine
1127 480 1448 574 praedestinatione
1476 503 1565 572 prae-

400 595 548 664 scientia
561 623 577 656 n
595 595 647 662 De
670 595 849 663 Praedest.
869 593 933 663 SS.
953 617 983 662 o.
1003 592 1059 661 10.
1079 593 1128 662 Ut
1144 614 1227 660 vero
1242 590 1480 680 intelligatur,
1504 613 1567 683 quo

399 703 498 772 modo
528 701 744 794 praecientia
774 701 819 770 ed
849 699 1204 792 praedestinationem
1236 699 1404 766 bonorum
1436 720 1566 788 operum

398 811 438 878 in
461 810 622 879 doctrina
636 809 835 900 Augustini
850 831 886 877 se
901 808 1041 894 babeat,
1063 803 1279 877 advertenda
1301 812 1388 874 sunt
1410 805 1568 897 quaedam

400 919 476 987 eius
499 918 686 1008 principia.
706 917 746 986 Si
768 917 879 986 solum
903 917 1025 1006 agitur
1047 916 1090 986 de
1113 915 1405 1006 praedefinitione
1421 921 1458 982 et
1473 913 1568 982 colla-

400 1026 496 1094 tione
526 1025 665 1116 gratiae
695 1024 975 1114 praevenientis,
1001 1029 1071 1116 qut
1093 1023 1189 1094 Deus
1219 1023 1258 1090 in
1281 1023 1382 1090 nobis
1412 1028 1569 1110 operatur

402 1131 478 1200 sine
501 1131 611 1215 nobis,
637 1130 738 1198 nulla
760 1151 844 1198 sene
867 1129 1063 1221 requiritur
1086 1128 1291 1220 praelucens
1314 1128 1476 1212 scientia,
1494 1127 1569 1219 quid

402 1244 559 1307 nostrum
582 1238 731 1306 liberum
754 1238 942 1307 arbitrium
966 1238 1016 1306 sit
1036 1245 1217 1324 acturum,
1242 1261 1321 1307 cnm
1344 1236 1439 1304 nibil
1463 1236 1567 1328 ipsmn

403 1351 500 1434 agat.
525 1344 577 1414 At
599 1349 742 1435 accepta
763 1365 805 1412 ee
827 1345 947 1434 gratia
967 1344 1118 1412 liberum
1151 1344 1339 1412 arbitrium
1362 1349 1480 1432 potest
1500 1365 1568 1431 pro

402 1453 482 1542 pria
505 1451 673 1521 electione
701 1452 758 1520 vel
790 1453 943 1542 acceptis
974 1452 1112 1522 viribus
1143 1451 1282 1542 gratiae
1313 1449 1509 1520 consentire
1536 1449 1568 1514 in

401 1562 528 1629 bonum
544 1561 601 1628 vel
616 1560 692 1629 suis
710 1560 847 1629 viribus
862 1560 1061 1629 dissentire.
1081 1561 1175 1642 Quia
1188 1559 1314 1650 igitur,
1333 1559 1365 1626 si
1389 1557 1566 1638 consentit,

403 1669 441 1737 id
464 1669 544 1758 agit
566 1669 704 1739 viribus
726 1671 877 1759 gratiae,
895 1669 974 1739 ideo
997 1693 1188 1740 consensus
1211 1669 1286 1760 ipse
1308 1673 1364 1736 est
1387 1675 1425 1736 et
1447 1666 1569 1736 dieitur

405 1799 490 1866 opus
505 1776 582 1845 Dei:
600 1777 684 1869 quia
697 1783 813 1846 eutem
832 1777 997 1848 voluntas
1020 1783 1139 1846 creata
1161 1777 1239 1867 ipsa
1261 1775 1375 1844 libera
1391 1774 1567 1843 consentit.

404 1883 558 1972 profecto
573 1887 610 1951 et
624 1882 702 1974 ipsa
724 1882 860 1976 aliquid
883 1883 972 1972 agit,
992 1882 1083 1974 quod
1106 1891 1224 1973 posset
1248 1883 1355 1950 etiam
1370 1903 1442 1948 non
1462 1901 1566 1969 agere.

409 1989 617 2060 «Attendat
639 1996 676 2058 et
699 1989 838 2074 videat,
863 2011 932 2058 non
955 1991 1032 2058 ideo
1055 1997 1194 2059 tantum
1225 1991 1330 2058 istam
1361 1988 1568 2056 voluntatem

406 2101 624 2184 (consensum
647 2098 743 2185 fidei)
760 2098 882 2168 divino
899 2099 1034 2166 muneri
1056 2097 1289 2182 tribuendam,
1309 2097 1395 2189 quia
1410 2120 1453 2165 ex
1469 2095 1568 2163 libem

405 2203 554 2274 arbitrio
576 2212 641 2290 est,
661 2206 751 2297 quod
775 2205 875 2274 nobis
898 2203 1113 2273 naturaliter
1136 2209 1357 2273 concreatum
1373 2209 1439 2288 est,
1458 2225 1567 2271 vernn

406 2309 524 2395 etiam,
551 2311 641 2403 qnod
665 2311 820 2381 visorum
844 2311 1067 2380 suasionibus
1089 2310 1169 2400 agit
1191 2311 1299 2394 Deus,
1317 2316 1359 2378 nt
1381 2309 1526 2380 velimus
1539 2316 1568 2375 et

406 2425 448 2486 nt
463 2419 654 2503 credamus,
674 2419 751 2487 sive
773 2419 1034 2488 extrinsecus...
1053 2417 1129 2487 sive
1152 2418 1377 2502 intrinsecus,
1405 2416 1465 2484 ubi
1480 2437 1567 2483 nemo

407 2525 512 2594 hebet
534 2525 571 2593 in
593 2531 779 2616 potestate,
798 2525 884 2618 quid
899 2526 932 2594 ei
949 2525 1206 2616 (indeliberata)
1223 2525 1344 2594 veniat
1360 2526 1400 2593 in
1416 2529 1565 2593 mentem:

407 2633 468 2702 sed
483 2633 680 2702 consentire
697 2633 753 2702 vel
769 2633 955 2702 dissentire
973 2633 1134 2723 propriae
1150 2631 1348 2702 voluntatis
1365 2637 1420 2702 est
1435 2631 1566 2720 (liberae

407 2740 735 2826 determinationis).
761 2740 828 2808 His
850 2763 934 2830 ergo
965 2741 1074 2810 modis
1105 2740 1243 2832 quando
1275 2741 1353 2830 agit
1375 2741 1471 2808 Deus
1498 2763 1565 2808 cum

407 2849 523 2916 anima
545 2849 732 2934 rationali,
758 2855 801 2918 ut
823 2848 856 2918 ei
880 2849 1000 2918 credat
1003 2899 1072 2917 .....
1097 2849 1254 2939 profecto
1285 2855 1324 2917 et
1352 2849 1467 2938 ipsum
1488 2847 1565 2915 velle

408 2957 549 3025 credere
564 2951 657 3024 Deus
674 2963 841 3046 operatur
855 2955 893 3023 in
912 2955 1061 3040 homine,
1087 2961 1123 3024 et
1144 2955 1181 3023 in
1206 2955 1365 3023 omnibns
1390 2955 1565 3023 misericor·

408 3061 468 3131 dia
483 3062 558 3130 eius
581 3062 765 3152 praevenit
787 3085 868 3150 nos3
896 3065 1085 3129 consentire
1108 3075 1220 3128 actem
1243 3064 1419 3128 vocationi
1441 3063 1504 3129 Dei
1524 3059 1565 3126 eet

410 3171 453 3237 ab
477 3193 516 3238 ea
540 3167 741 3252 dissentire,
766 3172 855 3236 sieut
878 3168 977 3251 disci,
998 3171 1166 3258 propriae
1196 3169 1386 3236 reticulatis
1418 3185 1467 3236 est
1488 3197 1503 3230 s
1524 3169 1563 3234 De

410 3279 527 3368 spirit.
553 3283 590 3345 et
610 3277 684 3345 litt.
703 3300 734 3346 o.
759 3277 815 3344 34.
838 3299 874 3343 n.
900 3275 956 3344 60.
982 3275 1104 3344 Potuit
1126 3275 1243 3364 igitur
1265 3275 1381 3365 posita
1404 3278 1561 3351 suasione,

409 3405 497 3477 quae
513 3383 622 3453 solius
637 3383 703 3452 Dei
719 3390 784 3471 est,
803 3383 919 3451 anima
934 3390 1021 3476 quae'
1037 3383 1223 3469 consensit,
1249 3383 1355 3452 etiam
1379 3383 1560 3464 dissentire,

411 3499 447 3560 et
469 3492 638 3578 vicissim,
665 3516 753 3585 quae
776 3491 960 3579 dissensit,
986 3493 1103 3584 potnit
1125 3493 1333 3562 consentire.
1360 3521 1376 3556 e
1395 3491 1436 3561 Si
1459 3491 1562 3581 (Esau)

410 3599 582 3670 voluisset
596 3624 615 3669 e
630 3601 857 3685 cucurrisset,
874 3600 942 3668 Dei
956 3599 1132 3668 adiutorio
1154 3600 1382 3690 pervenisset,
1401 3600 1463 3691 qui
1478 3600 1562 3669 etiam

409 3705 496 3774 aelle
510 3721 542 3773 et
558 3731 691 3774 currere
712 3705 860 3774 vocando
874 3721 1084 3795 praestaret,
1100 3710 1174 3772 aiei
1196 3709 1372 3773 vocatione
1394 3717 1562 3795 contempta

411 3815 573 3904 reprobus
589 3816 690 3903 fieret
703 3841 720 3876 n
746 3813 803 3882 Ad
827 3812 984 3904 Simplic.
1003 3813 1029 3882 l.
1044 3813 1075 3881 I.
1090 3839 1123 3905 q.
1138 3813 1172 3882 2.
1190 3837 1226 3882 n.
1246 3813 1301 3882 10.

476 3923 532 3992 Ex
555 3922 612 3990 bis
636 3923 861 3992 manifestum
884 3928 949 4007 est,
968 3921 1136 4014 quomodo
1150 3921 1379 4012 Augustinus
1401 3921 1561 4008 intelligat

409 4031 676 4121 praescientiam
698 4030 783 4115 Dei,
810 4029 946 4122 quando
969 4029 1084 4120 ipsum
1107 4037 1224 4100 actum
1246 4037 1406 4099 nostrum
1435 4030 1559 4098 liberum

410 4139 711 4228 supernaturalem
734 4139 829 4206 Dens
852 4137 985 4208 dicitur
1007 4143 1183 4228 tamquam
1207 4161 1294 4229 opus
1317 4161 1419 4206 sunm
1440 4133 1558 4228 praede·

409 4244 544 4314 stinare
567 4247 605 4310 in
624 4245 869 4334 praescientia.
888 4241 1135 4312 Praedestinat
1157 4243 1294 4314 scilicet
1312 4243 1408 4313 Deua
1431 4240 1557 4312 vocatio·

410 4375 488 4420 nem
510 4359 547 4420 et
561 4353 767 4437 suasionem,
785 4359 827 4420 ut
841 4353 999 4444 loquitur
1010 4351 1249 4441 Augustinus,
1268 4375 1358 4444 quae
1380 4360 1556 4420 tamennon

409 4459 517 4528 habet
543 4460 713 4529 rationem
737 4459 1072 4551 praedestinationis
1099 4473 1195 4525 actas
1224 4463 1335 4526 nostri
1363 4459 1480 4540 liberi,
1501 4451 1554 4522 nisi
