3224 5068
896 383 934 397 ..
954 353 1015 414 232
1035 383 1073 398 ..

399 455 538 546 quidem
562 457 735 526 sententia
757 458 861 526 etiam
894 459 1094 528 continetur
1117 459 1210 528 falsa
1232 460 1396 530 doctrina
1422 461 1463 531 de
1491 469 1562 531 cute
1609 474 1610 512 ³

399 571 527 652 cresto,
553 572 590 635 et
613 589 716 658 porro
739 566 833 636 falsa
855 567 992 636 theoria
1015 569 1057 637 de
1080 570 1265 655 creatione,
1292 571 1371 640 sivo
1394 571 1464 640 iam
1487 571 1562 642 hoec

398 676 614 744 consectaria
628 675 792 766 explicite
808 675 1038 760 deducantur,
1057 684 1099 744 ιιι
1114 698 1135 743 a
1149 677 1329 748 nonnullis
1345 679 1479 748 factum
1496 701 1561 748 csse

397 785 569 868 norimus,
595 783 670 852 sive
693 785 735 852 eb
758 783 809 852 eis
832 783 1062 854 abstineatur.

465 889 742 980 Propositiones,
769 913 856 983 quas
879 915 1040 983 supreme
1061 891 1298 985 congregatio
1321 894 1358 964 S.
1378 895 1491 965 officii
1511 896 1560 964 die
1609 910 1610 950 3

400 997 666 1088 18.Sept.1861.
681 1007 785 1068 utute
801 999 896 1068 tradi
909 1024 976 1070 non
989 1024 1116 1092 possen
1131 1005 1389 1093 pronuntiavit,
1403 1007 1559 1075 nituntur
1609 1053 1610 1058 κ

399 1129 514 1174 omnes
537 1105 621 1177 huic
645 1109 840 1177 confusioni
853 1113 942 1176 ectio
958 1125 1095 1177 nostrae
1111 1113 1311 1178 inscisionis
1329 1135 1405 1181 cum
1421 1127 1495 1179 ente
1509 1113 1558 1178 cl·
1609 1159 1610 1168 ι

398 1213 520 1281 coloro.
534 1213 590 1282 Ita
606 1213 689 1283 illae
704 1215 990 1284 enuntiabantur:
1008 1244 1024 1280 a
1039 1217 1082 1284 1⁰.
1102 1217 1308 1287 Immediats
1322 1217 1389 1288 Dei
1401 1219 1557 1308 cognitio,

397 1321 591 1391 habitualis
604 1322 739 1408 saltem,
758 1323 955 1394 intellectui
971 1325 1121 1394 humano
1145 1327 1343 1395 essentialia
1365 1334 1432 1411 est,
1450 1329 1504 1397 ita
1524 1335 1559 1395 ut

398 1431 473 1500 sine
485 1453 526 1500 ea
541 1431 631 1498 nihil
648 1453 852 1522 cognoscere
868 1433 990 1522 possit:
1008 1435 1178 1526 siquidem
1190 1441 1245 1503 est
1256 1435 1370 1524 ipsum
1383 1435 1501 1504 lumen
1514 1437 1557 1502 in·
1609 1487 1610 1491 ,

398 1537 612 1608 tellectuale.
631 1539 676 1606 2⁰.
695 1539 783 1607 Esse
799 1539 901 1624 illud,
920 1540 1011 1632 quod
1028 1541 1064 1608 in
1081 1541 1239 1608 omnibus
1255 1547 1292 1610 et
1306 1540 1462 1634 sineque
1477 1541 1557 1610 nihil
1609 1579 1610 1602 ι

397 1647 641 1736 intelligimus,
667 1655 721 1716 est
743 1647 830 1716 Esse
846 1647 1017 1716 divinum.
1037 1649 1090 1716 3¹⁰.
1108 1647 1334 1716 Universelia
1348 1671 1370 1715 a
1394 1657 1493 1739 perte
1515 1651 1557 1718 rei
1609 1707 1610 1710 ,

397 1753 615 1823 considerate
630 1776 652 1821 a
668 1755 739 1822 Deo
763 1754 908 1823 realiter
924 1777 991 1822 non
1008 1754 1290 1844 distinguuntur.
1308 1756 1355 1822 4⁰.
1373 1755 1557 1845 Congenita
1609 1815 1610 1820 ,

396 1861 462 1930 Dei
486 1869 661 1953 tamquam
678 1861 770 1930 entis
786 1861 994 1952 simpliciter
1016 1861 1146 1930 notitia
1168 1885 1300 1930 omnem
1315 1863 1422 1931 etiam
1448 1863 1554 1952 cogni·
1609 1921 1610 1928 ,

397 1969 525 2038 tionem
548 1969 715 2038 eminenti
738 1969 836 2038 modo
860 1969 1025 2054 involvit,
1051 1969 1103 2038 ita
1126 1977 1168 2038 ut
1189 1993 1251 2059 per
1273 1991 1347 2038 eam
1371 1993 1470 2040 omne
1491 1993 1554 2053 ens,
1609 2015 1610 2021 κ

394 2077 458 2144 sub
482 2099 695 2169 quocumque
718 2085 877 2167 respectu
901 2077 1133 2166 cognoscibile
1155 2083 1228 2160 est,
1254 2078 1426 2167 implicite
1449 2080 1554 2167 cogni·

395 2193 469 2253 tum
492 2184 690 2252 habeamus.
718 2185 764 2251 5⁰.
790 2184 914 2252 Omnes
937 2185 1028 2252 aliae
1051 2183 1149 2253 ideae
1173 2208 1240 2252 non
1257 2192 1341 2253 sunt
1363 2185 1435 2254 nisi
1458 2186 1554 2254 modi-

396 2293 574 2362 ficationes
598 2293 706 2378 ideae,
733 2317 802 2385 qua
824 2294 919 2361 Deus
941 2300 1118 2384 tamquam
1141 2315 1202 2361 ens
1226 2293 1436 2384 simpliciter
1463 2293 1553 2363 intel·
1609 2325 1610 2363 ;

396 2401 537 2490 ligitur.
564 2401 609 2468 6⁰.
634 2402 702 2468 Res
719 2406 856 2469 creatae
879 2406 964 2468 sunt
980 2401 1017 2468 in
1032 2401 1103 2468 Deo
1126 2407 1301 2492 tamquam
1325 2424 1409 2492 pars
1424 2403 1463 2470 in
1477 2409 1551 2484 toto,
1609 2465 1610 2468 ,

395 2531 463 2576 ιιοιι
487 2509 624 2600 quidem
648 2509 686 2576 in
708 2515 782 2576 toto
805 2508 945 2576 formali
968 2507 1028 2576 sed
1052 2509 1087 2576 in
1111 2515 1186 2576 toto
1208 2509 1361 2594 infinito,
1380 2509 1551 2600 simplicis·
1609 2573 1610 2576 ,

395 2617 493 2700 simo,
519 2617 610 2708 quod
634 2637 715 2684 eoas
739 2617 840 2707 quasi
865 2622 980 2705 partes
1002 2617 1131 2706 absque
1155 2616 1230 2684 ulle
1252 2617 1308 2684 sui
1332 2617 1502 2687 divisione
1522 2623 1552 2684 ct
1609 2683 1610 2686 ,

394 2723 624 2793 diminutione
646 2729 748 2792 extra
771 2745 807 2790 se
830 2723 939 2811 ponit.
955 2723 1001 2790 7⁰.
1026 2721 1163 2790 Creatio
1180 2723 1231 2792 sic
1243 2723 1415 2814 explicari
1436 2731 1549 2814 potest:
1609 2787 1610 2793 ,

394 2833 488 2900 Deus
512 2831 587 2920 ipsc
610 2837 692 2899 actu
716 2827 872 2919 speciali,
893 2851 960 2920 quo
976 2853 1012 2897 se
1030 2828 1204 2919 intelligit
1225 2837 1262 2899 et
1284 2831 1367 2900 vult
1388 2839 1550 2923 tamquam
1609 2895 1610 2900 ,

393 2937 600 3006 distinctum
624 2957 646 3002 a
668 2935 900 3004 determinata
924 2943 1087 3004 creatura
1109 2935 1261 3021 (homine
1284 2961 1320 3006 v.
1335 2943 1403 3028 g.),
1429 2945 1549 3006 creatu·

394 3067 467 3114 ram
493 3043 666 3135 producit.
683 3069 700 3105 n
715 3083 758 3094 -
774 3072 790 3105 u
804 3042 883 3110 Ειῖιί
897 3049 933 3112 et
948 3043 1028 3111 Rmi
1043 3041 1120 3110 DD.
1134 3043 1337 3112 cardinales
1359 3045 1549 3135 praehabito

393 3159 474 3221 voto
508 3153 584 3220 DD.
611 3149 855 3218 Consultorum
879 3150 1037 3218 omnibus
1075 3156 1112 3218 et
1137 3151 1290 3241 singulis
1319 3151 1548 3242 propositioni·

393 3264 457 3330 bus
480 3259 643 3350 superius
665 3257 858 3328 enuntiatis
881 3264 1017 3326 mature
1041 3259 1221 3349 perpensis
1250 3260 1429 3349 proposito
1458 3259 1548 3328 dubio
1609 3295 1610 3302 ι

394 3373 526 3456 (utrum
543 3373 621 3436 tuto
644 3366 740 3435 tradi
763 3365 914 3455 possint)
937 3365 1202 3455 responderunt:
1226 3366 1408 3456 Nepcricc.
1427 3394 1445 3430 ι

460 3473 691 3543 Corollarium
705 3479 735 3541 1.
750 3473 836 3541 Cum
851 3476 976 3562 species
990 3479 1125 3542 constet
1140 3473 1351 3563 perfectione
1367 3473 1545 3548 essentiali,
1609 3511 1610 3520 ι

393 3606 481 3676 quae
496 3583 616 3652 multis
632 3580 873 3670 singularibus
890 3581 1155 3670 communisipso
1171 3581 1370 3670 singularia
1383 3584 1486 3651 unius
1500 3603 1545 3649 na-

390 3700 490 3760 turee
506 3689 692 3758 constituit
713 3695 750 3756 et
764 3687 996 3756 essentialiter
1012 3688 1154 3756 diversa
1171 3689 1216 3755 ab
1238 3689 1396 3758 omnibus
1412 3691 1502 3777 aliis3
1516 3695 1545 3755 et

389 3821 494 3888 penus
510 3795 674 3864 similiter
705 3801 840 3862 constet
868 3794 1079 3884 perfectione
1101 3793 1280 3862 essentiali
1297 3798 1468 3866 communi
1482 3795 1544 3887 plu·

388 3906 487 3974 ribus
502 3904 681 3994 speciebus
696 3923 737 3970 ec
753 3901 992 3991 distinguente
1009 3903 1053 3968 ab
1068 3902 1227 3970 omnibus
1239 3901 1334 3970 aliis:
1349 3903 1433 3972 hinc
1449 3903 1543 3971 cuein

389 4015 555 4079 communi
576 4017 630 4080 est
651 4016 753 4078 extra
776 4031 873 4077 omne
889 4033 1011 4099 genus,
1030 4009 1114 4101 quia
1129 4010 1171 4077 ob
1187 4009 1362 4078 minimam
1379 4009 1542 4100 perfectio

388 4119 445 4188 nis
473 4119 701 4188 intensionem
724 4139 792 4185 non
824 4117 1016 4206 distinguit
1044 4117 1180 4208 aliquid
1204 4118 1247 4184 cb
1269 4117 1361 4202 alio,
1387 4117 1445 4186 sed
1467 4139 1541 4186 eon·

390 4248 492 4295 mune
506 4229 561 4292 est
582 4223 751 4310 omnibus;
771 4247 828 4290 ens
850 4221 1005 4289 divinum
1027 4228 1082 4291 est
1104 4230 1205 4293 extra
1225 4246 1322 4292 omne
1337 4247 1458 4314 genus,
1475 4221 1541 4314 qnia

389 4331 530 4400 infinita
552 4330 778 4420 perfectionis
801 4329 994 4397 intensione
1010 4351 1047 4397 se
1062 4328 1139 4420 ipso
1162 4329 1368 4399 distinctum
1389 4337 1426 4400 et
1445 4330 1539 4398 diver·

391 4461 467 4508 sum
490 4445 543 4508 est
566 4439 609 4506 ub
633 4438 811 4522 omnibus,
831 4457 919 4527 quae
942 4435 1078 4525 concipi
1101 4445 1240 4526 praeter
1262 4437 1378 4528 ipsum
1401 4439 1536 4528 possunt,
