3360 5060
933 359 971 373 -
991 327 1052 387 030
1072 355 1110 370 ..

433 453 501 500 non
530 430 696 500 audemus
727 435 966 518 contemnere,
1005 433 1058 500 ita
1084 451 1220 500 necesse
1253 449 1321 498 non
1349 427 1512 496 habemns
1538 425 1588 492 sd·

433 543 599 608 struoren
621 538 685 625 (l).

497 645 551 714 Ex
567 645 624 714 his
639 646 797 717 omnibus
812 647 1039 716 menifestum
1055 653 1120 732 est,
1135 645 1487 739 praedestinationem
1501 661 1591 733 quan

430 753 657 844 Augustinus
690 761 854 824 econtra
884 778 993 826 novos
1023 755 1216 825 haereticos
1247 776 1339 824 nova
1366 749 1591 822 sollicitudine

431 861 607 946 defendit,
631 889 648 926 n
686 863 824 934 ucuius
852 863 954 935 fidem
981 887 1167 958 numqncm
1190 863 1350 933 Ecclesia
1372 859 1508 930 christi
1532 879 1592 924 non

431 966 607 1053 habuit,n
640 992 775 1062 aquam
798 969 985 1061 Scriptura
1011 971 1191 1040 evidenter
1217 970 1394 1063 loquitur,
1415 995 1433 1030 a
1468 997 1485 1030 s
1504 964 1593 1034 cuius

430 1077 689 1166 praedicatione
713 1077 951 1147 tantummodo
971 1079 1192 1147 subvertitur
1213 1077 1528 1168 perniciosissimus
1548 1097 1592 1143 er

431 1207 512 1269 ror,
544 1187 697 1276 gratiam
719 1185 786 1254 Dei
809 1187 998 1256 secundum
1022 1186 1147 1255 merita
1173 1193 1294 1254 nostra
1324 1185 1424 1272 deri,
1453 1213 1471 1246 a
1504 1184 1593 1253 cuins

431 1290 578 1383 denique
601 1291 849 1382 professionem
872 1291 947 1383 ipse
970 1293 1014 1361 cb
1036 1291 1188 1361 inimicis
1211 1293 1350 1382 gratiae
1365 1292 1471 1361 unice
1487 1299 1592 1382 postu·

431 1398 540 1486 labat,
566 1399 933 1489 praedestinationem,
958 1401 1112 1494 inquam,
1138 1401 1183 1469 ab
1204 1401 1409 1490 Augustino
1433 1399 1595 1490 praedica·

434 1511 506 1574 tarn
531 1528 599 1574 non
623 1507 694 1576 alio
716 1509 903 1598 pertinere,
929 1531 1032 1600 quam
1055 1515 1098 1578 ut
1119 1509 1320 1578 vindicetur
1343 1505 1466 1600 gratia
1484 1507 1595 1590 Deis

432 1635 500 1705 quc
523 1621 577 1682 est
598 1613 740 1682 initium
772 1616 883 1682 omnis
914 1615 994 1684 boni
1025 1616 1166 1699 meriti,
1195 1621 1232 1684 et
1258 1636 1347 1707 quae
1377 1615 1501 1704 gratia
1529 1611 1594 1680 ideo

431 1723 547 1812 gratis
569 1746 638 1791 non
662 1729 780 1792 autern
809 1722 945 1792 meritis
975 1723 1081 1792 datur
1104 1730 1140 1792 et
1162 1723 1470 1815 praedestinatum
1502 1727 1593 1812 atque

431 1829 508 1898 ideo
531 1837 572 1901 ut
594 1831 747 1900 exclusis
770 1832 904 1902 maritis
927 1833 1152 1902 naturalibus
1182 1831 1435 1921 intelligantur
1467 1831 1591 1910 merita,

432 1937 560 2029 quibus
582 1939 688 2008 datur
709 1945 746 2010 et
768 1940 1051 2030 praedestinetur
1074 1940 1152 2009 vita
1174 1947 1328 2024 aeterna,
1347 1961 1424 2008 esse
1441 1959 1593 2030 superna·

431 2043 564 2113 toralia
586 2053 689 2134 parta
711 2068 773 2136 per
795 2047 950 2136 gratiam
972 2051 1047 2114 tum
1071 2046 1215 2136 singula
1237 2045 1275 2114 in
1298 2069 1358 2130 se,
1386 2053 1467 2114 turn
1494 2041 1592 2136 quoad

432 2151 574 2221 initium
597 2153 635 2222 in
658 2155 719 2224 vie
741 2155 881 2240 salutis,
907 2161 982 2223 turn
1007 2155 1120 2246 quoad
1144 2153 1457 2244 perseverentiam.
1479 2153 1522 2220 In
1539 2150 1592 2217 hac

431 2269 548 2330 eutem
571 2263 731 2332 doctrina
753 2286 816 2332 nec
838 2263 1003 2354 explicite
1030 2285 1093 2332 nec
1123 2262 1294 2352 implicite
1325 2262 1528 2331 continetur
1548 2281 1590 2326 as·

432 2371 540 2442 sertio
563 2371 894 2462 praedestinationis
916 2372 960 2442 ad
984 2392 1142 2441 coronam
1166 2372 1262 2440 vitae
1285 2377 1450 2440 aeternae
1466 2367 1591 2439 seorsim

436 2484 626 2570 spectatam
649 2487 731 2550 ante
759 2487 796 2550 et
826 2479 918 2548 citra
947 2479 1111 2570 praevisa
1141 2479 1266 2548 meritc
1297 2475 1588 2569 supernaturalia;

432 2589 536 2658 immo
560 2589 783 2660 continentur
804 2589 989 2680 principia,
1007 2613 1050 2659 ex
1071 2589 1197 2681 quibus
1220 2588 1315 2658 haud
1339 2591 1488 2656 obscure
1510 2583 1590 2655 colli·

433 2697 533 2788 gitur
557 2719 715 2766 coronam
739 2697 896 2787 gloriae,
929 2698 1023 2766 sicut
1045 2697 1151 2766 datur
1174 2695 1311 2764 meritis
1333 2695 1521 2787 acquisitis
1541 2713 1589 2782 pcr

432 2804 603 2894 gratiam,
626 2803 677 2872 ita
699 2805 806 2874 etiam
829 2803 1086 2894 praedestinari
1109 2801 1239 2871 eisdem
1270 2803 1406 2870 meritis
1432 2796 1588 2893 praevisis

432 2909 748 3000 (ernanum).

497 3126 539 3204 (t)
552 3131 628 3186 Esco
640 3131 704 3198 ipas
717 3130 806 3184 verbs
815 3129 1000 3183 Innocentius
1010 3129 1076 3184 ΧΗ.
1092 3127 1138 3182 dte
1152 3127 1178 3182 o.
1193 3128 1278 3184 Febr.
1291 3127 1361 3182 1894
1370 3128 1480 3183 citavit
1490 3141 1588 3195 respos-

431 3221 521 3276 aiouts
541 3221 600 3274 loco
620 3219 655 3274 ad
675 3221 809 3274 Doctores
828 3219 1024 3273 Lovanienace
1043 3223 1072 3273 et
1091 3219 1262 3285 Bacuenses,
1278 3220 1328 3286 qni
1341 3219 1423 3272 iuter
1436 3221 1495 3273 alia
1506 3223 1586 3287 postu·

431 3311 574 3377 laverant‚
589 3327 606 3365 s
619 3309 646 3364 S.
660 3309 730 3364 Sede
747 3309 923 3376 :declarari
944 3307 1102 3362 doctrinam
1122 3309 1156 3363 de
1175 3309 1272 3374 gratia
1289 3325 1339 3376 per
1352 3325 1384 3363 ee
1395 3311 1501 3364 efficaci
1518 3313 1544 3360 et
1560 3305 1586 3356 de

431 3397 694 3468 praedestinatione
714 3403 781 3452 ante
800 3399 935 3466 praevisa
947 3399 1049 3452 merita
1062 3399 1155 3451 nullis
1168 3398 1307 3452 hactenns
1321 3399 1492 3464 apostolicis
1509 3396 1585 3448 deese

430 3489 471 3542 tta
484 3487 645 3544 damnatam
656 3493 686 3542 et
699 3493 863 3544 enervatam
875 3503 965 3544 assem
978 3485 1064 3562 (Vide
1077 3487 1175 3543 Lirin.
1192 3487 1226 3542 ds
1244 3488 1350 3554 loyes.
1362 3488 1444 3542 Eiet.
1458 3487 1492 3542 ds
1501 3483 1583 3540 eun

434 3575 582 3634 Vindictae
601 3579 623 3632 1.
633 3579 659 3632 1.
673 3593 697 3634 c.
709 3573 767 3650 20.)
1653 3567 1654 3574 '
