3376 5068
575 407 613 424 -
633 375 695 439 suu
715 407 753 426 ..

93 479 161 550 nite
171 507 189 544 r
204 485 254 550 et:
275 479 497 552 «multitudo
518 481 738 572 oognitorum
755 503 817 573 pro
832 480 952 575 eliquo
969 480 1119 551 instanti
1135 481 1258 552 futuro

92 592 139 655 est
158 592 239 656 notu
261 583 413 657 infinite.
434 614 451 650 n
469 587 624 658 Primum
648 609 690 658 ex
713 587 820 658 dietis
842 595 898 659 est
919 587 1151 673 verissimum,
1170 588 1258 658 ulte-

91 717 160 763 rum
181 693 219 763 in
242 695 451 766 suooessiuie
474 696 623 782 futuris,
641 695 828 789 dequibus
849 696 1036 789 loquimur,
1061 701 1116 766 est
1137 697 1258 768 obsur-

91 802 175 872 dum.
200 801 302 886 Quod
330 825 414 893 ergo
443 803 538 873 Deus
566 809 649 873 eotu
672 804 789 890 videt,
814 813 871 874 est
898 803 1089 873 multitudo
1118 803 1261 872 infinite

94 906 392 1001 (mmpoprpaunor)
413 911 478 980 sub
500 917 641 982 aeterno
656 911 722 982 Dei
744 911 894 982 intuitu:
911 917 1035 980 utnon
1059 910 1159 981 videt
1173 910 1259 980 mul·

90 1017 291 1102 titudinem,
316 1039 404 1110 quse
426 1017 464 1087 in
488 1040 524 1088 se
548 1019 681 1090 existet
701 1019 891 1112 eliqusndo
913 1027 997 1090 nutu
1020 1019 1173 1108 infinitu;
1200 1021 1260 1090 sed

90 1123 186 1194 imno
208 1123 309 1194 videt
323 1145 398 1194 eum
413 1125 451 1194 in
466 1147 503 1194 ee
518 1125 598 1216 ipse
613 1147 746 1216 semper
768 1125 881 1196 solum
903 1126 1062 1216 potentie
1083 1125 1260 1196 infinitum

93 1229 473 1323 (ινγκατιγορηματικως),
499 1232 536 1303 h.
560 1256 591 1304 e.
616 1233 824 1304 existentem
847 1233 917 1319 itu,
943 1240 985 1303 ut
1006 1255 1140 1325 semper
1163 1233 1200 1304 in
1224 1259 1261 1307 se

90 1339 186 1410 finite
208 1340 260 1410 eit
281 1361 482 1434 semperque
503 1348 689 1433 unguetur,
715 1341 802 1434 quin
826 1363 988 1433 umquem
1011 1343 1194 1432 perveniet
1216 1344 1260 1413 ed

89 1447 270 1517 terminum
293 1447 470 1518 ultimum.
490 1448 531 1520 si
553 1449 666 1540 igitur
689 1449 837 1519 scientie
853 1447 1001 1519 visionis
1024 1447 1262 1519 oonsideretur

90 1577 166 1646 pree
187 1556 369 1643 terminis,
394 1557 455 1650 qui
478 1581 540 1648 pro
563 1557 689 1651 quovis
711 1557 863 1628 instanti
885 1557 1008 1627 futuro
1035 1563 1141 1627 erunt
1163 1579 1260 1648 prse-

88 1663 195 1749 terifi,
220 1664 317 1734 Deus
339 1687 407 1734 uon
430 1665 530 1736 videt
550 1665 718 1736 terminos
740 1666 803 1758 qui
825 1665 899 1736 sint
921 1665 1067 1751 infiniti,
1092 1665 1164 1734 nisi
1186 1665 1263 1734 infi-

88 1769 194 1840 nitete
216 1771 406 1862 potentium
425 1773 457 1842 si
472 1795 556 1844 vero
578 1773 726 1844 seientia
748 1771 988 1842 consideretur
1002 1793 1087 1862 pree
1100 1771 1263 1842 terminis

89 1877 238 1963 futuris,
264 1879 325 1971 qui
347 1901 464 1950 omnes
486 1880 593 1950 simul
621 1882 773 1950 subsunt
793 1879 870 1950 eius
899 1878 1048 1964 visioni,
1073 1879 1264 1950 multitudo

88 1986 304 2076 cognitorum
318 1993 373 2056 est
386 1993 470 2058 eutu
487 1988 628 2059 infinite
644 2011 712 2057 non
727 1979 937 2058 uotuelitete
953 1987 1162 2058 existenties
1174 2009 1262 2080 quse

88 2093 153 2162 iem
174 2093 239 2179 sit,
257 2093 318 2164 sed
340 2095 549 2166 eotuolitute
572 2118 639 2163 esse
660 2096 793 2185 repositi
816 2093 854 2164 in
875 2100 1018 2164 esterno
1041 2094 1177 2164 intuitu
1196 2093 1264 2164 Dei

88 2200 145 2285 (of.
166 2199 223 2270 th.
237 2199 392 2289 xxm
417 2201 491 2272 vid.
507 2201 667 2293 Voequeu
691 2201 781 2293 disp.
803 2200 859 2270 63.
878 2223 908 2272 o.
927 2199 961 2269 d.
980 2199 1024 2269 ed
1047 2199 1136 2288 3¹¹⁸).

147 2307 265 2378 Aliud
293 2313 349 2377 eet
376 2330 462 2399 ergo
484 2329 669 2400 quuerere,
701 2331 747 2377 un
769 2309 864 2378 Deus
894 2307 1016 2378 videet
1042 2307 1204 2393 infinite,
1227 2311 1265 2378 et

88 2413 182 2486 uliud
206 2421 329 2484 utrum
351 2437 411 2500 ee,
437 2435 525 2507 quus
547 2415 642 2485 Deus
674 2415 791 2499 videt,
816 2415 890 2485 sint
918 2420 1003 2485 eotu
1032 2436 1077 2483 en
1106 2414 1265 2506 potentis

88 2523 389 2615 (oetegoremetioe
411 2545 457 2592 en
480 2523 852 2615 syncategoremutioe)
867 2522 1020 2592 infinite.
1037 2523 1095 2593 Ad
1115 2523 1264 2613 priorem

87 2631 322 2722 quaestionem
344 2653 387 2700 ex
410 2633 644 2722 praestruotie
667 2631 905 2702 fundamentis
920 2631 1194 2722 respondendum
1210 2636 1266 2700 eet

87 2737 301 2823 udirmundo,
325 2737 437 2808 Deum
459 2737 580 2808 videre
601 2737 754 2808 infinite.
779 2737 837 2806 Ad
860 2737 1095 2831 quaestionem
1117 2735 1265 2804 alteram

87 2845 130 2914 lis
151 2867 231 2914 esse
253 2850 370 2935 potest
391 2845 509 2935 potius
531 2844 734 2915 denomino
757 2866 860 2937 quum
884 2845 926 2914 de
953 2866 1003 2930 re,
1022 2849 1066 2912 ut
1083 2844 1167 2913 bene
1189 2841 1265 2910 oni·

88 2951 279 3023 madvertit
294 2951 426 3022 Susrsu
441 2953 467 3021 1.
483 2977 514 3022 o.
532 2953 595 3042 (1).
614 2953 653 3022 Si
675 2952 768 3022 enim
791 2951 987 3022 ooneideres
1002 2950 1130 3022 realem
1147 2949 1265 3021 termi-

87 3081 209 3130 norum
234 3061 453 3127 andrentium
469 3061 507 3126 in
521 3083 568 3142 ιι,
585 3059 661 3130 sive
676 3059 800 3130 seriem
822 3059 1052 3128 oonetitutum
1067 3081 1111 3128 ex
1126 3057 1266 3126 eotibus

87 3167 303 3256 praeteritis,
328 3167 455 3254 series,
481 3175 523 3238 nt
543 3167 640 3254 dixi,
667 3190 800 3258 semper
822 3174 877 3236 est
899 3167 1010 3236 solum
1033 3181 1266 3256 quantopere·

87 3277 212 3342 morire
234 3274 388 3344 infinite.
407 3276 511 3345 Hune
534 3259 671 3345 modum
694 3275 833 3346 dioendi
855 3275 1012 3366 praefert
1034 3273 1178 3359 Suureu,
1197 3273 1266 3343 Ge·

88 3381 195 3454 briele
220 3382 299 3452 Biel
328 3382 479 3476 aliisque
508 3383 769 3476 praeeuntibus.
795 3382 835 3453 Si
857 3381 1053 3452 oonsideres
1085 3381 1264 3466 terminos,

151 3563 197 3638 (1)
217 3565 371 3633 Portunum
390 3565 495 3620 Susrou
514 3566 659 3634 probavit,
680 3566 769 3620 Deum
790 3567 938 3634 ipsumque
955 3566 1078 3619 unimem
1098 3565 1210 3620 Christi
1224 3581 1266 3622 oo·

88 3669 226 3719 noeoere
244 3654 376 3722 infinito,
398 3657 468 3723 quis
485 3655 631 3720 oognoeoit
647 3671 742 3708 omnes
762 3659 843 3710 sotus
862 3659 1058 3708 oreetursrun
1080 3655 1266 3710 rationalium

87 3757 137 3810 per
151 3749 245 3798 toturn
263 3747 466 3799 setensteten
484 3744 613 3812 futurum
635 3746 751 3812 quserit
764 3765 777 3792 ι
791 3760 828 3798 sn
845 3746 915 3798 huso
930 3745 1048 3798 infinite
1066 3744 1129 3798 sint
1147 3743 1268 3798 dioonde

87 3835 323 3900 ootegorenutioe
345 3835 396 3899 uel,
412 3835 700 3902 syuostegorenstioe
719 3834 864 3888 infinito.»
878 3832 1047 3902 Respondet
1064 3847 1145 3888 vero:
1165 3853 1178 3880 s
1190 3833 1221 3884 in
1235 3847 1267 3886 re

87 3938 143 3976 non
162 3922 281 3978 videtur
293 3939 376 3992 posse
395 3939 458 3978 esse
478 3939 581 3990 mouns
596 3923 770 3990 diversitss3
786 3938 852 3978 nen
864 3939 960 3978 omnes
973 3923 1149 3978 eonveniunt
1160 3923 1192 3976 in
1205 3921 1262 3976 lite:

89 4011 113 4062 1·
126 4015 183 4068 illu
201 4029 274 4082 quse
295 4013 443 4082 videntur,
460 4029 517 4068 non
542 4029 605 4068 esse
619 4014 651 4068 in
664 4019 741 4068 oerto
759 4015 859 4082 eliono
877 4029 995 4068 numero
1013 4013 1104 4078 flulto,
1120 4027 1171 4066 neo
1184 4027 1267 4080 posue

89 4101 238 4162 perveniri
257 4101 293 4154 ud
318 4103 402 4156 finem
426 4118 522 4158 eorum
546 4103 719 4158 numerando
743 4119 831 4158 unum
851 4107 917 4170 poet
938 4101 1034 4170 uliud5
1057 4103 1085 4154 2·
1103 4101 1267 4156 illuomnis

89 4189 175 4244 sinet
196 4193 344 4259 eognoeot,
368 4195 398 4246 et
423 4192 468 4247 itu
493 4209 555 4246 eene
578 4194 664 4247 simul
685 4193 783 4262 sliquo
811 4193 892 4246 modo
917 4193 1031 4246 eoilioot
1054 4191 1196 4246 obieotive
1217 4188 1267 4264 (Ιιι

91 4275 243 4330 intellectu
253 4277 274 4346 );
288 4283 317 4336 3·
330 4285 420 4336 toturn
438 4281 520 4336 lllum
539 4283 735 4337 oolleotionem
755 4299 812 4337 nou
833 4297 915 4351 posue
933 4285 998 4336 notu
1016 4282 1084 4349 pont
1096 4283 1128 4334 in
1144 4295 1184 4335 re.
1201 4281 1268 4344 Qui-

92 4364 145 4418 b¹⁸
163 4365 268 4433 uultis
290 4366 351 4422 tere
371 4371 406 4426 ds
434 4371 515 4426 modo
535 4372 673 4440 loquendi
691 4372 808 4428 videtur
836 4371 1069 4428 oontroveruim
1093 4371 1121 4424 3.
1145 4369 1221 4427 Η.
1241 4371 1266 4422 1.

93 4451 170 4521 disp.
181 4453 225 4510 dd.
238 4460 308 4510 suot.
319 4457 346 4512 4.
359 4456 396 4512 sd
414 4458 507 4512 duem.
