3292 5062
535 374 573 388 ..
598 341 656 403 139
677 374 714 386 -

68 446 93 514 si
112 445 179 514 illic
202 467 313 514 sermo
336 452 429 514 esset
451 447 493 516 de
517 448 715 537 cognitione
737 447 908 534 naturali,
928 453 966 515 at
988 471 1030 518 ex
1053 454 1219 518 contextu

67 560 110 620 est
128 553 263 622 evidens
285 576 356 620 uon
380 554 422 624 de
445 553 511 623 hac
535 555 594 623 sed
618 555 660 622 de
683 555 817 622 visione
845 555 927 643 agi,
954 555 1089 646 qualem
1124 557 1218 624 Deus

67 661 238 730 elevatione
260 661 543 730 extraordinaria
566 664 738 732 concessit
770 661 901 750 Moysi,
927 663 985 732 cui
1002 693 1018 726 ι
1035 685 1073 730 oa
1104 664 1149 732 ad
1182 687 1219 732 os

67 769 263 858 loquebatur,
283 795 300 829 n
326 775 364 836 et
395 767 563 858 Apostolo
592 777 695 860 rapto
724 771 761 836 in
791 771 936 838 tertium
968 771 1111 840 coelum.
1130 770 1219 840 Vide

68 875 106 941 iti
128 877 232 944 aaa
251 876 308 943 55.
330 875 386 942 56.
405 875 461 944 69.

119 984 217 1052 Porro
233 984 405 1052 obiectum
421 983 546 1052 iudicii
561 983 805 1073 metaphysici,
822 985 959 1076 quaudo
972 1007 1067 1054 mens
1083 985 1220 1054 iudicat

67 1091 99 1160 de
110 1091 265 1158 essentiis
282 1113 411 1174 rerum,
435 1110 522 1182 quae
535 1097 675 1180 praeter
686 1093 795 1159 Deum
808 1099 892 1160 sunt
903 1092 960 1160 vel
974 1115 1046 1162 esse
1059 1097 1216 1183 possunt,

67 1222 118 1264 nou
130 1219 200 1266 esse
216 1199 422 1286 Augustino
436 1197 546 1266 Deum
559 1198 671 1288 ipsum
686 1200 746 1266 sed
762 1201 922 1287 gradum,
938 1221 1040 1291 aquo
1054 1201 1221 1269 ascendet

66 1306 212 1374 adDeum
235 1305 425 1372 veritatem
449 1305 726 1388 substantialem,
742 1315 916 1394 oporteret
930 1307 1004 1374 siue
1020 1313 1218 1376 controver-

66 1413 226 1480 siahaberi
239 1419 281 1478 ut
292 1411 536 1494 certissimum,
550 1411 688 1480 etiamsi
702 1413 737 1480 S.
750 1414 879 1482 Ductor
890 1414 927 1482 id
942 1415 1071 1483 diserte
1086 1437 1155 1482 nun
1168 1415 1219 1484 di·

66 1527 150 1588 seret.
159 1521 327 1588 Attamen
344 1521 489 1607 ipsemet
505 1519 568 1586 hoc
584 1519 794 1608 principium
807 1543 966 1609 expresse
978 1522 1145 1590 declaret.
1161 1521 1220 1590 Sic

67 1625 189 1717 Scliloq.
199 1627 226 1692 1.
238 1626 269 1692 I.
281 1647 393 1716 c.seq.
404 1626 568 1708 ostendit,
587 1627 630 1692 ab
645 1627 762 1694 eadem
780 1627 916 1718 quidem
936 1633 1049 1695 mente
1065 1627 1220 1716 intelligi

67 1732 311 1820 etspectamina
325 1731 591 1822 disciplinarum
608 1736 710 1821 (puts
728 1733 968 1822 metaphysica
980 1757 1019 1802 eo
1033 1734 1218 1802 mathemu-

67 1839 134 1926 tica)
145 1847 179 1907 et
190 1841 302 1908 Deum
320 1839 446 1928 ipsum;
462 1839 559 1906 aliud
572 1845 685 1907 tamen
702 1840 804 1930 longa
822 1841 998 1910 diversum
1015 1865 1088 1910 esse
1095 1843 1217 1928 Deum,

68 1953 93 2013 et
111 1947 195 2036 quod
219 1969 316 2014 meus
341 1947 501 2014 intuetur
524 1947 561 2013 in
585 1945 680 2014 hisce
704 1949 929 2032 veritatibus,
949 1952 1108 2041 quemvis
1126 1951 1221 2018 Dens

67 2053 124 2142 ipss
143 2056 194 2122 sit
216 2055 282 2122 lux
306 2054 432 2143 prima,
451 2077 472 2120 a·
494 2075 564 2146 qua
587 2054 771 2122 derivatur
786 2055 901 2124 lumen
919 2059 1055 2142 mentis,
1071 2065 1107 2127 et
1119 2081 1139 2126 a
1152 2081 1222 2150 qua

67 2168 199 2250 etipsa
223 2161 373 2252 quaevis
396 2163 567 2230 obieetiva
592 2163 725 2230 veritas
741 2163 998 2252 cognoscibilis.
1021 2165 1221 2234 «Adducor

69 2276 99 2334 ut
114 2269 296 2351 assentiar,
324 2277 493 2360 quantum
517 2268 554 2335 in
578 2291 640 2335 suo
663 2291 788 2358 genere
812 2293 833 2336 a
856 2270 949 2338 coelo
969 2279 1117 2356 terrem,
1145 2287 1220 2338 tan-

69 2391 122 2440 tam
142 2378 182 2443 ab
205 2375 438 2464 intelligibili
461 2377 527 2443 Dei
549 2379 729 2442 maiestate
751 2382 961 2464 spectamine
983 2379 1050 2444 illa
1064 2379 1220 2470 discipli-

67 2507 169 2548 narum
191 2507 273 2550 vera
297 2499 329 2550 et
353 2498 445 2549 certa
469 2481 665 2570 differre...
684 2483 959 2573 Disciplinarum
976 2509 1131 2578 quaeque
1149 2512 1220 2558 cer·

69 2589 184 2657 tissima
205 2591 299 2658 talia
321 2599 417 2673 sunt,
443 2590 563 2682 qualia
585 2591 650 2658 illa
680 2613 768 2683 quae
799 2593 870 2660 sole
901 2593 1153 2678 illustrantur,
1180 2603 1222 2664 ut

68 2697 160 2765 videri
184 2698 323 2787 possint
346 2698 446 2766 velut
467 2704 576 2782 terra,
601 2699 694 2766 Deus
718 2707 833 2768 autem
857 2707 911 2768 est
941 2701 1014 2790 ipse
1045 2703 1105 2792 qni
1136 2703 1218 2770 illu-

69 2810 143 2870 strat
165 2804 276 2891 (l)....
314 2804 566 2892 Intelligr'bilis
592 2827 708 2894 nempe
744 2807 833 2872 Deus
868 2823 940 2889 est,
971 2809 1220 2898 intelligibilia

69 2912 152 2976 etium
174 2911 244 2976 illc
267 2908 534 2999 disciplinarum
561 2915 782 3000 spectamina,
809 2928 918 2979 tamen
945 2915 1130 3002 plurimam
1147 2915 1220 3005 dif-

65 3016 167 3099 ferant
181 3045 197 3078 a
220 3018 269 3084 ib.
288 3017 529 3085 n.11.12.15.
555 3015 685 3086 Eadem
711 3026 765 3087 eal:
781 3018 962 3088 distinctio
978 3020 1002 3088 l.
1023 3021 1072 3088 Π.
1092 3023 1133 3090 de
1155 3022 1218 3090 lib.

69 3125 187 3193 arbitr.:
224 3155 241 3189 ι
266 3147 369 3215 quam
403 3148 487 3214 ergo
522 3149 625 3194 verae
660 3134 764 3217 atque
802 3128 1102 3198 incommutabiles
1137 3139 1220 3198 suut

70 3231 190 3319 regulae
214 3253 448 3315 numerorum,
474 3253 620 3322 quorum
644 3233 814 3300 rationem
836 3241 941 3325 etque
959 3236 1145 3304 veritatem
1167 3237 1220 3304 in·

70 3338 342 3406 commutabiliter
367 3347 472 3429 atque
495 3340 723 3407 communiter
745 3340 903 3408 omnibus
927 3350 1065 3431 praesto
1081 3364 1155 3411 esse
1170 3343 1220 3410 di·

70 3443 148 3528 xisti,
164 3453 237 3512 tsm
261 3453 347 3513 suut
369 3467 473 3513 verae
489 3453 593 3537 atque
610 3446 909 3516 incommutabiles
926 3449 1069 3536 regulae
1086 3451 1220 3539 sapien·

70 3547 162 3618 tiae...
180 3549 403 3642 Quapropter
419 3551 517 3619 nullo
541 3551 638 3621 modo
669 3553 866 3642 negaveris,
899 3577 973 3623 esse
996 3555 1220 3624 incommuta·

71 3653 155 3724 bilem
178 3659 364 3728 veritatem
394 3657 479 3730 haec
510 3663 650 3740 omnic,
670 3684 758 3751 puae
789 3663 1113 3730 incommutabiliter
1143 3687 1222 3731 vero

71 3779 145 3843 mut,
161 3769 384 3832 concinentem
400 3771 456 3852 (ut
471 3789 610 3835 causam
627 3776 663 3834 et
677 3767 910 3856 exemplar)...
929 3779 1105 3858 tamquam
1124 3770 1222 3837 miris

72 3869 162 3937 nodis
182 3879 355 3939 secretum
378 3881 414 3940 et
436 3871 614 3961 publicum
633 3873 750 3941 lumen
769 3901 785 3934 n
804 3873 850 3942 ib.
871 3899 905 3941 n.
925 3873 979 3942 29.
998 3875 1054 3942 83.
1073 3875 1163 3944 Hinc
1180 3899 1221 3943 ex

73 3979 323 4062 spectaminibns
346 3977 637 4067 disciplinarum,
656 4002 698 4046 ex
724 3980 936 4049 veritatibus
959 3981 1222 4050 iucommutabi-

120 4133 158 4208 (1)
174 4140 243 4206 Agit
262 4142 377 4210 quidam
396 4144 577 4208 Augustinus
597 4143 644 4196 hle
663 4143 771 4196 directe
796 4142 829 4196 de
854 4145 1070 4211 supernaturali
1090 4145 1222 4198 illustra·

75 4223 136 4278 tione
153 4229 225 4296 soei,
246 4231 296 4283 sed
315 4231 352 4287 ad
372 4245 428 4284 reuu
449 4236 627 4298 preeaautem
647 4233 868 4299 perdurarem
890 4235 1059 4300 praesertim
1073 4249 1134 4287 cum
1148 4235 1223 4287 Deua

76 4313 107 4364 air
121 4316 208 4372 lumen
223 4336 336 4388 quoquc
356 4321 494 4375 mentium
507 4323 539 4374 iu
552 4321 652 4375 ordine
665 4323 804 4390 naturali,
819 4327 852 4375 ut
864 4325 948 4391 paulo
961 4329 1067 4394 postu.
1082 4325 1125 4378 15.
1137 4324 1223 4377 etiam

76 4401 232 4469 htuemur
250 4411 372 4466 iudicat.
