3262 5076
929 405 1109 468 433..

302 575 314 586 .
427 531 549 580 menae
571 509 610 580 in
631 509 742 580 Deum
766 509 984 581 referendam
1007 512 1169 581 admonet
1186 531 1346 598 cansam,
1378 511 1469 606 qnia
1490 513 1522 582 si
1542 511 1597 582 eli·
1622 544 1623 626 q

427 639 497 712 qua
534 618 726 710 peccaturis
764 617 938 710 iniquitas
967 641 989 688 s
1018 620 1091 690 Deo
1124 619 1386 710 praedestinata
1423 621 1596 704 creditur,
1622 633 1623 710 j

426 725 540 816 ipsine
557 725 760 818 iniquitatis
776 748 884 796 eausa
906 726 943 795 in
966 727 1284 818 praedestinatione
1300 727 1429 797 dimna
1447 735 1596 819 ponetur,
1622 717 1623 720 ¹

426 832 517 926 quod
541 856 644 925 quam
668 833 717 903 sit
739 833 886 925 impium
910 857 1081 928 quamque
1104 835 1187 905 tidei
1217 835 1441 906 christianae
1473 845 1598 906 contra·

423 941 529 1026 rium,
546 941 684 1012 nullum
699 951 784 1032 puto
800 943 924 1032 fugere
939 941 1193 1012 Christianum.
1210 971 1226 1006 ι

490 1047 546 1117 Ex
571 1049 733 1118 doctrina
760 1051 880 1142 itaque
905 1049 970 1120 SS.
988 1051 1134 1122 Petrum
1160 1051 1199 1120 in
1226 1051 1303 1142 ipso
1330 1051 1507 1122 conflictu
1532 1073 1598 1122 enm

425 1155 628 1246 Pelagianis
643 1164 680 1228 et
696 1157 989 1249 semipelagianis
1013 1157 1103 1228 satis
1125 1158 1314 1249 explicata,
1332 1162 1369 1246 a)
1385 1159 1491 1228 Deus
1505 1159 1599 1228 nami·
1623 1210 1624 1294 q

424 1286 501 1333 nem
524 1263 764 1354 praedestinat
786 1264 832 1334 ad
855 1263 997 1350 malum,
1023 1287 1091 1356 quo
1114 1265 1196 1358 quis
1218 1272 1373 1335 rueretur
1403 1265 1595 1350 interitum
1623 1303 1624 1338 ι

426 1371 578 1464 adeoque
605 1371 697 1442 illnd
723 1371 822 1442 nullo
844 1372 943 1442 modo
965 1371 1047 1442 vult
1069 1373 1129 1442 sed
1153 1373 1265 1442 solum
1288 1373 1465 1465 praescit.
1491 1373 1597 1464 Neque

425 1480 520 1550 vires
542 1481 638 1550 Deus
661 1481 822 1574 cuiqnam
845 1479 1037 1566 subtrabit,
1063 1487 1104 1550 ut
1126 1481 1241 1568 cadat;
1259 1481 1320 1551 sed
1335 1481 1449 1551 immo
1473 1504 1517 1550 ex
1536 1502 1596 1550 sese

425 1609 542 1656 omnes
564 1587 645 1658 vult
666 1588 848 1674 adiuvare,
867 1589 959 1682 quod
976 1595 1093 1658 autem
1110 1587 1213 1656 multi
1228 1593 1313 1657 actu
1336 1611 1409 1657 non
1435 1587 1597 1657 adiuven-

425 1699 499 1780 tur,
525 1694 563 1764 in
585 1695 674 1786 ipsis
697 1702 891 1766 causaest.
919 1695 1021 1780 Quod
1044 1696 1075 1764 si
1100 1719 1199 1765 secus
1222 1719 1259 1765 se
1281 1694 1446 1782 baberet,
1465 1697 1498 1764 si
1516 1694 1597 1763 Deua

424 1803 648 1895 iniquitatem
677 1805 974 1894 praedestinaret,
1000 1804 1075 1895 ipse
1099 1811 1190 1874 esset
1220 1825 1327 1873 eausa
1355 1805 1519 1894 peecati;
1542 1801 1595 1870 boo

423 1915 540 1979 autem
563 1911 695 1980 sentire
719 1910 864 2002 impium
887 1919 943 1981 est
964 1918 1002 1980 et
1023 1911 1176 1980 omnium
1192 1909 1485 1980 Christianorum
1504 1931 1595 1978 sensu

425 2019 638 2089 eontrarium
654 2019 736 2088 tidei
749 2019 977 2090 christianae.
996 2020 1029 2106 b)
1041 2020 1099 2090 Ad
1114 2020 1300 2089 interitum
1315 2019 1422 2089 nulla
1437 2025 1496 2090 est
1510 2037 1592 2108 prae

425 2125 613 2196 destinatio
638 2125 855 2210 antecedens,
884 2127 944 2196 sed
967 2133 1106 2196 tantum
1129 2151 1331 2219 consequere
1347 2129 1593 2218 praecisiones

427 2235 702 2322 «percenseatis
717 2233 939 2324 iniquitatis·
954 2260 969 2296 ι
987 2239 1043 2303 est
1057 2235 1148 2303 enim
1164 2233 1250 2304 haec
1261 2233 1541 2325 praedestinatio
1551 2231 1590 2318 (1)

425 2339 501 2408 eive
520 2339 720 2430 reprobatio
735 2347 836 2409 actus
850 2339 1011 2410 iustitiae
1035 2341 1071 2410 in
1094 2349 1275 2412 aeternnm
1291 2343 1421 2434 punine
1436 2339 1588 2420 volentis,

426 2469 515 2540 quae
538 2447 640 2516 nulla
655 2471 728 2518 esee
744 2453 860 2540 potest
881 2448 952 2517 nisi
976 2457 1225 2544 consequenter
1247 2449 1293 2519 ad
1316 2457 1503 2541 peccatum
1518 2449 1589 2534 (Au-

424 2563 521 2646 gust.
541 2577 571 2624 c.
588 2553 659 2626 Iul.
674 2555 744 2624 111.
758 2581 794 2626 n.
808 2555 865 2644 ae,
883 2555 926 2626 de
941 2555 1003 2626 lib.
1021 2559 1096 2626 arb.
1110 2557 1180 2627 111.
1194 2581 1231 2626 n.
1247 2557 1340 2644 51.);
1370 2563 1408 2626 et
1438 2557 1479 2626 in
1505 2575 1587 2647 prae

424 2665 516 2734 senti
532 2665 653 2735 ordine
669 2672 832 2756 reparato
846 2665 948 2734 nulla
969 2673 1023 2734 est
1045 2665 1116 2735 nisi
1139 2672 1389 2758 consequenter
1414 2665 1463 2735 ad
1485 2683 1586 2756 pecea-

423 2778 497 2842 tum
517 2793 744 2863 perseverans
766 2779 804 2842 et
825 2771 942 2842 finale.
961 2773 1122 2843 Ceterum
1147 2778 1178 2862 ο)
1200 2797 1267 2840 aon
1281 2771 1585 2862 praedestinare-iet

421 2879 602 2968 reprobari
624 2879 791 2948 Patribus
814 2879 1088 2972 aequipollentia
1110 2887 1205 2966 sunt,
1231 2879 1324 2949 unde
1346 2879 1458 2948 etiam
1481 2876 1584 2946 nullus

422 2991 489 3072 est,
514 2987 573 3056 cni
595 2994 744 3077 negetur
760 2986 1036 3078 praedestinatio
1050 2986 1095 3056 ad
1111 2987 1224 3058 vitam
1240 2991 1420 3056 aeternam
1437 2983 1509 3053 nisi
1523 3007 1582 3050 eoa·

422 3107 609 3186 sequenter,
627 3093 710 3185 quia
733 3093 959 3183 praevidetur
987 3115 1164 3163 «casurus
1187 3099 1224 3163 et
1247 3115 1315 3162 non
1338 3111 1580 3162 reversurus*

421 3201 514 3271 Hinc
530 3201 591 3294 qui
607 3223 670 3270 sua
686 3199 791 3291 eulpa
813 3207 898 3270 sunt
919 3201 1069 3292 reprobi,
1088 3201 1119 3270 si
1136 3201 1290 3294 praevisi
1306 3207 1428 3272 ament
1443 3199 1581 3270 finaliter

421 3309 613 3395 reversuri,
639 3314 682 3378 nt
704 3317 847 3400 possent
868 3315 906 3378 et
927 3308 1093 3380 deberent
1114 3309 1259 3395 reverti,
1277 3331 1346 3378 non
1361 3309 1435 3378 iam
1458 3303 1580 3399 reprobi

423 3425 541 3486 ament
556 3417 616 3486 sed
633 3415 897 3506 praedestinati.

489 3523 603 3616 Atqui
625 3529 701 3592 tota
724 3521 808 3594 baec
831 3523 1028 3594 christiana
1051 3525 1212 3594 doctrina
1234 3531 1466 3594 commentum
1480 3523 1578 3590 haere

423 3631 572 3700 tiuurum
588 3629 782 3698 monaulum
799 3631 1139 3722 euprulupaurierum
1161 3629 1221 3700 sed
1245 3631 1351 3700 etiam
1375 3629 1575 3718 inse-alopas

421 3739 551 3805 riorum
576 3734 803 3829 undequaque
827 3735 1042 3822 condemnat,
1061 3737 1266 3828 praesertim
1283 3737 1315 3806 ai
1332 3743 1508 3828 spectetur
1521 3753 1573 3801 mo

419 3843 498 3930 dus,
512 3866 580 3938 quo
596 3843 653 3914 iili
669 3843 1001 3936 praedestinationis
1016 3853 1053 3915 et
1067 3845 1324 3936 reprobationis
1338 3846 1573 3916 exsecutionem

418 3952 496 4023 tisri
517 3953 775 4024 confinxerunt.

486 4242 529 4321 (1)
546 4247 587 4302 De
599 4259 653 4302 usu
665 4245 798 4302 vocabuli
813 4265 827 4332 f
834 4245 1083 4312 prudentiaque·
1098 4243 1257 4316 aliquando
1269 4250 1329 4301 tam
1341 4248 1373 4300 ir
1386 4246 1483 4300 bom
1500 4253 1568 4309 quan

421 4337 453 4392 tu
473 4337 575 4390 malam
594 4339 722 4404 partem,
744 4335 927 4404 trequentIne
951 4339 1046 4390 anum
1070 4335 1147 4404 apud
1165 4339 1279 4392 veteru
1299 4341 1330 4392 et
1346 4335 1407 4390 tare
1425 4333 1567 4389 euram&

422 4425 498 4494 apud
516 4426 690 4480 recentiores
710 4427 742 4480 in
760 4428 871 4494 partam
891 4424 1086 4480 tantummodo
1099 4426 1211 4494 bonam,
1227 4425 1294 4480 ride
1313 4425 1461 4480 Pataris·
1477 4420 1508 4474 de
1521 4419 1565 4472 ΙΝ

422 4515 444 4570 1.
456 4513 507 4570 1¹.
518 4531 543 4570 c.
556 4517 582 4570 1.
594 4529 624 4570 n.
634 4514 662 4570 b.
673 4529 755 4583 seqq.
