3464 5058
913 385 949 398 -
971 351 1033 413 050
1054 383 1091 396 ..

412 463 485 530 riae
508 462 551 528 ob
575 459 701 528 merita
727 459 837 528 Deum
866 457 1055 527 adductum
1078 479 1152 525 esse
1174 455 1259 524 aliis
1282 454 1486 546 quibusdam
1514 454 1576 523 sal-

412 570 604 638 vandorum
628 565 790 634 meritis?
815 564 935 634 Solum
959 569 1077 654 posset
1098 563 1170 632 dici
1192 564 1287 632 Deus
1304 562 1439 632 meritis
1450 561 1577 630 Christi

410 675 652 766 Redemptoris
683 673 856 742 adductus
885 672 928 740 ad
953 671 1102 760 gloriam
1125 671 1373 740 decernendam
1396 671 1439 737 ob
1463 669 1580 737 merita

411 785 588 852 hominum
600 782 861 865 salvandorum,
876 781 918 848 de
931 803 998 871 quo
1009 779 1145 848 Christi
1158 779 1283 848 merito
1299 779 1437 847 hicnon
1451 777 1577 866 agitur.

409 891 466 959 Ab
489 891 554 959 hac
578 888 780 958 confusione
803 887 956 976 duplicis
972 885 1188 978 quaestionis
1205 885 1365 954 diversae
1380 886 1488 954 etiam
1503 883 1579 952 Sua

410 1021 467 1066 rez
491 998 539 1084 (l.
554 997 585 1064 Ι.
605 1020 635 1064 o.
655 997 687 1064 8.
706 1019 742 1062 n.
757 996 839 1080 26.)
862 994 995 1086 aliique
1018 1017 1086 1061 non
1102 1001 1193 1062 sunt
1204 994 1385 1077 immunes,
1403 1016 1445 1062 ao
1461 993 1493 1060 si
1507 991 1577 1074 hoc,

357 1138 360 1144 ·
409 1105 499 1196 qnod
524 1105 619 1172 Deus
642 1101 752 1170 nullis
767 1100 904 1168 meritis
919 1101 1094 1170 adductus
1109 1107 1164 1168 est
1179 1101 1224 1170 ad
1239 1101 1390 1190 gloriam
1406 1107 1579 1190 tamquam

408 1212 598 1302 praemium
625 1215 823 1278 nostrorum
856 1207 1057 1276 meritorum
1091 1207 1358 1292 decernendam,
1391 1214 1486 1276 esset
1516 1206 1580 1274 iam

407 1317 683 1412 praedestinatio
698 1323 780 1384 aute
796 1315 959 1405 praevisa
974 1315 1112 1384 merita.
1128 1317 1235 1384 Immo
1248 1316 1468 1384 contrarium
1483 1315 1579 1404 plane

409 1435 463 1496 est
485 1426 716 1510 inferendum
743 1424 803 1516 qui
825 1423 916 1491 enim
940 1422 1049 1490 nullis
1066 1431 1240 1513 permotus
1258 1424 1394 1492 meritis
1413 1423 1578 1492 eadmero

408 1559 470 1604 suo
494 1534 709 1624 beneplacito
733 1531 812 1598 vult
834 1531 918 1599 dare
942 1552 1101 1599 coronam
1124 1532 1189 1600 snb
1212 1532 1409 1600 conditione
1432 1529 1581 1620 legitimi

408 1641 622 1726 certaminis,
648 1640 713 1708 hoc
729 1641 804 1729 ipso
819 1660 978 1707 coronam
994 1661 1062 1706 non
1079 1639 1320 1729 praedestinat
1333 1639 1494 1707 absolute
1515 1637 1580 1706 nisi

321 1765 327 1780 '
408 1749 586 1840 supposito
608 1746 767 1836 legitimo
790 1746 992 1814 certamine.
1018 1746 1205 1816 Praeterea
1227 1745 1397 1814 Patavina
1413 1745 1518 1838 quasi
1533 1745 1579 1812 ia·

407 1858 458 1927 cti
481 1856 659 1946 poenitens
682 1837 768 1922 inde*
786 1875 807 1920 a
831 1875 906 1944 cap.
933 1853 989 1920 12⁰
1012 1855 1158 1943 ipsemet
1188 1855 1347 1924 concedit
1376 1861 1412 1922 et
1442 1860 1578 1936 tuetur,

406 1964 647 2054 Augustinum
670 1984 739 2029 non
762 1961 911 2050 gloriam
935 1984 996 2051 per
1020 1985 1057 2030 se
1080 1970 1270 2053 spectatam
1289 1964 1350 2032 sed
1366 1965 1523 2052 gratiam
1538 1960 1580 2030 ai·

408 2071 481 2140 mul
503 2077 539 2138 et
561 2069 709 2160 gloriam
734 2068 983 2158 designarent
1013 2071 1199 2138 terminum
1232 2068 1577 2160 praedestinationis,

408 2180 468 2248 abi
481 2200 556 2245 eam
573 2182 681 2266 negat
697 2177 826 2244 factam
844 2197 886 2243 ax
903 2174 989 2243 ullis
1005 2175 1142 2246 meritis
1159 2177 1512 2266 praedestinatorum.
1530 2175 1579 2241 Ac

407 2285 549 2354 tandem
571 2282 675 2374 plane
700 2285 846 2351 latetur:
868 2311 885 2346 a
901 2307 944 2352 ex
967 2283 1164 2373 Augustini
1188 2285 1363 2354 sententia
1386 2287 1510 2354 verius
1526 2305 1580 2374 pu·

406 2399 534 2476 tamus,
554 2392 703 2482 gloriam
719 2413 787 2458 non
800 2391 955 2480 praecise
970 2391 1207 2482 absoluteque,
1225 2392 1284 2461 sed
1294 2399 1475 2484 tamquam
1488 2413 1578 2482 prae·

407 2499 513 2568 mium
537 2509 643 2589 atque
665 2521 707 2566 ex
732 2497 877 2580 meritis,
905 2519 992 2588 quae
1016 2504 1112 2566 certo
1136 2499 1259 2566 futura
1282 2499 1490 2588 praescivit,
1504 2519 1577 2587 pon·

406 2605 544 2674 dentem
555 2611 591 2672 et
603 2627 680 2672 oum
693 2602 769 2670 illis
785 2602 982 2670 ordinatam
994 2604 1187 2672 destinasse
1200 2605 1310 2673 Deum
1329 2632 1345 2664 n
1362 2603 1575 2674 1.1x.0.15.

404 2735 440 2780 u.
463 2711 495 2778 1.
520 2711 579 2802 At¹
592 2710 683 2778 enim
703 2709 944 2797 Augustinum
962 2733 1029 2778 non
1051 2733 1132 2779 raro
1149 2711 1368 2781 considerata
1392 2717 1473 2780 tota
1495 2709 1577 2780 serie

405 2821 590 2888 effectuum
614 2819 965 2907 praedestinatorum,
991 2817 1080 2887 hanc
1104 2817 1246 2887 anullo
1279 2819 1401 2888 marito
1434 2818 1577 2909 pendere

406 2927 575 2996 adversus
599 2925 808 3014 Pelagianos
831 2933 866 2993 et
889 2924 1187 3015 Semipelagianos
1210 2925 1381 3010 docuisse,
1408 2947 1509 2994 nemo
1523 2946 1576 2992 no·

406 3040 518 3104 strum
541 3034 699 3119 dubitat;
726 3033 806 3102 inde
830 3055 911 3100 vero
928 3033 1103 3124 consequi,
1124 3033 1214 3124 quod
1231 3032 1267 3101 S.
1286 3033 1416 3102 Doctor
1432 3031 1574 3122 gloriam

405 3165 466 3232 per
489 3164 525 3210 se
549 3147 753 3230 spectatam,
779 3137 965 3208 voluntate
987 3141 1212 3208 antecedente
1235 3139 1491 3230 praevisionem
1515 3160 1575 3208 me·

405 3248 554 3318 ritorum
578 3245 873 3337 praedestinatam
896 3267 971 3314 esse
995 3247 1187 3335 putaverit,
1215 3268 1394 3336 negamus,
1421 3254 1459 3314 et
1481 3247 1574 3314 Peta-

405 3355 486 3423 vius
508 3355 581 3444 ipse
602 3353 742 3422 tendam
766 3374 895 3442 negare
918 3351 1072 3437 videtur,
1104 3377 1182 3424 oum
1198 3353 1356 3424 concedit
1371 3353 1488 3422 minus
1502 3375 1573 3422 con·

407 3461 538 3530 sentire
562 3483 638 3529 oum
661 3459 876 3548 Augustino,
898 3460 993 3551 aqui
1016 3460 1155 3530 decerni
1178 3483 1198 3527 a
1222 3461 1294 3528 Deo
1317 3461 1467 3551 gloriam
1484 3461 1573 3528 abso

405 3568 479 3636 late
503 3567 567 3636 hoc
590 3573 645 3644 est
667 3589 744 3634 cum
769 3565 868 3632 nulla
891 3559 1091 3634 meritorum
1117 3567 1206 3635 serie
1229 3589 1417 3636 connexam
1440 3573 1480 3634 et
1501 3587 1571 3634 con·

405 3680 537 3742 textam
561 3671 784 3742 arbitrantur
805 3698 820 3733 n
839 3671 864 3738 l.
884 3694 914 3740 c.
