3240 5064
414 455 528 535 tnre03
544 446 594 516 sio
617 443 841 514 menifestum
866 449 933 528 est,
959 337 1051 536 q²ddd
1066 443 1182 534 ipsum
1197 467 1265 512 esee
1279 465 1358 512 cnm
1373 444 1567 535 perfectione

413 553 640 648 snpereddite
662 558 718 622 est
740 551 962 620 eminentius.
983 577 1001 612 ι
1018 551 1073 620 ef.
1093 551 1127 619 1.
1144 577 1178 644 q.
1194 551 1249 620 13.
1267 573 1301 620 e.
1321 552 1378 620 11.

478 662 534 732 Ex
557 661 616 730 his
637 659 795 729 omuibus
817 665 985 750 epperet,
1004 682 1073 728 non
1096 660 1184 730 setis
1208 660 1444 730 considerasse
1475 660 1566 728 retio-
1604 701 1605 748 ι

412 795 489 841 nem
501 772 591 838 enee
603 795 625 835 c
635 791 737 838 oecos
751 768 944 858 theologos,
960 769 1022 860 qni
1038 771 1217 836 ementiore
1228 769 1294 839 Dei
1305 768 1566 860 metaphysiceu

413 901 481 946 non
496 879 535 946 in
550 877 638 945 Eece
652 901 675 943 a
690 900 737 958 ee,
752 877 812 946 sed
836 877 873 944 iu
896 877 1010 967 gredo
1032 875 1355 946 intellectnelitetis
1378 875 1437 946 vel
1452 876 1488 944 in
1499 883 1568 944 ectu

412 984 634 1076 intelligente
649 983 926 1054 constituendam
942 1005 1017 1053 esse
1031 991 1223 1075 puter-nnt3
1240 985 1298 1053 leis
1312 984 1403 1054 enim
1416 982 1568 1074 gradibus

414 1094 515 1185 prius
537 1099 592 1162 est
607 1092 696 1160 Esse
718 1117 741 1159 a
763 1115 808 1174 ee,
833 1113 901 1184 quo
916 1091 1050 1181 gredus
1066 1091 1124 1160 illi
1143 1091 1214 1182 ipsi
1229 1091 1566 1183 comprehenduntur,

413 1209 449 1271 et
471 1225 513 1270 ex
537 1223 605 1294 quo
626 1207 801 1293 temquem
826 1221 848 1268 e
870 1200 981 1290 priori
1005 1199 1238 1270 deducuntur.
1257 1199 1326 1270 Est
1346 1222 1431 1289 ergo
1452 1199 1568 1268 Eece

413 1335 449 1376 oe
469 1331 537 1378 non
560 1329 644 1378 vero
666 1308 798 1397 gradus
821 1307 959 1378 utervis
982 1307 1143 1394 inferior,
1168 1307 1262 1400 qnod
1285 1308 1324 1376 in
1345 1307 1420 1376 Deo
1441 1329 1464 1374 e
1485 1304 1568 1375 nobis

412 1417 630 1506 intelligitur
651 1423 693 1485 ut
715 1416 864 1506 primum
887 1423 923 1484 et
946 1421 987 1484 ut
1008 1439 1172 1506 supreme
1193 1416 1297 1486 redix
1320 1416 1473 1486 omnium
1506 1437 1568 1505 per·

411 1527 613 1597 lectionum.
631 1523 869 1594 Nihilominus
893 1532 1010 1593 temen
1034 1525 1167 1614 gredus
1198 1525 1567 1592 intellectualitatem

412 1633 585 1706 creaturis
608 1639 662 1700 est
688 1631 825 1722 plenior
852 1631 1031 1722 expressio
1062 1633 1176 1723 ipsius
1209 1633 1298 1700 Eece
1329 1631 1447 1702 divini
1480 1653 1567 1724 quen
1606 1608 1607 1682 l

412 1739 544 1832 gredm
566 1739 724 1830 superior
747 1745 783 1808 et
814 1739 1012 1829 generelior
1045 1743 1151 1820 vitoe,
1175 1746 1212 1809 et
1233 1739 1292 1810 lnic
1315 1739 1444 1808 iterum
1468 1739 1567 1808 imite-

410 1847 462 1915 tio
485 1853 540 1915 est
568 1845 795 1938 propinquior
825 1868 927 1938 quem
958 1847 1091 1936 gredus
1120 1845 1447 1916 universeliseimus
1472 1849 1566 1919 estio,

410 1955 494 2048 quie
515 1978 557 2024 ex
580 1955 686 2024 dietis
709 1955 746 2022 iu
769 1979 837 2022 esee
854 1959 1071 2046 participato
1094 1955 1277 2046 plenitudo
1307 1955 1482 2046 greduum
1503 1977 1566 2024 oon·

408 2061 672 2132 treotiorumed
684 2061 816 2151 gradus
839 2063 1036 2152 superiores
1059 2063 1182 2132 ordine
1197 2063 1340 2132 inverso
1361 2085 1398 2130 se
1422 2063 1567 2132 hebetes
1607 2066 1608 2152 l

408 2171 446 2237 in
469 2169 557 2237 Eece
579 2194 601 2236 o
623 2191 667 2236 se.
693 2169 771 2238 Non
794 2191 878 2258 ergo
901 2169 971 2256 his,
997 2191 1086 2262 ques
1107 2170 1150 2238 ds
1173 2169 1407 2239 essenticDei
1428 2169 1567 2238 diximus
1607 2153 1608 2164 ¹

409 2276 652 2346 constituenda
674 2276 712 2344 in
735 2277 812 2366 ipso
835 2277 922 2344 Eece
945 2303 968 2343 c
989 2301 1035 2360 ee,
1049 2285 1227 2368 repugnet
1243 2277 1566 2348 doetrineeS.'lho

408 2405 465 2453 me
486 2383 665 2454 declarate
687 2385 719 2452 1.
738 2409 772 2476 q.
790 2383 846 2453 93.
872 2405 905 2454 e.
924 2385 958 2471 3,
985 2387 1076 2478 quod
1100 2387 1138 2454 in
1163 2385 1249 2454 solis
1283 2385 1567 2458 intellectualibus

408 2493 585 2584 reperitur
609 2495 722 2584 imago
745 2499 782 2562 et
803 2493 998 2560 similitudo
1022 2493 1124 2563 velut
1146 2493 1319 2584 specifice,
1339 2495 1377 2564 in
1401 2495 1482 2564 eliis
1495 2515 1566 2562 vero

406 2601 576 2691 gnedibus
599 2599 837 2691 superioribus
860 2601 956 2670 vitee
979 2607 1017 2670 et
1039 2625 1106 2668 esee
1129 2601 1241 2671 solum
1257 2608 1377 2672 exstet
1399 2605 1566 2693 euticie·
1608 2641 1609 2660 ι

405 2709 483 2795 Dei,
509 2709 593 2800 quie
616 2729 724 2778 unum
747 2708 837 2776 Esse
858 2709 1019 2778 divinum
1041 2717 1097 2778 est
1126 2709 1304 2801 exempler
1336 2709 1565 2780 edumbretnn

406 2839 467 2906 per
490 2815 742 2906 participatum
766 2837 852 2896 esee,
877 2837 939 2905 per
961 2815 1210 2906 perticipetem
1233 2817 1345 2886 vitem
1376 2823 1414 2886 et
1442 2813 1564 2886 intelle

406 2921 637 3006 ctuulitetem,
656 2921 716 2990 sed
740 2944 807 2988 eece
828 2921 1081 3012 participetum
1103 2943 1180 2990 cum
1204 2922 1419 3013 perfectione
1444 2920 1565 2990 intelle

406 3027 605 3097 otuelitetis
616 3027 849 3120 propinquius
860 3027 952 3098 illud
965 3030 1132 3120 exprimit
1144 3051 1250 3121 quem
1265 3053 1333 3096 esee
1351 3029 1427 3100 sine
1444 3029 1562 3100 eddito.

471 3135 526 3204 Ex
549 3136 656 3206 dictis
678 3135 783 3205 stiam
808 3136 983 3206 declarari
1006 3145 1132 3228 potest,
1151 3161 1216 3207 our
1234 3161 1297 3208 neo
1314 3138 1387 3208 iste
1401 3137 1563 3229 praedice-

404 3244 455 3312 tio
478 3267 535 3310 ene
556 3267 579 3310 o
601 3267 635 3310 ee
657 3244 706 3313 sit
728 3245 869 3336 proprio
892 3267 996 3314 sensu
1019 3245 1179 3314 delinitio
1201 3247 1289 3333 Dei,
1315 3270 1379 3316 neo
1402 3247 1474 3314 ulie
1493 3243 1563 3313 deii·

403 3351 493 3420 nitio
519 3351 598 3420 deri
628 3353 762 3442 possit,
788 3351 905 3444 quelis
940 3375 962 3421 e
995 3353 1123 3443 logicis
1157 3353 1379 3444 intelligitur
1414 3361 1562 3424 constene

404 3479 526 3548 penore
547 3459 703 3550 proximo
724 3467 762 3529 et
783 3461 910 3529 ultime
932 3460 1144 3548 differentia.
1166 3491 1183 3526 ι
1200 3461 1326 3530 Omnie
1348 3462 1563 3532 contrutinet

405 3565 547 3635 diverse
569 3587 657 3659 quoe
680 3574 764 3636 eunt
785 3567 824 3636 in
847 3569 986 3654 mundo,
1012 3569 1130 3661 inquit
1153 3569 1191 3638 S.
1210 3569 1362 3638 rhomes
1376 3569 1420 3639 de
1441 3575 1560 3660 potent.

405 3701 437 3766 q.
458 3673 491 3742 3.
509 3696 541 3743 n.
561 3673 595 3760 6,
620 3673 853 3744 inveniuntur
876 3677 1127 3746 communiente
1151 3677 1189 3744 in
1214 3675 1333 3768 eliqno
1350 3697 1432 3764 uno,
1459 3675 1562 3746 velin

404 3789 532 3852 nature
555 3781 694 3873 speciei,
715 3782 772 3852 vel
796 3783 834 3852 in
849 3789 979 3852 neture
1001 3785 1152 3874 generis,
1171 3784 1229 3854 vel
1245 3783 1369 3854 saltem
1384 3786 1422 3853 in
1443 3785 1562 3854 retions

402 3891 550 3960 essendi.
570 3917 586 3953 n
605 3889 751 3960 Scilicet
773 3891 888 3958 omnic
911 3898 1126 3962 ormtesunt
1140 3891 1260 3984 eliquo
1274 3893 1372 3962 modo
1388 3891 1561 3982 composite

401 4019 443 4064 cx
458 3998 629 4066 communi
643 3997 765 4066 multis
778 4005 868 4068 etex
880 3999 1021 4090 proprio
1033 4000 1124 4090 ipsis
1137 3999 1559 4090 (succenturiatos.

402 4103 493 4172 Hinc
516 4103 669 4173 essentie
691 4111 887 4174 erectorum
910 4107 1063 4174 omnium
1085 4111 1225 4176 constet
1247 4107 1363 4196 gredu
1395 4105 1559 4178 reelitetis

401 4211 463 4304 qui
486 4211 675 4282 communis
698 4218 753 4280 est
775 4211 892 4280 ordini
915 4213 1070 4302 proxime
1093 4213 1285 4305 superiori,
1310 4221 1348 4284 et
1379 4215 1491 4306 gredo
1518 4211 1558 4279 ol·

399 4331 475 4390 tero
497 4319 638 4412 proprio
661 4319 721 4413 qui
745 4318 956 4389 determinet
978 4321 1022 4389 ed
1046 4321 1202 4391 ordinem
1226 4323 1270 4390 eb
1296 4323 1380 4392 eliis
1414 4322 1558 4392 omnibus

400 4426 619 4514 distinotum3
645 4447 687 4494 eo
710 4425 854 4516 proinde
876 4425 1049 4513 delinitio,
1066 4449 1156 4520 qnee
1178 4436 1234 4498 set
1255 4429 1369 4500 oretio
1390 4429 1555 4520 explicem
