3394 5056
601 367 639 386 ..
663 335 702 399 ιο
722 369 760 386 -

108 465 144 513 cx
163 441 346 535 principiis
376 441 460 512 fidei
482 441 650 512 deductae
671 448 708 512 et
729 443 891 534 cognitae
913 448 1045 514 suntet
1058 443 1155 536 ipsae
1173 443 1265 515 ueri·

107 558 190 622 tates
210 549 306 636 fidei,
330 549 389 620 vel
411 555 506 620 certe
529 573 607 619 cnm
626 549 837 620 veritatibus
853 549 936 621 fidei
951 573 1134 622 connexae.
1153 551 1265 636 Ques·

107 657 191 727 ritur
204 679 303 746 ergo,
320 655 487 749 quomodo
500 656 655 746 cognitio
670 678 732 726 seu
747 677 909 726 assensus
923 656 962 725 in
973 657 1173 728 huiusmodi
1187 680 1264 728 con·

107 764 280 850 clusiones,
299 763 361 856 qni
376 763 514 854 propris
532 762 664 834 dicitur
678 786 842 833 assensus
863 764 1095 854 theologicus,
1121 765 1267 836 differat

106 873 143 940 sb
162 891 307 940 assensu
329 871 412 940 fidei
427 892 471 940 ex
485 891 557 940 uua
577 876 691 962 parte,
708 876 746 941 et
760 871 804 940 ab
818 891 962 941 assensu
983 893 1076 940 mers
1097 871 1266 942 rosonui

106 1001 142 1048 ex
160 983 261 1069 parte
284 976 411 1047 altera.

162 1091 197 1173 c)
217 1086 263 1155 Id
286 1085 379 1179 quod
394 1086 432 1156 in
449 1084 668 1156 conclusione
682 1085 900 1176 enuntiatur,
918 1083 987 1153 iam
1001 1083 1171 1176 implicite
1186 1107 1264 1155 con·

106 1194 227 1263 tinetur
241 1193 377 1262 dictum
399 1191 438 1260 in
460 1190 671 1282 praemissis,
690 1191 749 1261 vel
770 1191 809 1259 in
831 1197 981 1284 utraque
996 1191 1192 1288 copiunots,
1207 1190 1265 1261 vel

107 1303 213 1371 inunt
222 1306 365 1370 tentum
376 1299 440 1386 ita,
455 1306 497 1368 ut
506 1298 621 1368 altere
632 1297 745 1368 solum
766 1305 966 1368 assumatur
981 1299 1026 1367 ad
1038 1297 1264 1368 manifesten-

107 1407 173 1478 iam
189 1406 423 1480 conclusionis
446 1406 781 1498 comprehensionem
793 1406 831 1474 in
847 1407 913 1475 illa
927 1405 1051 1498 priori.
1069 1405 1170 1476 Unde
1186 1429 1264 1476 cum

108 1523 240 1600 omns,
255 1521 443 1608 utrumque
457 1514 682 1606 praemissam
697 1536 772 1584 esse
787 1513 972 1584 veritatem
983 1513 1187 1598 revelatam,
1205 1512 1264 1583 vel

108 1643 247 1694 eumuna
257 1621 453 1714 praemissa
462 1621 621 1692 revelata
631 1621 801 1713 implicite
812 1623 882 1690 ium
893 1621 1049 1694 continet
1059 1621 1108 1708 id,
1123 1620 1214 1713 quod
1226 1620 1263 1694 iu

108 1731 313 1802 conclusione
335 1731 552 1817 enuntiatur,
577 1736 615 1800 et
635 1731 749 1800 alters
768 1730 855 1800 licet
868 1752 937 1800 non
951 1729 1108 1800 revelate
1124 1729 1263 1800 eviden-

109 1843 154 1907 ter
171 1838 376 1907 muniisstat
396 1835 488 1906 ha‘nc
509 1836 844 1927 comprehensionem
866 1837 1098 1907 conclusionis
1113 1837 1151 1905 iu
1165 1857 1263 1927 prce·

109 1946 198 2014 nisse
217 1945 391 2032 reuelats;
417 1943 492 2012 sine
522 1943 627 2013 dubio
655 1943 814 2014 revelate
843 1951 898 2014 cst
929 1943 1074 2030 veritas,
1109 1965 1196 2037 quse
1225 1943 1264 2014 in

110 2051 164 2120 tali
186 2051 406 2124 conclusione
428 2051 646 2122 enuntiatur.
671 2051 877 2143 Exemplum
907 2051 1140 2122 conclusionis
1167 2049 1263 2120 theo·

109 2161 222 2252 logicae
237 2162 306 2232 sub
329 2161 442 2230 forma
464 2158 576 2250 primo
602 2159 678 2230 loco
706 2166 968 2230 commemorate
989 2165 1082 2230 esset
1103 2181 1261 2252 sequens,

110 2275 211 2338 enos
231 2268 399 2339 Δοὶοοοο.
424 2267 479 2336 Ex
506 2267 640 2358 duplici
671 2267 822 2337 veritate
852 2267 1030 2354 revelcta,
1056 2267 1146 2360 quod
1168 2268 1264 2337 Deus

111 2397 187 2446 unus
209 2383 274 2463 est,
302 2382 341 2446 et
362 2375 454 2468 quod
476 2375 581 2445 Pater
602 2381 659 2446 est
679 2375 786 2462 Deus,
811 2374 929 2444 Filius
952 2383 1006 2445 est
1027 2377 1133 2461 Deus,
1151 2374 1263 2466 Spiri-

112 2487 158 2550 tus
186 2483 339 2554 Sanctus
368 2488 424 2552 cst
454 2479 568 2568 Deus,
593 2482 776 2552 evidenter
810 2481 970 2576 sequitur
1000 2481 1200 2567 conclusio,
1225 2480 1263 2552 id

112 2611 165 2680 quo
188 2591 320 2676 Peter,
344 2588 462 2658 Filius
484 2596 521 2659 et
543 2589 699 2682 Spiritus
722 2589 873 2660 Sanctus
895 2589 990 2659 Deus
1016 2595 1082 2674 est,
1106 2588 1263 2658 divinam

111 2697 226 2768 scilicet
256 2703 426 2768 naturam
455 2718 654 2790 omnemque
687 2697 933 2790 perlectionem
963 2697 1158 2766 absolutam
1188 2716 1263 2764 esse

112 2825 197 2873 unam
216 2826 362 2876 numero
384 2805 423 2873 in
444 2805 560 2875 tribus
582 2805 776 2894 distinctis,
800 2806 886 2878 haec
905 2805 1020 2898 igitur
1035 2804 1114 2897 ipsc
1128 2803 1263 2875 veritas

111 2949 263 3010 'lcstcnenti
281 2951 361 3006 mlrc
375 2951 534 3020 concordie,
555 2954 707 3021 religionis
723 2955 973 3010 christianaecnm
992 2955 1061 3010 eliis
1078 2953 1164 3008 sectis
1176 2955 1261 3008 colla·

112 3041 152 3107 tic,
164 3045 242 3110 etque
261 3045 327 3098 clia
344 3057 416 3112 quae
436 3056 486 3096 suo
506 3043 566 3098 loco
586 3044 819 3112 explcnabuntur
835 3042 917 3117 (hacc
935 3046 981 3098 cst
1001 3039 1198 3114 opolcpcticc);
1218 3044 1262 3096 in-

112 3133 202 3190 cum
211 3151 276 3190 vcro
286 3149 343 3204 per
356 3134 485 3189 rstiouss
495 3134 619 3200 singulis
634 3135 789 3204 principiis
802 3136 961 3204 peculiares
977 3133 1164 3202 ostendendo,
1177 3150 1262 3203 quam

113 3225 269 3280 nuntient
280 3224 402 3290 singula
420 3239 482 3278 cum
493 3225 601 3278 lumine
614 3226 753 3293 ncturcll,
767 3228 854 3293 etque
873 3240 908 3280 ex
928 3225 971 3280 eis
982 3223 1203 3279 demonstrando
1217 3239 1261 3293 ec,

115 3325 171 3378 quas
185 3315 288 3370 lumine
313 3313 442 3368 naturali
461 3313 650 3368 demonstrari
668 3319 808 3384 possunt,
829 3319 863 3369 ut
886 3317 975 3370 Deum
997 3330 1069 3382 osse,
1089 3330 1150 3368 esse
1163 3329 1260 3382 unum,

114 3415 162 3453 esse
176 3403 344 3472 principium
355 3403 479 3457 omnium
499 3419 594 3458 rerum
612 3407 666 3459 etc.
681 3421 732 3474 pro
754 3406 877 3460 aliorum
899 3421 967 3460 vero
987 3407 1199 3460 confirmatione
1213 3405 1261 3460 cd·

115 3488 217 3548 limato
235 3495 385 3548 suasiones
403 3493 587 3562 rationesque
602 3495 785 3568 probabiles,
807 3499 945 3564 quantum
965 3497 1101 3565 cuiusque
1117 3491 1262 3568 (erticnll)

115 3582 199 3636 utun
213 3584 334 3650 petitur.
349 3581 488 3651 Tertium,
504 3581 642 3638 adversus
660 3599 708 3638 sos
728 3585 779 3652 qul
799 3585 936 3654 qnccdcm
956 3585 1101 3654 principie
1112 3587 1221 3650 negant
1231 3587 1262 3638 ct

114 3668 161 3722 clla
174 3669 337 3740 clmlttnnt,
351 3671 530 3736 excdmlssis
553 3675 832 3743 nentcostsndcrs;
854 3691 910 3744 quo
922 3679 1005 3744 puoto
1023 3679 1124 3730 contre
1140 3673 1261 3730 Iudaeos

116 3760 487 3831 assumeremus,
511 3779 583 3832 quw
602 3764 633 3818 ln
653 3779 727 3820 novo
740 3766 935 3833 continentur,
958 3768 989 3818 ct
1010 3764 1148 3820 adversus
1162 3765 1260 3820 lucere·

116 3843 172 3903 ficos
185 3849 264 3904 sniis
285 3866 359 3920 quse
383 3850 555 3921 concedunt,
577 3853 768 3908 ostenduntur
794 3869 867 3923 quse
893 3853 952 3922 ipsi
974 3853 1150 3908 inficiantur.
1171 3854 1260 3920 Quer-

117 3933 179 4003 tun,
195 3937 317 3992 rationes
346 3937 484 4007 sundere,
508 3955 579 4009 quse
605 3943 653 3995 vel
675 3941 855 3996 cdducuntur
884 3943 932 3996 vel
957 3941 1060 3997 cdduei
1080 3947 1202 4010 possunt
1224 3941 1261 3998 cd

116 4017 225 4087 locuste
245 4028 311 4084 ssiei
331 4027 527 4097 impugnantis
599 4031 653 4085 ills
675 4031 702 4084 sl
725 4032 828 4099 pisces,
852 4029 1013 4102 adiungito,
1035 4038 1069 4088 ut
1084 4035 1261 4103 reliquarum

118 4109 274 4173 dulim
300 4119 346 4173 its
367 4121 398 4172 st
415 4117 502 4173 huius
527 4119 699 4189 disciplinas
719 4121 865 4190 proprium
887 4137 947 4176 csse
965 4139 1000 4178 en
1027 4125 1089 4179 suls
1107 4125 1262 4195 principiis

118 4211 170 4254 ms
186 4202 314 4264 deducere
338 4209 545 4264 conclusiones.
558 4208 603 4264 Ab
622 4209 771 4280 ipsiusque
786 4225 902 4266 munere
921 4213 1049 4268 alienum
1068 4229 1185 4284 prorsus
1203 4229 1260 4270 non

120 4299 166 4340 ⁸⁸⁸⁸
188 4297 355 4362 commemo
377 4295 525 4366 quosdam,
547 4313 620 4367 quse
649 4299 719 4354 licet
747 4299 783 4354 ad
808 4301 884 4356 elice
915 4301 1053 4357 scientias
1074 4304 1258 4372 pertincent,

120 4376 244 4440 cumeis
263 4391 358 4442 umen
377 4389 447 4442 sunt
463 4392 493 4442 ct
517 4389 600 4458 qussi
620 4389 820 4448 antecedentis
838 4392 887 4460 iis,
909 4391 1067 4462 dequibus
1087 4409 1123 4448 cx
1143 4392 1260 4464 proprio

121 4475 212 4526 luere
227 4473 352 4547 lisputst
366 4497 381 4528 s
396 4479 451 4534 etc.
461 4477 540 4534 Haec
551 4479 615 4534 ills.

1134 4569 1155 4608 e
