3224 5068
914 355 951 370 ..
974 324 1034 386 300
1056 357 1093 372 .-

411 455 479 500 non
519 437 635 500 autem
666 431 754 498 Esse
786 430 1006 500 absolutum:
1042 432 1123 503 hinc
1155 432 1253 502 eliud
1277 433 1327 502 eis
1358 440 1413 503 est
1442 459 1524 520 esse,
1545 442 1580 505 et

356 615 366 630 ,
411 539 510 610 aliud
541 539 577 606 in
609 539 734 607 ultima
765 539 976 629 perfectione
1007 562 1092 608 csse.
1125 540 1224 611 Unde
1247 543 1467 612 substantiae
1494 567 1606 628 crea-3

412 657 469 718 tce
492 670 559 717 non
585 653 668 716 sunt
691 647 801 716 omnis
825 670 890 716 sua
911 648 1097 738 perfectio;
1116 649 1175 718 sed
1191 649 1321 720 habent
1342 651 1576 742 perfectiones,
1605 653 1606 694 l

413 780 474 848 per
497 778 585 850 quas
614 755 816 825 secedentes
839 755 1091 846 perficiuntur:
1121 756 1219 826 aliud
1243 781 1326 847 ergo
1349 765 1406 827 est
1428 759 1479 826 eis
1500 782 1577 842 esse,

413 865 511 934 alind
535 864 657 933 taliter
674 885 760 949 esse;
779 869 884 955 etque
907 863 988 933 hino
1012 865 1215 956 compositio
1239 867 1465 959 consequitur
1487 868 1581 958 perli-
1605 855 1606 948 ]

414 973 613 1042 ciendorum
633 977 669 1040 et
685 970 953 1061 perficientium.
974 969 1016 1038 In
1035 971 1106 1040 Deo
1122 979 1239 1040 autem
1255 980 1398 1063 proptor
1421 974 1581 1042 rationem

414 1081 624 1173 oppositam,
653 1081 735 1171 quie
758 1080 834 1148 eins
857 1079 1009 1148 essentia
1032 1103 1092 1170 per
1116 1079 1286 1164 seipsam
1310 1081 1504 1150 necessario
1532 1089 1581 1150 est

414 1189 525 1258 omnis
549 1189 736 1280 perfectio,
763 1187 854 1256 nihil
877 1211 952 1257 esse
975 1195 1090 1278 potest
1113 1187 1362 1278 perficiendum
1386 1189 1508 1276 (nulle
1529 1214 1581 1279 po·

414 1298 528 1367 tentia
551 1296 721 1388 passiva),
739 1301 776 1364 et
791 1295 868 1364 ideo
882 1295 974 1364 nihil
998 1302 1173 1388 tamquam
1190 1297 1301 1366 forma
1317 1296 1511 1387 perficiens,
1527 1298 1579 1366 sed

414 1412 525 1474 totum
549 1405 742 1494 perfectum
766 1407 880 1488 (actus
904 1405 1045 1492 purus),
1072 1409 1177 1496 atquc
1200 1403 1278 1472 ideo
1301 1403 1403 1472 nulla
1425 1405 1579 1494 composi·

414 1513 476 1582 tio.
506 1512 638 1581 «Nemo
662 1509 838 1578 hominum
864 1509 1009 1593 veritas,
1035 1509 1088 1578 ait
1111 1531 1188 1578 cum
1213 1509 1334 1578 multis
1357 1509 1441 1580 aliis
1455 1509 1522 1580 Leo
1535 1511 1576 1580 ll.

415 1629 483 1712 (ep.
498 1619 553 1690 93.
569 1643 599 1688 c.
614 1621 646 1686 5.
662 1618 707 1687 ed
730 1617 961 1702 Terciniaco),
988 1639 1085 1687 nemo
1109 1617 1302 1708 sapientia,
1329 1641 1426 1687 nemo
1449 1619 1579 1688 iustitia

414 1735 479 1815 cst3
495 1728 554 1798 sed
578 1726 681 1796 multi
705 1732 790 1796 sunt
811 1725 1000 1816 participes
1024 1725 1189 1796 veritatis
1211 1733 1248 1794 et
1270 1725 1463 1816 sapientiae
1486 1731 1579 1816 etque

414 1835 585 1906 iustitiae.
613 1835 717 1904 Solus
740 1839 855 1902 autem
879 1833 974 1902 Deus
996 1833 1131 1902 nullius
1154 1833 1423 1924 participatione
1448 1835 1579 1922 indigus

415 1949 480 2028 est,
497 1943 538 2012 de
554 1965 621 2034 quo
636 1941 806 2034 quidquid
829 1940 934 2030 digne
959 1948 1146 2032 utcumque
1169 1941 1333 2024 sentitur,
1351 1963 1421 2008 non
1439 1941 1579 2033 qualitas

416 2058 470 2120 est
493 2051 553 2120 sed
583 2048 748 2118 essentia.
779 2047 1061 2116 Incommutabili
1084 2039 1175 2116 euim
1205 2047 1299 2116 nibil
1320 2047 1475 2132 accedit,
1500 2047 1579 2114 nihil

416 2159 568 2249 deperit,
596 2157 678 2250 quia
700 2157 788 2224 Esse
810 2155 867 2224 illi
891 2155 981 2246 quod
1004 2163 1059 2224 est
1085 2155 1357 2246 sempiternum,
1383 2177 1514 2246 semper
1534 2163 1578 2222 est

416 2265 607 2357 proprium.
625 2291 641 2326 c
657 2265 803 2333 Gemina
826 2263 932 2332 hebet
956 2263 1149 2352 Gregorius
1171 2263 1218 2332 m„
1234 2263 1357 2332 Moral.
1372 2262 1400 2332 l.
1418 2263 1468 2332 Π.
1486 2287 1514 2332 c.
1528 2263 1575 2330 27.

420 2403 436 2440 a
455 2374 573 2443 Aliter
596 2373 712 2442 lumen
728 2371 944 2456 illuminans,
964 2371 1071 2440 aliter
1086 2371 1202 2442 lumen
1219 2370 1470 2454 illuminatam,
1488 2370 1578 2438 aliter

417 2481 559 2552 iustitie
574 2479 901 2562 iustificnns,alite1·
916 2477 1055 2548 iustitia
1071 2479 1276 2548 iustificate.
1295 2478 1480 2568 Sapientia
1495 2493 1537 2544 est
1550 2485 1577 2544 et

417 2590 521 2681 sapit,
536 2611 598 2658 nec
614 2587 719 2656 habet
734 2587 832 2656 eliud
849 2611 917 2653 esse
932 2587 1030 2656 aliud
1047 2609 1180 2678 sapere:
1195 2587 1289 2657 servi
1300 2610 1383 2656 vero
1401 2585 1576 2677 sapientise

417 2720 491 2768 esso
515 2695 652 2788 quidem
675 2695 850 2784 sapientes
873 2701 1038 2784 possunt,
1061 2717 1123 2764 nec
1146 2701 1262 2764 tamen
1285 2695 1350 2762 hoc
1373 2692 1576 2763 habentem

418 2805 508 2899 quod
523 2825 656 2895 sapere3
674 2825 753 2870 nam
777 2825 851 2871 esse
873 2809 1030 2893 possunt,
1048 2810 1085 2872 et
1102 2802 1276 2891 sapientes
1291 2825 1360 2870 uon
1375 2823 1463 2872 esse.
1481 2801 1576 2869 Habet

420 2913 529 2982 vitam
554 2909 739 3001 sepientis,
766 2911 826 2978 sed
849 2933 916 2978 non
933 2909 1030 2978 aliud
1054 2909 1171 2992 hebet,
1190 2909 1288 2978 aliud
1305 2915 1370 2996 est3
1385 2909 1512 3002 quippe
1532 2905 1575 2974 cui

420 3021 483 3089 hoc
506 3026 669 3103 estesse,
692 3017 782 3110 quod
807 3019 939 3086 vivere:
966 3017 1059 3086 servi
1083 3023 1199 3086 eutem
1224 3015 1418 3106 sapientiae
1441 3039 1514 3086 cum
1529 3015 1574 3082 ha·

419 3130 501 3196 beat
523 3125 647 3212 vitam,
666 3125 765 3195 aliud
781 3133 875 3208 sunt,
895 3132 931 3194 et
946 3125 1043 3194 aliud
1067 3125 1208 3212 habeut;
1227 3125 1355 3217 quippe
1379 3124 1504 3216 quibus
1522 3145 1575 3191 non

420 3243 473 3304 cst
496 3236 559 3304 hcc
583 3235 697 3324 ipsum
721 3255 806 3318 csse,
833 3233 924 3326 qnod
949 3235 1111 3302 vivore.»

487 3343 579 3412 Hinc
602 3341 845 3430 intelligitur,
873 3363 979 3433 quare
1010 3341 1208 3410 nominibus
1236 3343 1367 3410 formae
1397 3341 1574 3410 abstractae

422 3449 569 3518 maxime
593 3450 742 3538 proprie,
768 3454 939 3540 quantum
962 3471 984 3515 a
1006 3449 1105 3516 nobis
1128 3447 1206 3516 fieri
1228 3453 1354 3537 potest,
1377 3447 1574 3538 exprimetur

421 3557 486 3626 Dei
510 3555 730 3646 simplicitas.
750 3557 842 3639 Quia
864 3561 979 3624 tamen
1004 3556 1174 3638 divinum,
1193 3555 1283 3648 quod
1307 3554 1382 3623 illis
1397 3553 1573 3624 nominibus

420 3664 641 3754 exprimitur,
662 3685 722 3754 per
738 3687 774 3734 se
798 3664 952 3732 existens
968 3671 1004 3734 ot
1020 3664 1215 3733 subsistens
1238 3669 1304 3747 est,
1323 3663 1368 3730 ed
1391 3663 1456 3732 hoc
1480 3663 1572 3752 ipsum

421 3771 681 3863 exprimendum
705 3773 911 3842 necessitate
935 3773 1084 3864 quadam
1107 3772 1304 3840 nominibus
1333 3771 1440 3839 etiam
1464 3773 1571 3838 formae

421 3888 600 3952 concretae
623 3881 770 3952 utimur.
803 3909 819 3944 c
848 3883 899 3949 De
922 3881 993 3950 Deo
1025 3881 1204 3970 loquentes
1235 3879 1369 3948 utimur
1398 3873 1572 3946 nominibus

422 3990 605 4075 concretis,
625 3997 666 4060 ut
681 3989 919 4079 significemus
935 3990 1010 4058 eius
1033 3987 1306 4070 subsistentiam,
1326 3987 1410 4078 quia
1425 3983 1510 4076 apud
1525 3999 1571 4046 nos

423 4120 491 4165 non
515 4097 715 4165 subsistunt
731 4096 802 4164 nisi
826 4097 1025 4187 composita;
1044 4103 1081 4165 ct
1096 4094 1229 4162 utimur
1245 4093 1439 4158 nominibus
1461 4090 1570 4156 accra-

424 4207 501 4287 cte'e,
519 4219 557 4270 ct
572 4206 799 4293 siqnificcmcs
823 4208 895 4270 ciue
917 4203 1176 4293 simplicitatem
1190 4229 1206 4264 n
1233 4200 1270 4270 S.
1286 4199 1353 4268 Th.
1367 4201 1400 4268 1.
1416 4225 1448 4292 q.
1462 4199 1492 4265 3.
1506 4192 1568 4262 e.'3·

423 4309 1063 4402 mmpfflaLmeQab

493 4423 526 4506 b)
549 4421 718 4490 Remauet
739 4419 922 4490 dicendum
938 4419 980 4489 de
996 4419 1106 4506 modo,
1123 4441 1191 4512 quo
1206 4420 1330 4488 Patres
1350 4417 1471 4488 docent
1490 4417 1567 4481 cetus
