3240 5064
552 377 588 391 ..
610 345 671 406 223
693 379 730 391 ..

49 449 197 518 essentia
221 449 358 518 divina:
376 450 468 519 unde
492 450 626 520 censeri
649 455 791 542 possent
815 451 907 521 beati
932 451 1052 520 ‘Deum
1086 453 1139 520 ita
1170 451 1221 521 vi·

48 557 135 642 dere,
154 565 198 626 nt
220 557 315 626 nihil
339 557 415 627 eius
431 557 545 628 lateat
559 559 730 644 videntes,
746 581 786 628 ac
803 560 948 628 subinde
964 559 1050 629 haec
1066 559 1221 648 cognitio

46 664 238 757 adaequate
261 665 470 756 respondeat
493 666 790 756 cognoscibilitati
808 667 946 752 obiecti,
965 667 1080 758 sitque
1097 665 1221 735 stricto

46 796 145 841 sensu
162 773 436 864 comprehensio.
454 775 574 868 Neque
588 773 680 844 enim
697 775 742 844 ad
755 774 1091 866 comprehensionem
1103 775 1220 865 requi·

45 882 134 950 ritur
158 881 277 949 modus
299 883 375 972 ipse
398 883 628 973 cognoscendi
650 883 803 952 omnium
826 882 1123 974 perfectissimus,
1150 906 1220 974 qno

46 991 141 1058 modo
171 991 270 1060 solus
299 992 395 1061 Dens
426 992 623 1081 cognoscit,
650 1014 749 1062 secus
772 1014 869 1060 omne
892 990 1125 1080 cognoscibile
1148 990 1220 1059 dici

45 1098 183 1168 deberet
208 1100 546 1189 incomprehensibile
568 1099 767 1169 intellectui
790 1099 914 1184 finito,
939 1103 977 1166 et
998 1119 1020 1165 a
1042 1097 1117 1166 solo
1140 1097 1218 1166 infi-

45 1207 116 1275 nito
139 1207 328 1277 intellectu
351 1209 631 1300 comprehensum.
702 1211 705 1225 ’

107 1314 398 1383 conciliationem
422 1312 529 1382 huius
552 1313 705 1403 duplicis
728 1313 891 1398 membri,
918 1313 1009 1404 quod
1040 1311 1134 1381 beati
1165 1333 1215 1380 es-

46 1421 192 1489 sentiam
207 1420 275 1489 Dei
291 1421 415 1490 vident
430 1421 618 1490 secundum
634 1443 751 1490 omnes
766 1420 1007 1511 perfectiones,
1027 1418 1134 1488 sicuti
1147 1424 1213 1506 est;

47 1535 79 1596 et
102 1529 195 1620 quod
217 1528 448 1598 nihilominus
465 1529 544 1620 ipsa
558 1527 623 1597 Dei
647 1529 799 1598 essentia
821 1528 872 1597 eis
895 1533 1012 1596 manet
1026 1527 1214 1616 incompre-

47 1633 240 1721 hensibilis,
258 1635 372 1728 aliqui
394 1635 501 1704 etiam
525 1635 730 1726 gravissimi
752 1635 909 1725 theologi
936 1634 1137 1726 desperasse
1160 1631 1213 1701 vi-

49 1743 182 1812 dentur.
199 1743 284 1812 Ideo
318 1743 382 1812 alii
411 1745 563 1835 primum
593 1745 782 1814 membrum
812 1748 1010 1834 negarunt,
1029 1742 1211 1828 Victoria,

49 1850 200 1938 Toletns,
222 1849 485 1936 Thomassinus,
510 1852 793 1954 qnoszsuperiori
808 1851 902 1922 thesi
930 1851 1211 1921 confutavimus:

48 1957 107 2026 alii
122 1961 312 2028 membrum
328 1960 528 2044 secundum,
544 1959 995 2050 incomprehensibilitatem
1011 1981 1142 2048 nempe,
1161 1957 1214 2026 ita

51 2065 238 2153 diluerunt,
257 2073 300 2136 ut
321 2067 510 2158 explicatio
540 2069 613 2136 fere
647 2067 882 2160 aequipollere
913 2067 1078 2136 videatur
1107 2085 1211 2153 nega·

51 2170 149 2258 tioni,
167 2175 262 2244 inter
284 2197 370 2265 qnos
392 2179 447 2244 est
469 2169 614 2243 Gabriel
636 2173 797 2264 Vasquez
829 2178 866 2242 et
898 2172 1123 2265 aliquatenus
1150 2171 1212 2240 Pe·

52 2282 175 2350 tevins.

110 2391 269 2482 Vasquez
293 2389 378 2459 haec
400 2390 469 2459 duo
492 2389 631 2459 statuit.
648 2394 684 2477 o)
704 2417 720 2454 c
736 2389 792 2458 Ex
808 2389 846 2460 vi
863 2388 1011 2460 visionis
1028 2387 1095 2457 Dei
1117 2385 1210 2456 nihil

53 2504 197 2566 creatum
219 2497 403 2568 videtur...
421 2497 587 2568 Essentia
601 2500 693 2568 enim
715 2499 781 2568 Dei
802 2521 871 2567 non
894 2503 948 2567 est
964 2497 1125 2581 medium,
1143 2517 1210 2587 quo

53 2603 163 2696 alique
184 2610 348 2674 creature
370 2613 601 2695 cognoscatur
624 2606 751 2677 nedum
775 2607 867 2676 clare
883 2607 1106 2676 videatur...
1125 2625 1209 2691 ergo

53 2711 142 2778 nulla
163 2717 326 2782 creatura
347 2712 385 2780 in
407 2714 479 2782 Deo
501 2737 544 2783 ex
569 2714 607 2785 vi
638 2715 787 2784 visionis
817 2715 931 2804 ipsius
965 2711 1129 2797 videtur,
1149 2710 1209 2778 sed

54 2821 210 2906 peculiari
232 2821 448 2892 revelatione
471 2823 609 2916 aliquae
633 2831 814 2894 creaturae
848 2823 1032 2915 possibiles
1067 2827 1130 2890 aut
1154 2821 1209 2887 fu·

53 2935 144 2996 turae
164 2951 185 2995 a
208 2929 321 2998 beatis
343 2938 620 3020 cognoscuntur,
646 2958 714 3000 non
745 2931 859 3000 eodem
886 2933 1081 3022 cognitione
1106 2928 1209 2996 simul

55 3057 116 3100 mm
131 3035 249 3104 diuina
265 3042 424 3121 arentia,
441 3038 499 3106 sed
514 3039 650 3109 diversa
667 3071 683 3105 e
703 3041 753 3132 (1)
770 3042 860 3132 disp.
879 3043 935 3111 50.
955 3064 984 3110 c.
1003 3041 1083 3110 4-6.
1101 3040 1208 3106 Porro

56 3141 82 3225 l)
96 3145 182 3234 qnod
202 3145 298 3214 Deus
322 3167 344 3213 a
366 3146 478 3214 beatis
512 3169 580 3215 non
611 3149 943 3240 comprehendatur,
963 3145 1207 3239 explicandum

55 3269 117 3318 esse
137 3251 189 3320 ait
211 3252 372 3343 Vosquee
403 3252 504 3323 unice
536 3277 578 3323 ex
609 3278 666 3340 eo,
693 3257 784 3348 quod
808 3257 900 3325 beati
922 3277 991 3324 non
1026 3253 1148 3324 vident
1169 3251 1207 3320 in

55 3353 114 3424 Deo
136 3358 248 3427 omnia
271 3359 454 3449 possibilia
475 3367 511 3429 et
534 3362 649 3430 omnia
672 3364 808 3432 futura.
840 3391 856 3426 c
880 3361 1052 3446 Quamvis
1083 3361 1206 3429 beatus

56 3463 160 3533 videet
180 3466 217 3533 in
240 3467 312 3534 Deo
336 3467 507 3559 quidquid
529 3468 567 3537 in
589 3492 627 3538 eo
662 3476 716 3540 est
745 3469 964 3556 formaliter,
992 3492 1060 3538 non
1089 3475 1206 3537 muron

55 3569 139 3640 videt
158 3573 283 3660 omnia,
310 3597 398 3667 qnae
421 3577 535 3665 ipsum
559 3577 722 3670 consequi
744 3583 781 3647 et
803 3577 846 3646 ab
880 3601 919 3646 eo
949 3579 1097 3670 pendere
1128 3599 1204 3668 pos-

56 3685 136 3766 sunt;
152 3705 212 3752 nec
227 3681 319 3750 enim
336 3684 517 3774 possibilia
540 3685 655 3753 omnia
677 3709 787 3777 neque
810 3687 946 3772 futura,
965 3709 1053 3778 quac
1068 3709 1110 3755 ex
1127 3709 1204 3756 con-

57 3783 123 3853 silio
142 3788 205 3858 Dei
227 3789 391 3882 pendent,
406 3792 585 3882 cognoscit
607 3794 742 3861 beatus:
762 3793 926 3884 quocirca
948 3799 1041 3864 recte
1058 3793 1201 3878 dicitur,

58 3887 153 3979 ipsum
175 3898 286 3967 Deum
309 3920 331 3966 a
354 3900 453 3968 heato
475 3923 543 3968 non
566 3899 808 3990 comprehendi
826 3929 843 3965 n
863 3902 953 3994 disp.
973 3903 1028 3971 53.
1049 3925 1079 3972 c.
1095 3903 1130 3970 4.

109 3999 213 4094 etqui
236 4006 268 4074 si
290 4007 445 4075 essentia
466 4007 532 4077 Dei
555 4009 594 4076 in·
616 4031 652 4078 se
682 4010 760 4100 ipsa
789 4033 858 4079 non
887 4016 940 4080 est
974 4011 1125 4079 medium
1159 4010 1203 4079 ad

59 4113 271 4195 cognoscenda
292 4114 486 4204 possibilie,
505 4121 542 4184 et
564 4116 596 4185 si
619 4117 771 4187 essentia
788 4140 851 4208 per
866 4117 1073 4189 intuitivam
1097 4118 1202 4189 visio-

62 4340 147 4487 ΝΩ
162 4347 194 4398 In
214 4348 268 4402 hac
287 4349 419 4404 doctrino
438 4353 569 4420 vasquez
588 4355 722 4423 sequitur
740 4357 913 4442 peculiarem
931 4359 1092 4430 opinionem
1111 4361 1203 4418 Noui-
