3292 5062
569 349 745 408 -107-

85 453 173 520 ribus
192 454 279 520 enim
303 454 381 522 eius
396 460 432 522 et
448 454 485 520 in
512 453 630 521 mundi
643 453 801 521 omuibus
817 454 967 522 motibus
984 453 1152 522 virtutem
1164 454 1241 523 eius

85 583 202 650 semper
223 569 440 650 praesentem
464 562 665 652 aspicimus.
688 588 703 623 n

144 669 173 755 t)
186 669 260 736 Alii
282 692 326 738 ex
343 670 509 738 Patribus
533 670 594 762 qui
622 669 783 758 abruptis
813 691 855 737 ex
879 675 979 738 tantu
1012 677 1049 738 et
1076 675 1241 738 contextu

82 777 245 844 nonnullis
269 777 505 846 locutionibus
529 777 742 866 cognitionis
774 783 977 846 concreatae
999 784 1107 844 testes
1131 777 1240 844 citen-

82 882 280 966 traducent
303 884 554 968 tantummodo,
581 884 750 952 rationem
777 883 877 952 velut
902 907 1016 952 semen
1048 882 1240 972 sapientiae

83 990 168 1058 nobis
189 1013 261 1058 esse
286 992 518 1080 congenitam,
545 1013 730 1082 perquam
756 991 1005 1060 constituimur
1032 991 1146 1080 imago
1161 989 1238 1072 Dei,

83 1097 171 1164 cuins
191 1107 321 1166 natura
344 1109 410 1180 est,
437 1106 478 1165 ut
502 1097 551 1166 sit
574 1099 670 1166 facta
693 1098 737 1166 ad
762 1099 938 1182 veritatis,
969 1107 1005 1168 et
1026 1099 1137 1187 primo
1158 1103 1239 1184 (nou

83 1203 288 1272 exsecutione
305 1204 364 1274 sed
376 1204 459 1289 fine)
473 1203 517 1272 ad
530 1204 694 1273 veritatis
711 1204 841 1294 primae
854 1205 1096 1294 cognitionem.
1112 1205 1162 1274 De
1175 1204 1241 1272 hao

83 1313 252 1398 congenita
278 1313 315 1379 vi
340 1312 499 1396 rationis,
525 1313 713 1382 secundum
733 1335 834 1403 quam
859 1313 1034 1380 naturalis
1046 1314 1161 1401 imago
1174 1311 1240 1380 Dei

82 1425 138 1500 est,
161 1427 195 1487 et
219 1421 364 1488 verbum
388 1421 552 1489 seminale
573 1415 916 1510 (λογοςσπερμᾳγτικος)
939 1420 1083 1504 dicitur,
1099 1421 1186 1488 satis
1201 1421 1238 1488 in

82 1528 305 1615 superioribus
327 1535 445 1597 actum
465 1538 530 1598 est.

139 1639 167 1720 c)
180 1635 306 1703 Abusu
332 1635 548 1702 intolerabili
567 1634 639 1702 viri
662 1634 794 1702 eruditi
816 1633 921 1702 iidem
945 1634 989 1702 ad
1012 1634 1240 1702 confirmatio

82 1763 147 1808 uem
178 1743 391 1833 cognitionis
425 1750 626 1812 concreatae
658 1743 814 1810 afferunt
844 1742 988 1810 Petrum
1023 1743 1239 1832 quorundam

81 1851 269 1934 sententias,
288 1872 329 1917 ex
353 1849 481 1940 quibus
502 1849 539 1916 in
564 1855 731 1917 contextu
754 1847 924 1936 spectatis
940 1849 1124 1916 manifesto
1137 1871 1238 1937 oppo-

81 1957 171 2024 situm
187 1958 461 2027 demonstratur.
475 1956 539 2026 Sic
552 1956 698 2045 Gregor.
717 1955 804 2024 Nau.
824 1978 874 2022 or.
891 1955 946 2024 28.
962 1955 1234 2025 a1.34.n.6.16.

81 2085 115 2128 ex
132 2093 145 2127 a
162 2064 270 2131 insita
294 2063 372 2152 lege
396 2069 566 2150 naturae;
588 2091 603 2126 n
623 2061 843 2130 Athanasius
878 2068 990 2130 contr.
1009 2071 1105 2152 gent.
1124 2087 1159 2132 n.
1179 2064 1234 2133 83.

81 2177 110 2236 et
122 2169 264 2259 Gregor.
283 2170 391 2258 Nysa.
411 2193 461 2236 or.
480 2169 513 2236 6.
532 2169 574 2238 ds
591 2169 762 2238 beatitud.
781 2167 823 2235 Τ.
842 2164 871 2234 Ι.
888 2194 921 2259 p.
933 2169 1064 2238 815.ex
1080 2192 1131 2254 eo,
1147 2168 1237 2261 quod

81 2277 199 2346 animae
223 2278 385 2345 intimum
409 2285 446 2345 et
469 2277 807 2346 consubstantiatum
830 2284 885 2346 est
913 2274 1142 2365 (κατουσιωθεν)
1157 2325 1166 2358 ,
1184 2300 1237 2348 oo-

82 2383 257 2470 gnitionem
285 2385 350 2452 Dei
380 2385 574 2474 repetiisse,
599 2391 703 2475 atque
729 2385 813 2454 adeo
837 2385 1055 2474 congenitam
1080 2385 1238 2454 docuisse

80 2493 238 2561 teruntur.
258 2493 311 2560 At
333 2515 416 2562 vero
440 2491 602 2582 Gregorii
626 2492 839 2562 Nazianzeni
863 2497 1060 2561 contextum
1082 2494 1235 2562 conside·

80 2601 158 2668 ronti
181 2623 290 2690 supra
313 2623 334 2668 a
360 2601 459 2668 nobis
482 2599 708 2689 descriptum,
734 2623 802 2668 nou
824 2607 1035 2688 potestesse
1065 2601 1233 2686 dubium,

80 2705 149 2792 quid
166 2735 183 2770 u
199 2706 278 2795 lege
301 2711 449 2774 naturae
472 2706 581 2774 insita
598 2705 694 2773 nsibi
718 2706 825 2792 velit;
844 2705 935 2773 nihil
959 2705 1095 2774 scilicet
1117 2728 1159 2774 ea
1181 2715 1237 2776 est
1324 2741 1329 2756 ·

78 2812 160 2882 aliud
177 2836 281 2906 quam
295 2814 477 2903 ratioipsa
499 2813 671 2897 hnmana,
697 2820 869 2906 quatenus
894 2815 1081 2882 seeundum
1106 2814 1234 2903 priuci-

78 2920 158 3006 pium
174 2921 396 2990 causalitatis
413 2942 454 2988 ox
470 2919 661 2988 intellectis
673 2920 857 2989 effectibus
868 2919 1102 2988 concludendo
1119 2943 1235 3009 perve-

78 3027 123 3094 nit
135 3028 178 3096 ad
193 3027 426 3117 cognitionem
443 3028 507 3096 Dei
532 3027 700 3096 creatoris
717 3027 779 3114 (1).

131 3135 349 3204 Athanasius
371 3159 453 3204 vero
481 3140 517 3204 et
547 3135 740 3224 Gregorius
771 3135 955 3224 Nysaenus
985 3143 1021 3203 at
1051 3158 1127 3204 oum
1159 3134 1234 3202 illis

78 3239 218 3310 Basilius
232 3241 324 3309 hom.
344 3239 481 3308 attende
496 3243 562 3307 tihi
577 3267 612 3310 n.
631 3241 665 3308 7.
678 3241 718 3308 Τ.
730 3241 778 3308 ΙΙ.
800 3265 834 3330 p.
852 3241 908 3308 23.
924 3241 978 3308 ed.
992 3240 1121 3326 Maur.;
1135 3240 1231 3328 Aug.

79 3346 310 3417 comesam.
323 3348 419 3435 0.10;
439 3348 585 3438 Gregor.
600 3347 649 3416 M.
661 3348 697 3416 in
713 3347 840 3416 Enoch.
851 3347 875 3416 1.
889 3347 938 3414 Π.
951 3347 1042 3414 hom.
1053 3349 1085 3414 ὅ.
1097 3371 1133 3414 n.
1145 3347 1177 3414 8.
1197 3346 1229 3413 9.

78 3454 192 3547 aliique
213 3457 340 3526 dooent
361 3456 494 3526 diserta
517 3455 684 3538 oratione,
710 3477 809 3544 posse
831 3455 981 3522 animam
1005 3477 1048 3521 ex
1081 3454 1233 3522 conside·

77 3562 196 3631 ratione
212 3562 268 3631 sni
290 3563 404 3653 ipsius
427 3583 635 3652 suarumque
658 3561 909 3649 perfectionum
934 3559 1135 3648 intelligere
1159 3561 1230 3628 exi·

77 3671 223 3738 stantiam
245 3677 282 3740 et
304 3669 534 3760 perfectiones
557 3669 634 3755 Dei;
661 3668 751 3736 uude
773 3669 890 3734 anima
913 3667 991 3756 ipsa
1013 3667 1080 3734 sibi
1096 3675 1151 3734 est
1166 3689 1232 3734 me-

77 3775 158 3845 dium
179 3779 388 3848 obiectivum
411 3776 622 3866 cognitionis
644 3775 709 3844 Dei
733 3775 797 3863 (2).
815 3776 897 3844 Ideo
931 3775 984 3842 ait
1013 3773 1233 3843 Athanasius

129 4065 451 4142 (1)Φυσιιοςιομοςδια
469 4089 515 4122 rur
534 4066 660 4140 o'pupesvors
679 4088 721 4120 και
742 4087 905 4139 τιταγμενων
929 4087 972 4120 τον
994 4061 1115 4140 ἅρχηγον
1136 4086 1230 4120 τουτων

78 4155 444 4231 συλλογιζομενος...ο’λογος
465 4178 503 4230 μη
523 4152 685 4229 ἄνεχομενος
704 4176 733 4208 το
756 4155 968 4228 αἶ’νεγημονευτον
989 4175 1031 4208 και
1054 4151 1231 4227 α’κυβιρνητον

79 4239 129 4310 n'pu
150 4249 190 4300 loe
211 4239 307 4300 scuras
329 4265 393 4316 προς
413 4266 449 4298 τι
466 4244 531 4316 ὕπερ
551 4265 666 4298 ταυτα...
677 4244 782 4307 ὅυτωςό
799 4241 826 4298 ia
839 4241 902 4297 Secu
922 4249 1003 4316 λογος
1024 4265 1067 4297 και
1082 4265 1151 4300 roos
1166 4265 1234 4316 συμ-

80 4345 146 4402 W
164 4357 204 4389 aar
222 4355 320 4409 ερυιος
342 4333 367 4389 ir
386 4333 449 4407 ἧμιν
468 4353 547 4406 sopor
568 4330 611 4389 im
631 4332 691 4388 θεον
709 4334 782 4404 ἡμας
801 4333 936 4406 uisa-ympno
958 4328 987 4388 ir
1004 4353 1050 4388 rus
1071 4334 1206 4405 ὁρωμενων.

131 4421 169 4497 (2)
186 4427 247 4480 iton
266 4425 385 4478 aliaest
402 4425 431 4478 S.
441 4423 562 4478 Thomna
576 4421 708 4476 doctrina
721 4437 745 4476 o.
756 4437 783 4488 g.
796 4421 830 4476 de
844 4422 931 4476 verit.
946 4439 974 4490 q.
984 4423 1028 4476 10.
1037 4439 1063 4475 o.
1076 4423 1101 4478 ⁷.
1111 4423 1142 4474 iu
1153 4435 1230 4488 corp.
