3240 5064
516 351 553 365 -
574 318 637 381 227
656 351 695 366 -

23 431 111 495 ctum
134 425 368 520 quantumvis
390 424 530 494 finitum
553 425 610 494 vel
636 429 727 493 certe
743 422 877 491 nullom
893 422 1128 492 substantiam
1143 421 1196 490 in.

22 537 165 608 tellecta
189 542 307 607 creato
323 541 360 604 ct
375 536 475 604 finito
493 533 728 626 comprehendi
740 557 849 625 posse.
865 534 939 604 Hoc
954 539 1070 602 entem
1082 531 1197 624 ipsum

23 645 190 732 ostendit,
211 667 234 713 s
255 645 391 714 nemine
415 644 477 735 qui
492 642 945 734 incomprehensibilitatem
960 648 1002 712 ut
1015 643 1199 733 proprium

23 753 237 823 attributum
259 753 326 822 Dei
348 753 547 843 agnoverit,
566 750 901 842 comprehensionem
924 751 989 821 hoc
1005 774 1109 820 sensu
1125 774 1199 818 um-

24 885 121 954 quam
137 860 303 952 intelligi
317 863 485 952 potuisse.
504 859 652 944 Quando
667 859 712 927 od
729 859 1064 950 comprehensionem
1080 863 1199 949 postu·

23 969 116 1040 letnr
140 970 299 1061 cognitio
323 968 462 1054 obiecti,
481 967 959 1060 quantomcstoopooeoe'bile,
976 990 1045 1036 non
1068 966 1200 1036 intelli-

24 1077 119 1167 gitur
142 1077 426 1167 cognoscibiliter
450 1077 642 1142 extrinseco
657 1097 698 1142 ex
716 1081 815 1164 parte
831 1080 946 1161 aetus,
966 1075 1066 1168 qussi
1081 1098 1201 1166 nempe

26 1187 268 1276 postularetur
290 1191 391 1258 sotus
413 1183 652 1276 cognoscentis
675 1183 844 1274 perfectio
867 1184 1018 1253 omnium
1041 1205 1202 1275 supreme

26 1295 58 1362 h.
72 1318 102 1363 c.
121 1294 296 1386 perfectio
312 1293 465 1379 infinite,
483 1313 553 1386 qne
568 1293 664 1362 solus
680 1292 774 1362 Dens
797 1293 994 1382 cognoscit;
1020 1293 1079 1362 sed
1099 1291 1198 1361 intel-

26 1403 155 1493 ligitur
175 1401 456 1492 coqnoeoe'tile'toe
475 1403 664 1468 intrinseco
683 1402 721 1472 in
741 1401 891 1486 obiecto,
909 1406 952 1470 nt
974 1407 1203 1490 cognoscetur

28 1511 217 1582 secundnm
225 1516 335 1580 totoni
343 1509 589 1601 perfectionem
599 1509 774 1580 intensive
786 1515 822 1579 et
832 1509 1023 1595 extensive,
1034 1515 1202 1600 quantum

31 1621 191 1710 cognosci
206 1643 249 1687 eso
263 1619 507 1710 exspostulat,
532 1618 569 1688 h.
584 1642 614 1688 e.
633 1625 799 1712 quantem
823 1618 1055 1708 cognitionem
1071 1641 1114 1687 ex
1130 1641 1203 1686 sese

31 1753 219 1818 provocare
242 1736 369 1821 potest.
388 1731 483 1799 Dens
506 1729 609 1800 finite
635 1730 814 1820 cognoscit
837 1729 976 1798 infinite
998 1728 1201 1819 perfectius,

33 1860 130 1930 qoem
146 1839 340 1908 intrinsece
355 1845 444 1908 etex
460 1861 535 1908 sese
553 1841 626 1908 sint
641 1837 903 1928 cognoscibilia3
922 1837 1101 1926 cognoscit
1112 1837 1204 1906 enim

34 1947 142 2015 omnia
149 1947 351 2038 cognitione
362 1945 788 2032 infinitosneceesentiee,
800 1967 960 2015 nonvero
973 1945 1205 2034 cognitionem

37 2201 197 2272 edseqnnns
221 2204 275 2256 Dei
294 2202 570 2270 cognoscibilitntem
592 2203 716 2269 reperiri
736 2218 792 2257 non
814 2207 911 2270 potest
930 2204 1038 2270 obsqne
1062 2207 1124 2257 tots
1144 2219 1205 2272 per-

38 2293 155 2348 fectione
173 2294 206 2346 in
225 2307 331 2358 genere
349 2292 428 2346 ontis
447 2292 620 2360 simpliciter
637 2291 794 2346 infiniti...
809 2293 1011 2346 Verumtamen
1030 2294 1099 2347 hooc
1111 2309 1207 2347 noces·

39 2385 106 2437 sites
130 2383 321 2452 perfectionis
344 2382 476 2450 neqnolis
494 2383 526 2435 in
549 2397 652 2448 genere
682 2383 759 2436 ontis
779 2398 832 2449 per
855 2384 984 2437 occidens
1005 2400 1035 2438 se
1059 2385 1146 2438 hebet
1170 2385 1207 2439 ed

41 2474 367 2528 commensurationem
385 2473 646 2540 comprehensionis
650 2511 716 2528 ......
737 2475 764 2526 3·
782 2473 1025 2540 Cognosoibilitss
1050 2476 1207 2528 intrinseco

41 2565 160 2632 obiecto,
181 2580 254 2633 quse
273 2563 394 2618 debetur
411 2564 460 2617 illi
479 2567 598 2631 propter
620 2565 808 2620 intrinsecam
831 2566 1035 2633 perfectionem
1053 2567 1204 2634 veritatis,

42 2651 196 2706 scanditur
218 2651 255 2705 ed
273 2650 598 2718 comprehensionem...
614 2653 745 2718 quemvis
758 2649 821 2704 non·
834 2651 926 2706 inerit
945 2651 1106 2720 edoeqncto
1118 2653 1208 2705 maior

43 2741 95 2793 slis
112 2739 348 2808 wgnoscibilitee
363 2741 527 2805 nemoroso,
541 2755 613 2808 qnos
626 2741 763 2794 convenit
774 2742 883 2794 obiecto
899 2756 955 2795 non
969 2745 1086 2810 propter
1102 2743 1208 2795 intrin-

44 2845 127 2884 secsm
144 2829 349 2898 perlectionem
370 2843 438 2884 enne
459 2830 597 2884 veritatis
618 2833 648 2883 ot
666 2830 812 2898 entitotis,
834 2829 884 2884 sed
906 2834 942 2886 eb
964 2833 1127 2887 extrinseco
1146 2847 1208 2898 pro·

45 2923 100 2983 pter
118 2921 322 2988 permotionem
335 2920 513 2988 intellectus,
535 2919 586 2988 qni
604 2922 701 2988 potest
722 2919 824 2974 altiori
843 2924 873 2972 et
884 2920 1051 2988 perfectiori
1071 2921 1151 2975 modo
1166 2923 1209 2976 in·

45 3009 179 3076 elligere.
200 3011 290 3064 Retio
309 3013 355 3064 eet
376 3009 512 3077 evidens,
536 3010 670 3078 qnoniam
691 3011 823 3078 alioquin
844 3013 957 3066 nnllnm
974 3027 1024 3066 ens
1027 3049 1094 3067 ......
1112 3016 1211 3081 posset

46 3100 236 3168 conprehendi
248 3101 286 3154 eb
299 3101 401 3167 nngelo
420 3104 679 3168 quantumcumque
699 3117 875 3169 supremo...
891 3103 1042 3170 quodlibet
1062 3105 1137 3158 enim
1159 3121 1210 3158 ens

48 3193 294 3259 quantumcumque
313 3191 594 3259 imperfectissimum
613 3191 703 3245 hebet
723 3192 904 3246 extrinsecam
921 3195 1209 3263 cognoscibilitntem,

48 3275 265 3336 denominetione
288 3285 403 3350 sumpto
424 3297 441 3334 n
466 3281 630 3348 cognitione
658 3281 779 3348 dimne,
804 3299 876 3350 qnoo
897 3285 1131 3350 cognoscibilitee
1155 3302 1211 3338 non

49 3373 132 3432 potest
146 3371 304 3438 edneqnsri
316 3372 482 3437 cognitione
499 3375 597 3426 orente
609 3375 869 3440 quantumcumque
884 3375 1123 3442 perfectissime.»
1136 3377 1212 3430 Haec

50 3459 94 3514 ibi.
112 3461 189 3526 Quod
207 3477 277 3517 vero
300 3463 375 3516 linis
394 3462 477 3516 eddit
498 3467 602 3530 qnnrto
622 3464 698 3531 loco,
722 3479 774 3518 nos
796 3479 852 3517 non
872 3479 1021 3530 possumne
1041 3465 1212 3534 admittere,

51 3551 112 3614 quin
122 3552 262 3606 innititur
272 3551 439 3620 hypothesi,
461 3567 545 3620 quom
563 3556 697 3621 putemne
715 3553 971 3610 contradictionem
991 3557 1151 3612 involvere.
1165 3557 1217 3610 nio

53 3639 190 3694 nimirum
211 3642 346 3710 quemvis
364 3643 483 3698 infinite
503 3647 581 3698 esset
597 3645 729 3699 extensio
748 3648 778 3698 et
800 3645 928 3700 intensio
948 3647 1072 3700 visionis
1093 3647 1145 3700 Dei
1172 3648 1215 3700 in·

53 3729 170 3784 tellectni
189 3734 287 3786 cresto
307 3735 540 3803 communicatae,
556 3738 721 3789 nontamen
745 3735 804 3788 iore
822 3737 1113 3806 comprehensionem,
1136 3753 1171 3790 ex
1184 3753 1215 3791 eo

55 3819 150 3890 solnm,
170 3823 245 3890 qnod
269 3826 347 3876 esset
368 3824 444 3878 visio
469 3828 583 3891 cretto3
606 3845 618 3872 u
638 3827 707 3892 quie
726 3824 763 3878 nd
786 3825 925 3880 rationem
955 3827 1216 3894 comprehensionis

56 3909 168 3975 exigitur
179 3929 212 3966 ee
227 3911 365 3968 totaliter
387 3917 417 3968 et
436 3913 616 3982 odeeqnotio,
633 3914 746 3968 vlrtnte
760 3915 841 3968 onius
860 3931 917 3968 non
930 3919 1043 3969 tontum
1061 3915 1216 3970 videantur

57 4001 138 4054 onnia
154 4017 226 4071 que
245 4003 342 4059 videri
356 4009 478 4073 possunt
495 4006 527 4058 in
548 4005 672 4072 obiecto,
689 4005 738 4059 sed
752 4009 840 4060 etism
852 4007 950 4060 nodus
967 4005 1086 4060 videndi
1106 4005 1147 4059 eit
1159 4009 1217 4059 tem

59 4090 184 4152 ponens
200 4095 232 4146 in
251 4095 365 4148 retione
385 4094 607 4164 intellectionis,
627 4113 711 4164 quom
734 4098 890 4166 perlectum
905 4101 951 4151 est
969 4097 1110 4152 obiectum
1126 4097 1157 4149 in
1171 4113 1215 4150 rn-

60 4177 124 4232 n'one
141 4184 378 4249 cognoscibilis.»
393 4185 433 4239 At
452 4185 528 4239 visio
543 4205 557 4234 ι
570 4186 685 4240 infinite
705 4188 849 4242 intense»
865 4190 911 4241 est
923 4187 1085 4241 intellectio
1106 4187 1217 4255 simpli·

61 4267 119 4322 niter
128 4272 248 4342 mrito,
269 4273 396 4342 adeoque
417 4290 473 4329 non
486 4277 584 4344 potest
600 4291 663 4330 esso
676 4278 751 4331 visio
766 4281 877 4344 creeto3
891 4276 940 4330 scd
954 4281 999 4330 est
1011 4277 1086 4331 visio
1100 4276 1215 4342 deine,

64 4359 130 4412 enine
151 4378 218 4416 senc
236 4363 336 4418 modus
362 4363 484 4419 videndi
505 4368 550 4419 est
574 4370 633 4420 tem
656 4367 801 4434 perlectus
820 4367 852 4420 in
875 4367 986 4421 notione
1007 4366 1218 4421 intellectionis

65 4459 133 4512 oren
149 4451 291 4522 perlectus
308 4457 354 4510 est
371 4455 449 4509 Dens
469 4454 501 4508 in
521 4455 633 4510 rationo
656 4455 927 4522 cognoscibilitetie.

1076 4571 1095 4606 0
