<?xml version="1.0" encoding="UTF-8"?>
<!DOCTYPE html PUBLIC "-//W3C//DTD XHTML 1.0 Transitional//EN"
    "http://www.w3.org/TR/xhtml1/DTD/xhtml1-transitional.dtd">
<html xmlns="http://www.w3.org/1999/xhtml" xml:lang="en" lang="en">
 <head>
  <title>
</title>
<meta http-equiv="Content-Type" content="text/html;charset=utf-8" />
  <meta name='ocr-system' content='tesseract 3.04.00' />
  <meta name='ocr-capabilities' content='ocr_page ocr_carea ocr_par ocr_line ocrx_word'/>
</head>
<body>
  <div class='ocr_page' id='page_1' title='image "./ioannisbaptfran01frangoog_0114.png"; bbox 0 0 3394 5056; ppageno 0'>
   <div class='ocr_carea' id='block_1_1' title="bbox 90 341 1253 3337">
    <p class='ocr_par' dir='ltr' id='par_1_1' title="bbox 92 341 1252 751">
     <span class='ocr_line' id='line_1_1' title="bbox 587 341 745 402; baseline 0 -16"><span class='ocrx_word' id='word_1_1' title='bbox 587 371 624 386; x_wconf 87' lang='lat'>-</span> <span class='ocrx_word' id='word_1_2' title='bbox 646 341 686 402; x_wconf 71' lang='lat'>97</span> <span class='ocrx_word' id='word_1_3' title='bbox 707 371 745 386; x_wconf 91' lang='lat'>..</span> 
     </span>
     <span class='ocr_line' id='line_1_2' title="bbox 93 445 1251 538; baseline 0 -24"><span class='ocrx_word' id='word_1_4' title='bbox 93 453 176 530; x_wconf 88' lang='lat' dir='ltr'>runt,</span> <span class='ocrx_word' id='word_1_5' title='bbox 197 447 339 536; x_wconf 89' lang='lat' dir='ltr'>impulsi</span> <span class='ocrx_word' id='word_1_6' title='bbox 362 469 385 514; x_wconf 88' lang='lat' dir='ltr'>a</span> <span class='ocrx_word' id='word_1_7' title='bbox 408 467 473 516; x_wconf 87' lang='lat' dir='ltr'>sua</span> <span class='ocrx_word' id='word_1_8' title='bbox 496 445 643 538; x_wconf 87' lang='lat' dir='ltr'>quisque</span> <span class='ocrx_word' id='word_1_9' title='bbox 665 445 782 512; x_wconf 87' lang='lat' dir='ltr'>anima</span> <span class='ocrx_word' id='word_1_10' title='bbox 806 447 994 516; x_wconf 87' lang='lat' dir='ltr'>secundum</span> <span class='ocrx_word' id='word_1_11' title='bbox 1011 447 1251 538; x_wconf 73' lang='lat' dir='ltr'>cognationem</span> 
     </span>
     <span class='ocr_line' id='line_1_3' title="bbox 92 553 1252 644; baseline 0.003 -24"><span class='ocrx_word' id='word_1_12' title='bbox 92 553 243 642; x_wconf 85' lang='lat' dir='ltr'>spiraculi</span> <span class='ocrx_word' id='word_1_13' title='bbox 268 576 289 620; x_wconf 88' lang='lat' dir='ltr'>a</span> <span class='ocrx_word' id='word_1_14' title='bbox 311 555 385 623; x_wconf 89' lang='lat' dir='ltr'>Deo</span> <span class='ocrx_word' id='word_1_15' title='bbox 408 553 542 644; x_wconf 87' lang='lat' dir='ltr'>accepti</span> <span class='ocrx_word' id='word_1_16' title='bbox 565 553 609 620; x_wconf 91' lang='lat' dir='ltr'>ad</span> <span class='ocrx_word' id='word_1_17' title='bbox 630 553 876 644; x_wconf 88' lang='lat' dir='ltr'>quaerendum,</span> <span class='ocrx_word' id='word_1_18' title='bbox 895 555 925 622; x_wconf 90' lang='lat' dir='ltr'>si</span> <span class='ocrx_word' id='word_1_19' title='bbox 942 555 1078 644; x_wconf 78' lang='lat' dir='ltr'>possint</span> <span class='ocrx_word' id='word_1_20' title='bbox 1092 554 1252 624; x_wconf 85' lang='lat' dir='ltr'>invenire</span> 
     </span>
     <span class='ocr_line' id='line_1_4' title="bbox 92 660 812 751; baseline -0.004 -21"><span class='ocrx_word' id='word_1_21' title='bbox 92 669 121 730; x_wconf 85' lang='lat' dir='ltr'>et</span> <span class='ocrx_word' id='word_1_22' title='bbox 141 661 336 751; x_wconf 85' lang='lat' dir='ltr'>intelligere</span> <span class='ocrx_word' id='word_1_23' title='bbox 360 662 576 730; x_wconf 71' lang='lat' dir='ltr'>veritatem»</span> <span class='ocrx_word' id='word_1_24' title='bbox 596 660 659 749; x_wconf 89' lang='lat'>(1).</span> <span class='ocrx_word' id='word_1_25' title='bbox 807 737 812 750; x_wconf 26' lang='grc' dir='ltr'>ι</span> 
     </span>
    </p>

    <p class='ocr_par' dir='ltr' id='par_1_2' title="bbox 90 767 1253 3337">
     <span class='ocr_line' id='line_1_5' title="bbox 147 767 1252 851; baseline 0.001 -15"><span class='ocrx_word' id='word_1_26' title='bbox 147 769 210 836; x_wconf 90' lang='grc' dir='ltr'>ΠΙ.</span> <span class='ocrx_word' id='word_1_27' title='bbox 230 770 402 851; x_wconf 77' lang='lat' dir='ltr'>Quamvis</span> <span class='ocrx_word' id='word_1_28' title='bbox 426 792 469 837; x_wconf 85' lang='lat' dir='ltr'>ex</span> <span class='ocrx_word' id='word_1_29' title='bbox 492 767 662 838; x_wconf 88' lang='lat' dir='ltr'>communi</span> <span class='ocrx_word' id='word_1_30' title='bbox 681 769 839 838; x_wconf 86' lang='lat' dir='ltr'>omnibus</span> <span class='ocrx_word' id='word_1_31' title='bbox 855 771 1130 840; x_wconf 78' lang='lat' dir='ltr'>consideratione</span> <span class='ocrx_word' id='word_1_32' title='bbox 1146 770 1252 838; x_wconf 91' lang='lat' dir='ltr'>huius</span> 
     </span>
     <span class='ocr_line' id='line_1_6' title="bbox 92 877 1251 970; baseline 0.003 -26"><span class='ocrx_word' id='word_1_33' title='bbox 92 877 232 944; x_wconf 84' lang='lat' dir='ltr'>universi</span> <span class='ocrx_word' id='word_1_34' title='bbox 244 877 296 962; x_wconf 82' lang='lat'>(2)</span> <span class='ocrx_word' id='word_1_35' title='bbox 311 878 442 946; x_wconf 88' lang='lat' dir='ltr'>notitia</span> <span class='ocrx_word' id='word_1_36' title='bbox 465 877 531 946; x_wconf 91' lang='lat' dir='ltr'>Dei</span> <span class='ocrx_word' id='word_1_37' title='bbox 554 877 750 962; x_wconf 71' lang='lat' dir='ltr'>existentia,</span> <span class='ocrx_word' id='word_1_38' title='bbox 777 883 819 944; x_wconf 91' lang='lat' dir='ltr'>ut</span> <span class='ocrx_word' id='word_1_39' title='bbox 841 885 895 946; x_wconf 87' lang='lat' dir='ltr'>est</span> <span class='ocrx_word' id='word_1_40' title='bbox 917 900 978 946; x_wconf 89' lang='lat' dir='ltr'>ene</span> <span class='ocrx_word' id='word_1_41' title='bbox 1004 879 1144 970; x_wconf 85' lang='lat' dir='ltr'>aliquod</span> <span class='ocrx_word' id='word_1_42' title='bbox 1176 901 1251 969; x_wconf 89' lang='lat' dir='ltr'>per·</span> 
     </span>
     <span class='ocr_line' id='line_1_7' title="bbox 91 983 1251 1078; baseline 0.003 -26"><span class='ocrx_word' id='word_1_43' title='bbox 91 985 205 1068; x_wconf 85' lang='lat' dir='ltr'>sonale,</span> <span class='ocrx_word' id='word_1_44' title='bbox 224 986 377 1075; x_wconf 88' lang='lat' dir='ltr'>sapiens,</span> <span class='ocrx_word' id='word_1_45' title='bbox 397 985 535 1068; x_wconf 88' lang='lat' dir='ltr'>bonum,</span> <span class='ocrx_word' id='word_1_46' title='bbox 554 983 751 1074; x_wconf 89' lang='lat' dir='ltr'>providum,</span> <span class='ocrx_word' id='word_1_47' title='bbox 770 1006 789 1051; x_wconf 93' lang='lat' dir='ltr'>a</span> <span class='ocrx_word' id='word_1_48' title='bbox 807 1009 873 1076; x_wconf 92' lang='lat' dir='ltr'>quo</span> <span class='ocrx_word' id='word_1_49' title='bbox 890 986 1026 1078; x_wconf 88' lang='lat' dir='ltr'>reliqua</span> <span class='ocrx_word' id='word_1_50' title='bbox 1043 985 1157 1056; x_wconf 87' lang='lat' dir='ltr'>omnia</span> <span class='ocrx_word' id='word_1_51' title='bbox 1171 1011 1251 1078; x_wconf 89' lang='lat' dir='ltr'>peu·</span> 
     </span>
     <span class='ocr_line' id='line_1_8' title="bbox 91 1091 1252 1182; baseline 0.003 -23"><span class='ocrx_word' id='word_1_52' title='bbox 91 1092 163 1160; x_wconf 87' lang='lat' dir='ltr'>deut</span> <span class='ocrx_word' id='word_1_53' title='bbox 183 1095 222 1158; x_wconf 92' lang='lat' dir='ltr'>ut</span> <span class='ocrx_word' id='word_1_54' title='bbox 243 1112 265 1158; x_wconf 86' lang='lat' dir='ltr'>a</span> <span class='ocrx_word' id='word_1_55' title='bbox 288 1091 464 1182; x_wconf 89' lang='lat' dir='ltr'>principio</span> <span class='ocrx_word' id='word_1_56' title='bbox 486 1098 523 1159; x_wconf 92' lang='lat' dir='ltr'>et</span> <span class='ocrx_word' id='word_1_57' title='bbox 544 1092 625 1176; x_wconf 85' lang='lat' dir='ltr'>fine,</span> <span class='ocrx_word' id='word_1_58' title='bbox 651 1091 751 1159; x_wconf 81' lang='lat' dir='ltr'>velut</span> <span class='ocrx_word' id='word_1_59' title='bbox 774 1097 895 1182; x_wconf 85' lang='lat' dir='ltr'>sponte</span> <span class='ocrx_word' id='word_1_60' title='bbox 919 1115 983 1160; x_wconf 85' lang='lat' dir='ltr'>sua</span> <span class='ocrx_word' id='word_1_61' title='bbox 1006 1103 1041 1162; x_wconf 92' lang='lat' dir='ltr'>et</span> <span class='ocrx_word' id='word_1_62' title='bbox 1060 1093 1125 1162; x_wconf 90' lang='lat' dir='ltr'>hcc</span> <span class='ocrx_word' id='word_1_63' title='bbox 1148 1117 1252 1162; x_wconf 88' lang='lat' dir='ltr'>sensu</span> 
     </span>
     <span class='ocr_line' id='line_1_9' title="bbox 90 1196 1250 1288; baseline 0.003 -24"><span class='ocrx_word' id='word_1_64' title='bbox 90 1199 181 1265; x_wconf 89' lang='lat' dir='ltr'>etiam</span> <span class='ocrx_word' id='word_1_65' title='bbox 201 1197 398 1266; x_wconf 86' lang='lat' dir='ltr'>necessario</span> <span class='ocrx_word' id='word_1_66' title='bbox 422 1197 619 1288; x_wconf 83' lang='lat' dir='ltr'>ingeratur,</span> <span class='ocrx_word' id='word_1_67' title='bbox 641 1196 757 1266; x_wconf 78' lang='lat' dir='ltr'>abaco</span> <span class='ocrx_word' id='word_1_68' title='bbox 780 1198 872 1266; x_wconf 89' lang='lat' dir='ltr'>enim</span> <span class='ocrx_word' id='word_1_69' title='bbox 896 1207 950 1267; x_wconf 87' lang='lat' dir='ltr'>eat</span> <span class='ocrx_word' id='word_1_70' title='bbox 973 1221 1105 1266; x_wconf 88' lang='lat' dir='ltr'>summa</span> <span class='ocrx_word' id='word_1_71' title='bbox 1129 1199 1250 1268; x_wconf 77' lang='lat' dir='ltr'>delicti</span> 
     </span>
     <span class='ocr_line' id='line_1_10' title="bbox 91 1305 1248 1398; baseline 0.001 -26"><span class='ocrx_word' id='word_1_72' title='bbox 91 1305 169 1374; x_wconf 90' lang='lat' dir='ltr'>nolle</span> <span class='ocrx_word' id='word_1_73' title='bbox 183 1328 370 1396; x_wconf 79' lang='lat' dir='ltr'>agnoscere</span> <span class='ocrx_word' id='word_1_74' title='bbox 393 1329 494 1398; x_wconf 90' lang='lat' dir='ltr'>quem</span> <span class='ocrx_word' id='word_1_75' title='bbox 518 1305 681 1394; x_wconf 89' lang='lat' dir='ltr'>ignorare</span> <span class='ocrx_word' id='word_1_76' title='bbox 704 1327 772 1371; x_wconf 90' lang='lat' dir='ltr'>non</span> <span class='ocrx_word' id='word_1_77' title='bbox 796 1305 939 1395; x_wconf 73' lang='lat' dir='ltr'>possis»</span> <span class='ocrx_word' id='word_1_78' title='bbox 958 1307 1125 1392; x_wconf 83' lang='lat' dir='ltr'>(Tertull.</span> <span class='ocrx_word' id='word_1_79' title='bbox 1144 1306 1248 1396; x_wconf 91' lang='lat' dir='ltr'>Apol.</span> 
     </span>
     <span class='ocr_line' id='line_1_11' title="bbox 90 1413 1252 1504; baseline 0 -22"><span class='ocrx_word' id='word_1_80' title='bbox 90 1415 167 1500; x_wconf 78' lang='lat' dir='ltr'>c.17;</span> <span class='ocrx_word' id='word_1_81' title='bbox 180 1413 346 1504; x_wconf 79' lang='lat' dir='ltr'>Cypriam.</span> <span class='ocrx_word' id='word_1_82' title='bbox 363 1413 406 1482; x_wconf 89' lang='lat' dir='ltr'>de</span> <span class='ocrx_word' id='word_1_83' title='bbox 419 1413 504 1482; x_wconf 92' lang='lat' dir='ltr'>idol.</span> <span class='ocrx_word' id='word_1_84' title='bbox 518 1435 600 1481; x_wconf 87' lang='lat' dir='ltr'>van.</span> <span class='ocrx_word' id='word_1_85' title='bbox 615 1437 649 1503; x_wconf 90' lang='lat' dir='ltr'>p.</span> <span class='ocrx_word' id='word_1_86' title='bbox 661 1413 769 1498; x_wconf 81' lang='grc'>227.);</span> <span class='ocrx_word' id='word_1_87' title='bbox 787 1415 871 1482; x_wconf 87' lang='lat' dir='ltr'>haee</span> <span class='ocrx_word' id='word_1_88' title='bbox 882 1422 995 1481; x_wconf 88' lang='lat' dir='ltr'>tamen</span> <span class='ocrx_word' id='word_1_89' title='bbox 1014 1415 1167 1503; x_wconf 85' lang='lat' dir='ltr'>cognitio</span> <span class='ocrx_word' id='word_1_90' title='bbox 1183 1414 1252 1504; x_wconf 90' lang='lat' dir='ltr'>pri·</span> 
     </span>
     <span class='ocr_line' id='line_1_12' title="bbox 91 1521 1252 1612; baseline 0 -24"><span class='ocrx_word' id='word_1_91' title='bbox 91 1523 201 1590; x_wconf 85' lang='lat' dir='ltr'>nitiva</span> <span class='ocrx_word' id='word_1_92' title='bbox 221 1521 406 1590; x_wconf 83' lang='lat' dir='ltr'>admodum</span> <span class='ocrx_word' id='word_1_93' title='bbox 430 1521 635 1610; x_wconf 84' lang='lat' dir='ltr'>imperfecta</span> <span class='ocrx_word' id='word_1_94' title='bbox 657 1528 711 1588; x_wconf 87' lang='lat' dir='ltr'>est</span> <span class='ocrx_word' id='word_1_95' title='bbox 727 1526 763 1590; x_wconf 83' lang='lat' dir='ltr'>et</span> <span class='ocrx_word' id='word_1_96' title='bbox 779 1521 990 1605; x_wconf 90' lang='lat' dir='ltr'>huiusmodi,</span> <span class='ocrx_word' id='word_1_97' title='bbox 1009 1544 1111 1612; x_wconf 88' lang='lat' dir='ltr'>quam</span> <span class='ocrx_word' id='word_1_98' title='bbox 1126 1521 1252 1591; x_wconf 83' lang='lat' dir='ltr'>Graeci</span> 
     </span>
     <span class='ocr_line' id='line_1_13' title="bbox 91 1626 1253 1720; baseline 0.003 -26"><span class='ocrx_word' id='word_1_99' title='bbox 91 1631 213 1720; x_wconf 86' lang='lat' dir='ltr'>proprie</span> <span class='ocrx_word' id='word_1_100' title='bbox 235 1626 386 1718; x_wconf 72' lang='grc' dir='ltr'>προληψιν</span> <span class='ocrx_word' id='word_1_101' title='bbox 408 1627 599 1718; x_wconf 86' lang='lat' dir='ltr'>appellant,</span> <span class='ocrx_word' id='word_1_102' title='bbox 628 1635 743 1695; x_wconf 82' lang='lat' dir='ltr'>cante</span> <span class='ocrx_word' id='word_1_103' title='bbox 760 1635 923 1717; x_wconf 86' lang='lat' dir='ltr'>percepta</span> <span class='ocrx_word' id='word_1_104' title='bbox 945 1629 1100 1718; x_wconf 82' lang='lat' dir='ltr'>cognitio</span> <span class='ocrx_word' id='word_1_105' title='bbox 1117 1628 1253 1698; x_wconf 88' lang='lat' dir='ltr'>scilicet</span> 
     </span>
     <span class='ocr_line' id='line_1_14' title="bbox 92 1734 1252 1826; baseline 0 -22"><span class='ocrx_word' id='word_1_106' title='bbox 92 1736 290 1804; x_wconf 76' lang='lat' dir='ltr'>enodatio-nie</span> <span class='ocrx_word' id='word_1_107' title='bbox 301 1736 466 1826; x_wconf 81' lang='lat' dir='ltr'>indigens</span> <span class='ocrx_word' id='word_1_108' title='bbox 480 1763 495 1798; x_wconf 80' lang='lat' dir='ltr'>n</span> <span class='ocrx_word' id='word_1_109' title='bbox 511 1735 575 1822; x_wconf 79' lang='grc'>(3).</span> <span class='ocrx_word' id='word_1_110' title='bbox 589 1734 705 1803; x_wconf 88' lang='lat' dir='ltr'>Huius</span> <span class='ocrx_word' id='word_1_111' title='bbox 723 1758 805 1804; x_wconf 87' lang='lat' dir='ltr'>vero</span> <span class='ocrx_word' id='word_1_112' title='bbox 821 1737 974 1804; x_wconf 87' lang='lat' dir='ltr'>notionis</span> <span class='ocrx_word' id='word_1_113' title='bbox 990 1744 1025 1804; x_wconf 91' lang='lat' dir='ltr'>et</span> <span class='ocrx_word' id='word_1_114' title='bbox 1036 1736 1252 1805; x_wconf 88' lang='lat' dir='ltr'>confirmatio</span> 
     </span>
     <span class='ocr_line' id='line_1_15' title="bbox 92 1841 1251 1936; baseline -0.002 -24"><span class='ocrx_word' id='word_1_115' title='bbox 92 1853 120 1913; x_wconf 89' lang='lat' dir='ltr'>et</span> <span class='ocrx_word' id='word_1_116' title='bbox 136 1846 288 1915; x_wconf 80' lang='lat' dir='ltr'>enodatio</span> <span class='ocrx_word' id='word_1_117' title='bbox 306 1841 492 1914; x_wconf 87' lang='lat' dir='ltr'>rationalia</span> <span class='ocrx_word' id='word_1_118' title='bbox 515 1841 585 1909; x_wconf 87' lang='lat' dir='ltr'>iam</span> <span class='ocrx_word' id='word_1_119' title='bbox 601 1841 645 1909; x_wconf 90' lang='lat' dir='ltr'>ad</span> <span class='ocrx_word' id='word_1_120' title='bbox 665 1841 847 1910; x_wconf 88' lang='lat' dir='ltr'>scientiam</span> <span class='ocrx_word' id='word_1_121' title='bbox 865 1845 1030 1931; x_wconf 83' lang='lat' dir='ltr'>pertinet,</span> <span class='ocrx_word' id='word_1_122' title='bbox 1053 1868 1140 1936; x_wconf 87' lang='lat' dir='ltr'>quae</span> <span class='ocrx_word' id='word_1_123' title='bbox 1157 1845 1251 1912; x_wconf 88' lang='lat' dir='ltr'>dicta</span> 
     </span>
     <span class='ocr_line' id='line_1_16' title="bbox 92 1947 1252 2046; baseline -0.001 -25"><span class='ocrx_word' id='word_1_124' title='bbox 92 1963 138 2022; x_wconf 86' lang='lat' dir='ltr'>eat</span> <span class='ocrx_word' id='word_1_125' title='bbox 155 1952 373 2045; x_wconf 87' lang='lat' dir='ltr'>philosophia</span> <span class='ocrx_word' id='word_1_126' title='bbox 395 1953 520 2041; x_wconf 87' lang='lat' dir='ltr'>prima.</span> <span class='ocrx_word' id='word_1_127' title='bbox 540 1947 616 2030; x_wconf 77' lang='lat' dir='ltr'>Quo</span> <span class='ocrx_word' id='word_1_128' title='bbox 633 1949 769 2017; x_wconf 84' lang='lat' dir='ltr'>scilieet</span> <span class='ocrx_word' id='word_1_129' title='bbox 791 1951 982 2039; x_wconf 84' lang='lat' dir='ltr'>perfectius</span> <span class='ocrx_word' id='word_1_130' title='bbox 1010 1953 1122 2046; x_wconf 86' lang='lat' dir='ltr'>totius</span> <span class='ocrx_word' id='word_1_131' title='bbox 1146 1953 1252 2020; x_wconf 87' lang='lat' dir='ltr'>huius</span> 
     </span>
     <span class='ocr_line' id='line_1_17' title="bbox 92 2056 1251 2150; baseline 0 -23"><span class='ocrx_word' id='word_1_132' title='bbox 92 2063 229 2131; x_wconf 79' lang='lat' dir='ltr'>universi</span> <span class='ocrx_word' id='word_1_133' title='bbox 245 2059 478 2150; x_wconf 88' lang='lat' dir='ltr'>dependentia</span> <span class='ocrx_word' id='word_1_134' title='bbox 494 2056 694 2125; x_wconf 87' lang='lat' dir='ltr'>essentialia</span> <span class='ocrx_word' id='word_1_135' title='bbox 709 2057 744 2124; x_wconf 92' lang='lat' dir='ltr'>in</span> <span class='ocrx_word' id='word_1_136' title='bbox 768 2057 902 2147; x_wconf 88' lang='lat' dir='ltr'>triplici</span> <span class='ocrx_word' id='word_1_137' title='bbox 918 2083 980 2127; x_wconf 93' lang='lat' dir='ltr'>suo</span> <span class='ocrx_word' id='word_1_138' title='bbox 997 2061 1128 2144; x_wconf 87' lang='lat' dir='ltr'>ordina,</span> <span class='ocrx_word' id='word_1_139' title='bbox 1148 2060 1251 2128; x_wconf 85' lang='lat' dir='ltr'>insti·</span> 
     </span>
     <span class='ocr_line' id='line_1_18' title="bbox 92 2166 1250 2254; baseline -0.002 -17"><span class='ocrx_word' id='word_1_140' title='bbox 92 2175 159 2238; x_wconf 84' lang='lat' dir='ltr'>tuta</span> <span class='ocrx_word' id='word_1_141' title='bbox 171 2171 300 2240; x_wconf 82' lang='lat' dir='ltr'>reflexa</span> <span class='ocrx_word' id='word_1_142' title='bbox 317 2167 541 2246; x_wconf 85' lang='lat' dir='ltr'>meditatione</span> <span class='ocrx_word' id='word_1_143' title='bbox 559 2166 793 2254; x_wconf 80' lang='lat' dir='ltr'>cognoscitur,</span> <span class='ocrx_word' id='word_1_144' title='bbox 813 2189 851 2235; x_wconf 86' lang='lat' dir='ltr'>eo</span> <span class='ocrx_word' id='word_1_145' title='bbox 863 2168 1064 2236; x_wconf 88' lang='lat' dir='ltr'>evidentius</span> <span class='ocrx_word' id='word_1_146' title='bbox 1080 2171 1171 2238; x_wconf 90' lang='lat' dir='ltr'>ratio</span> <span class='ocrx_word' id='word_1_147' title='bbox 1199 2169 1250 2236; x_wconf 92' lang='lat' dir='ltr'>in·</span> 
     </span>
     <span class='ocr_line' id='line_1_19' title="bbox 93 2275 1252 2368; baseline 0 -24"><span class='ocrx_word' id='word_1_148' title='bbox 93 2277 213 2367; x_wconf 76' lang='lat' dir='ltr'>telliget</span> <span class='ocrx_word' id='word_1_149' title='bbox 235 2275 461 2346; x_wconf 85' lang='lat' dir='ltr'>existentiam</span> <span class='ocrx_word' id='word_1_150' title='bbox 489 2295 614 2343; x_wconf 84' lang='lat' dir='ltr'>causae</span> <span class='ocrx_word' id='word_1_151' title='bbox 634 2275 862 2362; x_wconf 87' lang='lat' dir='ltr'>necessariae;</span> <span class='ocrx_word' id='word_1_152' title='bbox 891 2283 928 2344; x_wconf 91' lang='lat' dir='ltr'>et</span> <span class='ocrx_word' id='word_1_153' title='bbox 956 2300 1022 2368; x_wconf 94' lang='lat' dir='ltr'>quo</span> <span class='ocrx_word' id='word_1_154' title='bbox 1047 2277 1252 2346; x_wconf 85' lang='lat' dir='ltr'>distinctius</span> 
     </span>
     <span class='ocr_line' id='line_1_20' title="bbox 93 2381 1247 2473; baseline -0.005 -22"><span class='ocrx_word' id='word_1_155' title='bbox 93 2387 242 2473; x_wconf 76' lang='lat' dir='ltr'>perfectio</span> <span class='ocrx_word' id='word_1_156' title='bbox 273 2383 430 2452; x_wconf 85' lang='lat' dir='ltr'>eiusdem</span> <span class='ocrx_word' id='word_1_157' title='bbox 460 2381 638 2467; x_wconf 88' lang='lat' dir='ltr'>universi,</span> <span class='ocrx_word' id='word_1_158' title='bbox 660 2383 897 2472; x_wconf 70' lang='lat' dir='ltr'>«magnitudo</span> <span class='ocrx_word' id='word_1_159' title='bbox 927 2391 963 2451; x_wconf 91' lang='lat' dir='ltr'>et</span> <span class='ocrx_word' id='word_1_160' title='bbox 993 2383 1247 2473; x_wconf 72' lang='lat' dir='ltr'>pulchritudo»</span> 
     </span>
     <span class='ocr_line' id='line_1_21' title="bbox 94 2489 1253 2581; baseline -0.001 -22"><span class='ocrx_word' id='word_1_161' title='bbox 94 2491 173 2581; x_wconf 80' lang='lat' dir='ltr'>(Sep.</span> <span class='ocrx_word' id='word_1_162' title='bbox 184 2491 320 2576; x_wconf 86' lang='lat' dir='ltr'>XIII.),</span> <span class='ocrx_word' id='word_1_163' title='bbox 343 2489 463 2557; x_wconf 89' lang='lat' dir='ltr'>unitas</span> <span class='ocrx_word' id='word_1_164' title='bbox 475 2489 512 2556; x_wconf 92' lang='lat' dir='ltr'>in</span> <span class='ocrx_word' id='word_1_165' title='bbox 526 2489 805 2578; x_wconf 87' lang='lat' dir='ltr'>multiplicitate,</span> <span class='ocrx_word' id='word_1_166' title='bbox 820 2490 992 2558; x_wconf 90' lang='lat' dir='ltr'>mirabilis</span> <span class='ocrx_word' id='word_1_167' title='bbox 1012 2490 1253 2559; x_wconf 88' lang='lat' dir='ltr'>subordinatio</span> 
     </span>
     <span class='ocr_line' id='line_1_22' title="bbox 94 2585 1251 2687; baseline -0.003 -20"><span class='ocrx_word' id='word_1_168' title='bbox 94 2601 294 2667; x_wconf 87' lang='lat' dir='ltr'>minimorum</span> <span class='ocrx_word' id='word_1_169' title='bbox 311 2604 348 2665; x_wconf 89' lang='lat' dir='ltr'>et</span> <span class='ocrx_word' id='word_1_170' title='bbox 369 2596 597 2665; x_wconf 86' lang='lat' dir='ltr'>maximorum</span> <span class='ocrx_word' id='word_1_171' title='bbox 613 2597 657 2665; x_wconf 91' lang='lat' dir='ltr'>ad</span> <span class='ocrx_word' id='word_1_172' title='bbox 673 2596 760 2664; x_wconf 88' lang='lat' dir='ltr'>fines</span> <span class='ocrx_word' id='word_1_173' title='bbox 775 2598 950 2686; x_wconf 86' lang='lat' dir='ltr'>proximos</span> <span class='ocrx_word' id='word_1_174' title='bbox 971 2621 1032 2687; x_wconf 91' lang='lat' dir='ltr'>per</span> <span class='ocrx_word' id='word_1_175' title='bbox 1048 2585 1177 2666; x_wconf 92' lang='lat' dir='ltr'>medios</span> <span class='ocrx_word' id='word_1_176' title='bbox 1196 2621 1251 2665; x_wconf 88' lang='lat' dir='ltr'>ua-</span> 
     </span>
     <span class='ocr_line' id='line_1_23' title="bbox 94 2704 1251 2798; baseline -0.003 -23"><span class='ocrx_word' id='word_1_177' title='bbox 94 2707 201 2798; x_wconf 84' lang='lat' dir='ltr'>quaed</span> <span class='ocrx_word' id='word_1_178' title='bbox 217 2729 389 2774; x_wconf 89' lang='lat' dir='ltr'>summum</span> <span class='ocrx_word' id='word_1_179' title='bbox 403 2704 627 2795; x_wconf 84' lang='lat' dir='ltr'>perspicitur,</span> <span class='ocrx_word' id='word_1_180' title='bbox 642 2728 680 2773; x_wconf 93' lang='lat' dir='ltr'>eo</span> <span class='ocrx_word' id='word_1_181' title='bbox 693 2705 909 2774; x_wconf 86' lang='lat' dir='ltr'>luculentius</span> <span class='ocrx_word' id='word_1_182' title='bbox 921 2727 1045 2774; x_wconf 85' lang='lat' dir='ltr'>causae</span> <span class='ocrx_word' id='word_1_183' title='bbox 1057 2705 1251 2774; x_wconf 86' lang='lat' dir='ltr'>necessario</span> 
     </span>
     <span class='ocr_line' id='line_1_24' title="bbox 94 2813 1251 2905; baseline -0.003 -23"><span class='ocrx_word' id='word_1_184' title='bbox 94 2816 262 2885; x_wconf 84' lang='lat' dir='ltr'>existentis</span> <span class='ocrx_word' id='word_1_185' title='bbox 275 2815 506 2905; x_wconf 85' lang='lat' dir='ltr'>perfectiones</span> <span class='ocrx_word' id='word_1_186' title='bbox 518 2813 611 2882; x_wconf 86' lang='lat' dir='ltr'>ratio</span> <span class='ocrx_word' id='word_1_187' title='bbox 619 2822 835 2904; x_wconf 89' lang='lat' dir='ltr'>assequetur.</span> <span class='ocrx_word' id='word_1_188' title='bbox 853 2814 973 2904; x_wconf 88' lang='lat' dir='ltr'>Neque</span> <span class='ocrx_word' id='word_1_189' title='bbox 986 2815 1021 2882; x_wconf 93' lang='lat' dir='ltr'>id</span> <span class='ocrx_word' id='word_1_190' title='bbox 1034 2813 1144 2880; x_wconf 87' lang='lat' dir='ltr'>solum</span> <span class='ocrx_word' id='word_1_191' title='bbox 1158 2837 1178 2880; x_wconf 91' lang='lat' dir='ltr'>a</span> <span class='ocrx_word' id='word_1_192' title='bbox 1194 2835 1251 2902; x_wconf 93' lang='lat' dir='ltr'>po·</span> 
     </span>
     <span class='ocr_line' id='line_1_25' title="bbox 95 2921 1251 3014; baseline -0.005 -22"><span class='ocrx_word' id='word_1_193' title='bbox 95 2926 229 3010; x_wconf 81' lang='lat' dir='ltr'>steriori,</span> <span class='ocrx_word' id='word_1_194' title='bbox 249 2924 432 2992; x_wconf 88' lang='lat' dir='ltr'>sedetiam</span> <span class='ocrx_word' id='word_1_195' title='bbox 454 2921 600 2988; x_wconf 81' lang='lat' dir='ltr'>mediate</span> <span class='ocrx_word' id='word_1_196' title='bbox 623 2922 870 3014; x_wconf 92' lang='lat' dir='ltr'>quodammodo</span> <span class='ocrx_word' id='word_1_197' title='bbox 887 2945 908 2988; x_wconf 90' lang='lat' dir='ltr'>a</span> <span class='ocrx_word' id='word_1_198' title='bbox 923 2922 1045 3012; x_wconf 90' lang='lat' dir='ltr'>priori.</span> <span class='ocrx_word' id='word_1_199' title='bbox 1065 2921 1251 3012; x_wconf 89' lang='lat' dir='ltr'>Postquam</span> 
     </span>
     <span class='ocr_line' id='line_1_26' title="bbox 94 3029 1252 3121; baseline -0.001 -25"><span class='ocrx_word' id='word_1_200' title='bbox 94 3032 170 3097; x_wconf 92' lang='lat' dir='ltr'>enim</span> <span class='ocrx_word' id='word_1_201' title='bbox 191 3055 213 3100; x_wconf 85' lang='lat' dir='ltr'>a</span> <span class='ocrx_word' id='word_1_202' title='bbox 235 3031 423 3121; x_wconf 88' lang='lat' dir='ltr'>posteriori</span> <span class='ocrx_word' id='word_1_203' title='bbox 446 3033 535 3097; x_wconf 81' lang='lat' dir='ltr'>entia</span> <span class='ocrx_word' id='word_1_204' title='bbox 558 3055 579 3098; x_wconf 87' lang='lat' dir='ltr'>a</span> <span class='ocrx_word' id='word_1_205' title='bbox 602 3030 848 3100; x_wconf 74' lang='lat' dir='ltr'>coexistentia</span> <span class='ocrx_word' id='word_1_206' title='bbox 871 3029 1108 3097; x_wconf 86' lang='lat' dir='ltr'>demonstrata</span> <span class='ocrx_word' id='word_1_207' title='bbox 1129 3030 1194 3114; x_wconf 83' lang='lat' dir='ltr'>est;</span> <span class='ocrx_word' id='word_1_208' title='bbox 1209 3049 1252 3095; x_wconf 87' lang='lat' dir='ltr'>ex</span> 
     </span>
     <span class='ocr_line' id='line_1_27' title="bbox 95 3135 1252 3228; baseline -0.001 -25"><span class='ocrx_word' id='word_1_209' title='bbox 95 3137 158 3228; x_wconf 81' lang='lat' dir='ltr'>ipsa</span> <span class='ocrx_word' id='word_1_210' title='bbox 179 3141 369 3208; x_wconf 86' lang='lat' dir='ltr'>intrinseca</span> <span class='ocrx_word' id='word_1_211' title='bbox 392 3139 528 3208; x_wconf 86' lang='lat' dir='ltr'>ratione</span> <span class='ocrx_word' id='word_1_212' title='bbox 551 3140 642 3207; x_wconf 76' lang='lat' dir='ltr'>ane</span> <span class='ocrx_word' id='word_1_213' title='bbox 663 3139 865 3222; x_wconf 84' lang='lat' dir='ltr'>necessarii,</span> <span class='ocrx_word' id='word_1_214' title='bbox 903 3147 1009 3228; x_wconf 87' lang='lat' dir='ltr'>atque</span> <span class='ocrx_word' id='word_1_215' title='bbox 1033 3137 1085 3204; x_wconf 90' lang='lat' dir='ltr'>ita</span> <span class='ocrx_word' id='word_1_216' title='bbox 1109 3135 1252 3205; x_wconf 87' lang='lat' dir='ltr'>veluta</span> 
     </span>
     <span class='ocr_line' id='line_1_28' title="bbox 95 3245 1042 3337; baseline 0 -25"><span class='ocrx_word' id='word_1_217' title='bbox 95 3246 190 3334; x_wconf 86' lang='lat' dir='ltr'>priori</span> <span class='ocrx_word' id='word_1_218' title='bbox 211 3247 287 3316; x_wconf 85' lang='lat' dir='ltr'>eius</span> <span class='ocrx_word' id='word_1_219' title='bbox 310 3246 451 3314; x_wconf 86' lang='lat' dir='ltr'>infinita</span> <span class='ocrx_word' id='word_1_220' title='bbox 474 3245 644 3337; x_wconf 82' lang='lat' dir='ltr'>perfectio</span> <span class='ocrx_word' id='word_1_221' title='bbox 668 3245 825 3334; x_wconf 81' lang='lat' dir='ltr'>intelligi</span> <span class='ocrx_word' id='word_1_222' title='bbox 848 3249 963 3334; x_wconf 86' lang='lat' dir='ltr'>potest</span> <span class='ocrx_word' id='word_1_223' title='bbox 978 3245 1042 3331; x_wconf 89' lang='lat'>(4).</span> 
     </span>
    </p>
   </div>
   <div class='ocr_carea' id='block_1_2' title="bbox 97 3443 1255 4504">
    <p class='ocr_par' dir='ltr' id='par_1_3' title="bbox 97 3443 1253 3700">
     <span class='ocr_line' id='line_1_29' title="bbox 147 3443 1253 3520; baseline -0.003 -20"><span class='ocrx_word' id='word_1_224' title='bbox 147 3445 186 3518; x_wconf 83' lang='lat' dir='ltr'>(l)</span> <span class='ocrx_word' id='word_1_225' title='bbox 198 3445 350 3517; x_wconf 74' lang='grc' dir='ltr'>Ἐπεβαλον</span> <span class='ocrx_word' id='word_1_226' title='bbox 373 3467 567 3520; x_wconf 73' lang='grc' dir='ltr'>στοχαστικως,</span> <span class='ocrx_word' id='word_1_227' title='bbox 589 3444 739 3508; x_wconf 64' lang='lat' dir='ltr'>airadum</span> <span class='ocrx_word' id='word_1_228' title='bbox 759 3467 815 3519; x_wconf 75' lang='grc' dir='ltr'>μεν,</span> <span class='ocrx_word' id='word_1_229' title='bbox 834 3467 905 3499; x_wconf 76' lang='grc' dir='ltr'>κατα</span> <span class='ocrx_word' id='word_1_230' title='bbox 924 3443 1096 3517; x_wconf 63' lang='lat' dir='ltr'>reponderare</span> <span class='ocrx_word' id='word_1_231' title='bbox 1117 3465 1162 3506; x_wconf 83' lang='grc' dir='ltr'>της</span> <span class='ocrx_word' id='word_1_232' title='bbox 1179 3443 1253 3515; x_wconf 73' lang='lat' dir='ltr'>simper</span> 
     </span>
     <span class='ocr_line' id='line_1_30' title="bbox 97 3529 1252 3606; baseline -0.001 -20"><span class='ocrx_word' id='word_1_233' title='bbox 97 3555 136 3588; x_wconf 78' lang='lat' dir='ltr'>aaa</span> <span class='ocrx_word' id='word_1_234' title='bbox 153 3536 209 3592; x_wconf 68' lang='lat' dir='ltr'>drea</span> <span class='ocrx_word' id='word_1_235' title='bbox 225 3559 320 3599; x_wconf 70' lang='lat' dir='ltr'>nom,</span> <span class='ocrx_word' id='word_1_236' title='bbox 340 3538 391 3592; x_wconf 76' lang='lat' dir='ltr'>dno</span> <span class='ocrx_word' id='word_1_237' title='bbox 410 3559 456 3596; x_wconf 86' lang='grc' dir='ltr'>της</span> <span class='ocrx_word' id='word_1_238' title='bbox 475 3536 555 3596; x_wconf 76' lang='grc' dir='ltr'><strong>αὐτος</strong></span> <span class='ocrx_word' id='word_1_239' title='bbox 577 3535 661 3590; x_wconf 79' lang='grc' dir='ltr'><strong>αὐτου</strong></span> <span class='ocrx_word' id='word_1_240' title='bbox 688 3535 782 3606; x_wconf 68' lang='grc' dir='ltr'>ψυχης</span> <span class='ocrx_word' id='word_1_241' title='bbox 812 3534 925 3597; x_wconf 79' lang='grc' dir='ltr'><strong><em>ἕκαστος</em></strong></span> <span class='ocrx_word' id='word_1_242' title='bbox 949 3533 1077 3605; x_wconf 76' lang='grc' dir='ltr'><strong><em>ζητησαι,</em></strong></span> <span class='ocrx_word' id='word_1_243' title='bbox 1099 3529 1119 3588; x_wconf 81' lang='lat' dir='ltr'>r&#39;r</span> <span class='ocrx_word' id='word_1_244' title='bbox 1141 3537 1252 3596; x_wconf 76' lang='grc' dir='ltr'>δυνατος</span> 
     </span>
     <span class='ocr_line' id='line_1_31' title="bbox 97 3621 789 3700; baseline 0.006 -25"><span class='ocrx_word' id='word_1_245' title='bbox 97 3623 164 3694; x_wconf 68' lang='lat' dir='ltr'>tepeo</span> <span class='ocrx_word' id='word_1_246' title='bbox 173 3649 194 3680; x_wconf 81' lang='grc' dir='ltr'>ι.</span> <span class='ocrx_word' id='word_1_247' title='bbox 202 3635 226 3679; x_wconf 85' lang='grc' dir='ltr'>λ.</span> <span class='ocrx_word' id='word_1_248' title='bbox 242 3627 302 3700; x_wconf 83' lang='lat' dir='ltr'>(Ol.</span> <span class='ocrx_word' id='word_1_249' title='bbox 316 3627 382 3680; x_wconf 77' lang='lat' dir='ltr'>Act.</span> <span class='ocrx_word' id='word_1_250' title='bbox 399 3627 494 3679; x_wconf 83' lang='lat' dir='ltr'>xvn.</span> <span class='ocrx_word' id='word_1_251' title='bbox 509 3627 554 3693; x_wconf 75' lang='lat'>27;</span> <span class='ocrx_word' id='word_1_252' title='bbox 572 3626 638 3694; x_wconf 83' lang='lat' dir='ltr'>Sep.</span> <span class='ocrx_word' id='word_1_253' title='bbox 652 3627 735 3679; x_wconf 86' lang='lat' dir='ltr'>XIII.</span> <span class='ocrx_word' id='word_1_254' title='bbox 747 3621 789 3696; x_wconf 82' lang='grc'>9.)</span> 
     </span>
    </p>

    <p class='ocr_par' dir='ltr' id='par_1_4' title="bbox 98 3713 1254 4055">
     <span class='ocr_line' id='line_1_32' title="bbox 150 3713 1252 3788; baseline -0.002 -19"><span class='ocrx_word' id='word_1_255' title='bbox 150 3713 188 3788; x_wconf 73' lang='lat' dir='ltr'>(t)</span> <span class='ocrx_word' id='word_1_256' title='bbox 203 3719 321 3772; x_wconf 77' lang='lat' dir='ltr'>Nomina</span> <span class='ocrx_word' id='word_1_257' title='bbox 340 3717 479 3781; x_wconf 73' lang='lat' dir='ltr'>coiceret,</span> <span class='ocrx_word' id='word_1_258' title='bbox 499 3719 532 3770; x_wconf 87' lang='lat' dir='ltr'>ut</span> <span class='ocrx_word' id='word_1_259' title='bbox 549 3731 601 3784; x_wconf 89' lang='lat' dir='ltr'>per</span> <span class='ocrx_word' id='word_1_260' title='bbox 619 3733 648 3769; x_wconf 87' lang='lat' dir='ltr'>se</span> <span class='ocrx_word' id='word_1_261' title='bbox 668 3719 764 3784; x_wconf 82' lang='lat' dir='ltr'>patet,</span> <span class='ocrx_word' id='word_1_262' title='bbox 785 3729 841 3768; x_wconf 87' lang='lat' dir='ltr'>non</span> <span class='ocrx_word' id='word_1_263' title='bbox 862 3715 952 3768; x_wconf 84' lang='lat' dir='ltr'>aulum</span> <span class='ocrx_word' id='word_1_264' title='bbox 973 3715 1153 3768; x_wconf 81' lang='lat' dir='ltr'>substantiae</span> <span class='ocrx_word' id='word_1_265' title='bbox 1173 3730 1252 3782; x_wconf 84' lang='lat' dir='ltr'>aspe-</span> 
     </span>
     <span class='ocr_line' id='line_1_33' title="bbox 98 3804 1252 3874; baseline 0.003 -19"><span class='ocrx_word' id='word_1_266' title='bbox 98 3807 210 3874; x_wconf 70' lang='lat' dir='ltr'>ehbilea,</span> <span class='ocrx_word' id='word_1_267' title='bbox 231 3807 279 3859; x_wconf 83' lang='lat' dir='ltr'>aad</span> <span class='ocrx_word' id='word_1_268' title='bbox 298 3823 333 3860; x_wconf 78' lang='lat' dir='ltr'>aa</span> <span class='ocrx_word' id='word_1_269' title='bbox 352 3805 447 3859; x_wconf 79' lang='lat' dir='ltr'>emnia</span> <span class='ocrx_word' id='word_1_270' title='bbox 465 3821 537 3873; x_wconf 87' lang='lat' dir='ltr'>qnae</span> <span class='ocrx_word' id='word_1_271' title='bbox 556 3806 587 3858; x_wconf 87' lang='lat' dir='ltr'>in</span> <span class='ocrx_word' id='word_1_272' title='bbox 607 3807 660 3858; x_wconf 85' lang='lat' dir='ltr'>hoe</span> <span class='ocrx_word' id='word_1_273' title='bbox 677 3804 777 3858; x_wconf 86' lang='lat' dir='ltr'>ordine</span> <span class='ocrx_word' id='word_1_274' title='bbox 795 3804 954 3871; x_wconf 74' lang='lat' dir='ltr'>cognItioni</span> <span class='ocrx_word' id='word_1_275' title='bbox 974 3805 1105 3871; x_wconf 84' lang='lat' dir='ltr'>subsunt,</span> <span class='ocrx_word' id='word_1_276' title='bbox 1121 3808 1151 3858; x_wconf 86' lang='lat' dir='ltr'>et</span> <span class='ocrx_word' id='word_1_277' title='bbox 1165 3806 1252 3858; x_wconf 87' lang='lat' dir='ltr'>nomi·</span> 
     </span>
     <span class='ocr_line' id='line_1_34' title="bbox 98 3893 1254 3965; baseline 0.003 -20"><span class='ocrx_word' id='word_1_278' title='bbox 98 3897 174 3948; x_wconf 77' lang='lat' dir='ltr'>ratim</span> <span class='ocrx_word' id='word_1_279' title='bbox 191 3898 269 3950; x_wconf 78' lang='lat' dir='ltr'>homo</span> <span class='ocrx_word' id='word_1_280' title='bbox 294 3897 357 3965; x_wconf 85' lang='lat' dir='ltr'>ipae</span> <span class='ocrx_word' id='word_1_281' title='bbox 382 3911 415 3949; x_wconf 76' lang='lat' dir='ltr'>ac</span> <span class='ocrx_word' id='word_1_282' title='bbox 434 3898 528 3950; x_wconf 82' lang='lat' dir='ltr'>anima</span> <span class='ocrx_word' id='word_1_283' title='bbox 546 3897 669 3950; x_wconf 83' lang='lat' dir='ltr'>humana</span> <span class='ocrx_word' id='word_1_284' title='bbox 687 3911 749 3948; x_wconf 84' lang='lat' dir='ltr'>eum</span> <span class='ocrx_word' id='word_1_285' title='bbox 773 3895 904 3949; x_wconf 83' lang='lat' dir='ltr'>omnibus</span> <span class='ocrx_word' id='word_1_286' title='bbox 930 3896 990 3948; x_wconf 84' lang='lat' dir='ltr'>auia</span> <span class='ocrx_word' id='word_1_287' title='bbox 1014 3893 1205 3948; x_wconf 74' lang='lat' dir='ltr'>facoltatibus</span> <span class='ocrx_word' id='word_1_288' title='bbox 1224 3898 1254 3948; x_wconf 87' lang='lat' dir='ltr'>et</span> 
     </span>
     <span class='ocr_line' id='line_1_35' title="bbox 98 3987 608 4055; baseline 0.008 -20"><span class='ocrx_word' id='word_1_289' title='bbox 98 3987 300 4042; x_wconf 71' lang='lat' dir='ltr'>necessitatibus</span> <span class='ocrx_word' id='word_1_290' title='bbox 318 3987 608 4055; x_wconf 85' lang='lat' dir='ltr'>comprehenduntur.</span> 
     </span>
    </p>

    <p class='ocr_par' dir='ltr' id='par_1_5' title="bbox 99 4057 1253 4323">
     <span class='ocr_line' id='line_1_36' title="bbox 148 4057 1250 4146; baseline 0 -18"><span class='ocrx_word' id='word_1_291' title='bbox 148 4072 185 4146; x_wconf 78' lang='grc'>(3)</span> <span class='ocrx_word' id='word_1_292' title='bbox 199 4078 371 4130; x_wconf 67' lang='lat' dir='ltr'>:Notionem</span> <span class='ocrx_word' id='word_1_293' title='bbox 390 4079 505 4144; x_wconf 83' lang='lat' dir='ltr'>appello</span> <span class='ocrx_word' id='word_1_294' title='bbox 524 4057 713 4144; x_wconf 58' lang='lat' dir='ltr'>quod&#39;Graeci</span> <span class='ocrx_word' id='word_1_295' title='bbox 732 4079 792 4128; x_wconf 87' lang='lat' dir='ltr'>tum</span> <span class='ocrx_word' id='word_1_296' title='bbox 807 4070 905 4128; x_wconf 72' lang='grc' dir='ltr'><strong>ἔννοιαν</strong></span> <span class='ocrx_word' id='word_1_297' title='bbox 920 4077 980 4126; x_wconf 85' lang='lat' dir='ltr'>tom</span> <span class='ocrx_word' id='word_1_298' title='bbox 995 4072 1127 4143; x_wconf 73' lang='grc' dir='ltr'>προληψιν</span> <span class='ocrx_word' id='word_1_299' title='bbox 1141 4073 1250 4142; x_wconf 77' lang='lat' dir='ltr'>dlount,</span> 
     </span>
     <span class='ocr_line' id='line_1_37' title="bbox 99 4160 1253 4237; baseline 0.002 -23"><span class='ocrx_word' id='word_1_300' title='bbox 99 4177 126 4214; x_wconf 77' lang='lat' dir='ltr'>aa</span> <span class='ocrx_word' id='word_1_301' title='bbox 140 4171 179 4218; x_wconf 79' lang='lat' dir='ltr'>eat</span> <span class='ocrx_word' id='word_1_302' title='bbox 195 4167 284 4220; x_wconf 78' lang='lat' dir='ltr'>insita</span> <span class='ocrx_word' id='word_1_303' title='bbox 302 4170 333 4219; x_wconf 83' lang='lat' dir='ltr'>et</span> <span class='ocrx_word' id='word_1_304' title='bbox 351 4169 419 4219; x_wconf 79' lang='lat' dir='ltr'>ante</span> <span class='ocrx_word' id='word_1_305' title='bbox 438 4171 573 4234; x_wconf 77' lang='lat' dir='ltr'>percepta</span> <span class='ocrx_word' id='word_1_306' title='bbox 590 4165 646 4237; x_wconf 84' lang='lat' dir='ltr'>(al.</span> <span class='ocrx_word' id='word_1_307' title='bbox 660 4160 830 4236; x_wconf 85' lang='lat' dir='ltr'>praecepta)</span> <span class='ocrx_word' id='word_1_308' title='bbox 848 4163 984 4230; x_wconf 85' lang='lat' dir='ltr'>cuiusque</span> <span class='ocrx_word' id='word_1_309' title='bbox 1003 4163 1109 4216; x_wconf 78' lang='lat' dir='ltr'>termae</span> <span class='ocrx_word' id='word_1_310' title='bbox 1128 4164 1253 4228; x_wconf 59' lang='lat' dir='ltr'>occultis</span> 
     </span>
     <span class='ocr_line' id='line_1_38' title="bbox 100 4253 740 4323; baseline 0.013 -19"><span class='ocrx_word' id='word_1_311' title='bbox 100 4253 259 4309; x_wconf 73' lang='lat' dir='ltr'>motationis</span> <span class='ocrx_word' id='word_1_312' title='bbox 276 4257 412 4322; x_wconf 70' lang='lat' dir='ltr'>indigena</span> <span class='ocrx_word' id='word_1_313' title='bbox 426 4278 438 4305; x_wconf 75' lang='lat' dir='ltr'><em>n</em></span> <span class='ocrx_word' id='word_1_314' title='bbox 454 4256 551 4310; x_wconf 77' lang='lat' dir='ltr'>(licere</span> <span class='ocrx_word' id='word_1_315' title='bbox 570 4256 666 4323; x_wconf 79' lang='lat' dir='ltr'>Topic.</span> <span class='ocrx_word' id='word_1_316' title='bbox 678 4271 702 4308; x_wconf 89' lang='lat' dir='ltr'>c.</span> <span class='ocrx_word' id='word_1_317' title='bbox 714 4257 740 4312; x_wconf 78' lang='grc'>7.</span> 
     </span>
    </p>

    <p class='ocr_par' dir='ltr' id='par_1_6' title="bbox 101 4341 1255 4504">
     <span class='ocr_line' id='line_1_39' title="bbox 150 4341 1255 4414; baseline 0 -19"><span class='ocrx_word' id='word_1_318' title='bbox 150 4341 188 4414; x_wconf 80' lang='grc'>(4)</span> <span class='ocrx_word' id='word_1_319' title='bbox 203 4345 272 4399; x_wconf 81' lang='lat' dir='ltr'>Post</span> <span class='ocrx_word' id='word_1_320' title='bbox 289 4360 324 4398; x_wconf 77' lang='lat' dir='ltr'>ea</span> <span class='ocrx_word' id='word_1_321' title='bbox 342 4361 416 4412; x_wconf 87' lang='lat' dir='ltr'>quac</span> <span class='ocrx_word' id='word_1_322' title='bbox 435 4345 571 4412; x_wconf 78' lang='lat' dir='ltr'>dlximua,</span> <span class='ocrx_word' id='word_1_323' title='bbox 592 4359 648 4396; x_wconf 88' lang='lat' dir='ltr'>non</span> <span class='ocrx_word' id='word_1_324' title='bbox 669 4359 739 4411; x_wconf 81' lang='lat' dir='ltr'>opus</span> <span class='ocrx_word' id='word_1_325' title='bbox 759 4347 804 4396; x_wconf 85' lang='lat' dir='ltr'>eat</span> <span class='ocrx_word' id='word_1_326' title='bbox 821 4345 856 4395; x_wconf 89' lang='lat' dir='ltr'>ut</span> <span class='ocrx_word' id='word_1_327' title='bbox 873 4343 977 4395; x_wconf 87' lang='lat' dir='ltr'>lterum</span> <span class='ocrx_word' id='word_1_328' title='bbox 996 4357 1166 4407; x_wconf 84' lang='lat' dir='ltr'>moneamus,</span> <span class='ocrx_word' id='word_1_329' title='bbox 1181 4341 1255 4395; x_wconf 83' lang='lat' dir='ltr'>hauc</span> 
     </span>
     <span class='ocr_line' id='line_1_40' title="bbox 101 4429 1253 4504; baseline -0.001 -20"><span class='ocrx_word' id='word_1_330' title='bbox 101 4431 306 4504; x_wconf 76' lang='lat' dir='ltr'>philosophicam</span> <span class='ocrx_word' id='word_1_331' title='bbox 324 4435 544 4502; x_wconf 83' lang='lat' dir='ltr'>inquisitionem</span> <span class='ocrx_word' id='word_1_332' title='bbox 563 4449 620 4489; x_wconf 88' lang='lat' dir='ltr'>non</span> <span class='ocrx_word' id='word_1_333' title='bbox 640 4450 735 4488; x_wconf 80' lang='lat' dir='ltr'>carere</span> <span class='ocrx_word' id='word_1_334' title='bbox 755 4433 867 4498; x_wconf 75' lang='lat' dir='ltr'>magnis</span> <span class='ocrx_word' id='word_1_335' title='bbox 887 4431 1115 4496; x_wconf 81' lang='lat' dir='ltr'>difficultatibus,</span> <span class='ocrx_word' id='word_1_336' title='bbox 1137 4435 1167 4484; x_wconf 85' lang='lat' dir='ltr'>ct</span> <span class='ocrx_word' id='word_1_337' title='bbox 1184 4429 1253 4484; x_wconf 86' lang='lat' dir='ltr'>iuda</span> 
     </span>
    </p>
   </div>
   <div class='ocr_carea' id='block_1_3' title="bbox 223 4537 1112 4596">
    <p class='ocr_par' dir='ltr' id='par_1_7' title="bbox 223 4537 1112 4596">
     <span class='ocr_line' id='line_1_41' title="bbox 223 4537 1112 4596; baseline -0.006 -2"><span class='ocrx_word' id='word_1_338' title='bbox 223 4544 378 4596; x_wconf 60' lang='lat' dir='ltr'>romelia</span> <span class='ocrx_word' id='word_1_339' title='bbox 1095 4537 1112 4589; x_wconf 80' lang='lat' dir='ltr'>&#39;i</span> 
     </span>
    </p>
   </div>
   <div class='ocr_carea' id='block_1_4' title="bbox 0 0 1709 5056">
    <p class='ocr_par' dir='ltr' id='par_1_8' title="bbox 0 0 1709 5056">
     <span class='ocr_line' id='line_1_42' title="bbox 0 0 1709 5056; baseline 0 0"><span class='ocrx_word' id='word_1_340' title='bbox 0 0 1709 5056; x_wconf 95' lang='lat' dir='ltr'> </span> 
     </span>
    </p>
   </div>
  </div>
 </body>
</html>
