3394 5056
591 359 630 375 -
650 328 691 392 sp
711 361 749 376 -

100 455 165 502 ran
168 483 233 501 .....
259 432 378 502 Habet
399 431 495 500 Dens
526 431 728 501 testimonia
761 438 873 503 totum
906 433 971 503 hoc
1002 435 1253 526 quodsum,

99 549 127 608 et
144 541 179 608 in
193 565 260 634 quo
285 563 450 610 sumnam
469 539 513 607 In
535 540 680 609 eundem
704 563 843 610 sensum
865 541 1024 633 loquitur
1046 544 1257 614 Lactantius

98 648 209 736 (divin.
223 648 376 720 institl.
387 648 438 718 11.
448 673 478 718 o.
489 649 551 738 8.).
571 648 687 717 «Cum
700 671 833 740 sapere,
848 649 885 718 id
897 657 953 720 est
963 655 1140 720 ceritatem
1156 676 1257 744 qaae·

97 781 157 822 rae
171 759 326 827 omnibns
348 762 397 826 ait
420 761 590 839 innatam,
608 757 814 848 sapientiam
831 757 899 826 sibi
914 757 1085 846 adlmunt,
1105 759 1258 851 quisine

94 864 156 933 ullo
177 866 312 937 iudicio
336 868 478 934 inventa
499 869 667 932 maiorum
685 866 849 958 probant,
868 879 900 932 et
924 869 966 934 ab
990 868 1075 935 aliia
1095 867 1259 957 pecudum

95 997 172 1040 nore
186 974 395 1043 ‹incantus-,n
406 972 517 1042 Aliud
532 973 635 1063 longe
658 979 724 1058 est,
747 975 838 1066 quod
853 975 978 1044 Patres
993 976 1186 1066 complures
1207 977 1259 1046 di·

96 1102 160 1148 cere
182 1080 309 1166 solent,
335 1081 431 1171 ipsos
454 1078 679 1169 philosophos
703 1079 853 1168 gentiles
875 1080 920 1149 ad
944 1082 1176 1172 cognitionem
1192 1084 1258 1152 Dei

95 1191 278 1278 perfectius
301 1187 523 1257 excolendam
545 1187 710 1255 habuisse
725 1185 934 1258 adiutricem
950 1189 1144 1260 doctrinam
1159 1216 1257 1263 reve·

94 1295 191 1364 letam
214 1320 259 1366 ex
283 1297 396 1366 saeris
417 1295 520 1364 libris
543 1296 586 1362 ab
609 1295 660 1363 eis
684 1294 889 1384 delibatam;
917 1319 1124 1391 quamquam
1146 1301 1257 1392 philo·

95 1401 185 1492 sophi
207 1427 284 1472 eam
307 1402 501 1472 doctrinam
524 1423 593 1470 non
621 1423 715 1493 uper
737 1401 875 1470 modum
898 1403 1013 1472 fidei»
1043 1407 1259 1498 recipiebant

95 1509 146 1578 aed
168 1534 230 1600 per
253 1509 391 1578 modum
414 1507 664 1599 philosophiae,
691 1514 862 1600 quatenus
884 1512 1019 1580 ratione
1036 1535 1110 1582 eam
1126 1515 1257 1584 intelli·

96 1616 228 1703 gebant,
253 1617 433 1708 multoque
455 1615 570 1684 minus
593 1637 636 1684 ex
659 1636 700 1684 ea
722 1615 869 1706 primam
893 1617 1089 1689 hauserunt
1110 1621 1176 1690 Dei
1199 1644 1256 1690 no·

96 1723 215 1794 titiam
242 1723 423 1815 Quidquid
438 1746 522 1792 vero
545 1723 587 1791 de
611 1723 675 1791 hoc
691 1745 843 1809 censeas,
862 1725 1008 1794 certain
1031 1727 1151 1796 citatis
1168 1728 1254 1798 locis

96 1827 290 1922 Scripturas
305 1833 404 1901 Rom.
423 1831 454 1900 I.
473 1831 556 1921 Sap.
574 1830 679 1900 XIII.
698 1832 781 1902 Act.
798 1831 898 1902 XIV.
917 1833 1036 1903 XVII.
1057 1836 1258 1906 manifesta·

97 1937 140 2004 tio
160 1939 225 2010 Dei
239 1943 277 2010 in
293 1940 467 2010 creaturis
486 1945 664 2030 spectatur
683 1939 939 2010 «obumbrante
955 1947 1090 2010 tantam
1106 1944 1258 2014 domina·

98 2045 214 2117 tionem
236 2048 452 2132 idololatria,
472 2073 489 2110 n
507 2053 611 2138 atque
626 2047 678 2116 ita
693 2047 824 2116 rationi
841 2070 902 2138 per
918 2071 954 2117 ec
969 2057 1144 2140 spectatae
1160 2075 1257 2142 prae·

99 2151 214 2224 cisione
236 2157 332 2226 facta
347 2177 369 2222 a
385 2153 541 2224 subsidio
554 2154 733 2224 doctrinae
745 2154 923 2226 revelatae
941 2155 1035 2226 vires
1051 2165 1258 2229 asseruntur

102 2265 130 2327 et
149 2263 291 2334 officium
315 2285 438 2332 verum
459 2262 525 2332 Dei
549 2261 793 2352 cognoscendi.

560 2447 713 2519 CAPUT
735 2449 786 2518 H.

172 2601 212 2648 D!
228 2599 386 2648 connata
405 2599 619 2646 amatam
638 2599 866 2652 ammomum
883 2599 918 2646 nt
935 2599 1169 2648 ΙΧΡΏῘΟΔΉΟῺ

491 2689 631 2734 moenum
651 2689 842 2734 moerentem.

559 2821 703 2882 THESIS
724 2822 779 2882 Vl.

171 2935 384 3000 conuentione
400 2938 528 3010 Patres,
549 2955 591 3000 ea
604 2939 873 3016 manifestatione
890 2936 953 3000 Dei
967 2937 1004 2998 in
1017 2940 1178 3000 creaturis

133 3053 213 3114 pesse
225 3039 398 3118 perveniri
413 3040 535 3100 lamine
555 3039 698 3098 rationis
721 3037 765 3097 ad
782 3040 927 3115 primam
947 3039 1103 3098 notitiam
1123 3045 1154 3098 et
1174 3037 1218 3100 ad

277 3139 506 3215 ampolitiorem
531 3138 751 3214 capnitionem
771 3138 968 3198 eminentiae
992 3135 1064 3197 Dei.

157 3273 341 3328 elioetrinam
359 3273 392 3326 in
411 3271 570 3340 Scriptnris
594 3269 731 3324 tradltam
756 3268 790 3322 de
810 3270 863 3323 Dei
882 3271 946 3324 seri
970 3271 1130 3325 existentla
1147 3271 1256 3327 lumina

107 3362 238 3416 meionis
255 3363 348 3416 insito
366 3360 561 3428 cognoscenda
571 3361 672 3414 Patres
690 3361 880 3426 Doctorcsque
899 3359 1075 3413 christianae
1092 3360 1255 3430 antianta·

106 3451 164 3504 »tn
178 3455 359 3507 consensione
376 3453 499 3506 maxima
517 3452 719 3516 excoluerunt;
742 3465 777 3502 ax
791 3461 886 3502 eorum
905 3451 980 3502 anim
997 3449 1173 3503 documentis
1194 3465 1257 3504 con·

107 3559 117 3584 ι
131 3545 183 3594 stat
194 3544 345 3597 communis
358 3543 428 3596 haee
445 3557 540 3595 eornm
554 3541 717 3594 sententia:
732 3539 758 3591 1·
772 3553 807 3591 ex
826 3540 979 3606 spectabili
992 3539 1045 3593 hoc
1059 3539 1196 3594 universo
1207 3540 1258 3594 ha·

106 3643 214 3684 ’mnae
232 3633 342 3686 ntioni
357 3631 483 3685 relucere
497 3631 550 3684 Dei
563 3629 844 3694 manifestationem
865 3629 892 3680 2·
905 3628 979 3682 hano
991 3627 1256 3681 manifestationem

107 3718 294 3786 orationisque
311 3719 371 3771 rim
384 3717 503 3772 insitam
524 3717 568 3770 ita
589 3730 650 3770 asse
672 3717 871 3783 comparatam,
889 3717 922 3766 nt
941 3716 972 3767 in
990 3715 1113 3767 omnium
1134 3716 1254 3782 animis,

107 3805 172 3870 ¹strui
187 3809 306 3862 rationis
325 3823 407 3860 usum
427 3807 536 3860 habent
559 3804 741 3872 expeditum,
764 3805 867 3857 saltem
888 3803 1007 3857 coriosa
1028 3803 1127 3870 alique
1142 3803 1195 3856 Dei
1214 3819 1255 3858 co·

107 3893 210 3955 ²tuitio
227 3911 262 3948 ex
277 3897 343 3963 ipsa
361 3897 448 3949 obvia
463 3896 595 3949 universi
612 3893 841 3948 consideratione
860 3892 943 3946 velut
957 3895 1059 3958 sponte
1075 3905 1127 3949 sua
1147 3892 1257 3946 oborie-

108 3983 184 4046 ·tur;
203 3983 229 4034 3·
241 3981 277 4035 ad
293 3983 368 4036 hanc
392 3982 571 4050 primitivam
590 3981 782 4048 cognitionem
802 3977 994 4045 excolendam,
1009 3981 1042 4030 nt
1060 3979 1175 4045 planior
1193 3994 1256 4032 eva·

108 4083 118 4108 ι
130 4063 171 4116 det
181 4069 209 4120 et
217 4067 393 4133 distinctior,
405 4071 466 4121 tum
475 4067 616 4121 obiectise
630 4066 755 4132 vestigia
764 4066 818 4119 Dei
829 4065 861 4118 in
874 4065 1014 4120 creaturis
1025 4067 1085 4118 tnm
1096 4065 1255 4120 subieoiiva

108 4153 211 4210 dunen
226 4157 350 4210 rationis
370 4171 429 4210 non
452 4156 560 4210 deesse.
575 4177 589 4206 s

158 4294 185 4365 Ι.
209 4297 383 4381 Quamdiu
417 4297 578 4370 doctrina
599 4296 642 4366 de
663 4296 729 4365 Dei
751 4295 1032 4365 manifestatione
1063 4319 1125 4388 par
1157 4288 1254 4386 aspe-

107 4401 213 4474 ctabile
232 4404 298 4476 hoo
321 4405 527 4476 universnm
549 4403 663 4475 solum
685 4403 879 4495 generatim
894 4409 1085 4497 spectatur,
1103 4425 1144 4474 oo
1164 4403 1256 4514 apud
