3230 5072
524 413 561 428 ..
583 382 643 444 397
664 415 702 430 -

19 487 103 558 llam
115 509 160 558 aa
174 487 347 579 imprimis
362 511 430 558 non
442 493 497 559 est
509 487 697 558 multitudo
709 487 823 577 finita;
838 509 948 580 neque
961 484 1052 556 euim
1063 484 1195 579 aliquis

18 594 112 664 limes
128 601 200 681 est,
220 595 317 664 ultra
332 617 433 687 quem
448 618 517 664 non
533 595 582 664 sit
597 595 694 665 aliud
711 594 886 686 possibile.
901 594 1022 687 Neque
1037 598 1092 663 cst
1106 593 1193 662 mul-

17 702 129 772 titudo
160 703 347 774 indefinita
378 703 454 773 eive
477 702 618 772 infinita
641 703 678 770 in
702 703 871 794 potentia.
896 703 972 772 Hoc
1000 701 1092 772 enim
1115 699 1193 769 infi-

16 811 127 879 nitum
153 811 194 880 in
217 811 375 902 potentia
399 812 455 882 vel
478 811 623 882 realiter
638 820 693 882 eet
708 812 843 905 aliquid
859 812 998 880 finitum
1021 810 1193 902 habetque

15 941 113 985 soum
139 918 330 987 terminum
354 917 537 1009 ultimum,
563 919 621 988 cni
643 917 740 987 aliud
764 924 800 986 et
821 917 920 988 aliud
950 940 1083 1009 semper
1111 917 1193 987 addi

15 1031 141 1114 potest,
161 1048 231 1118 quo
253 1025 352 1096 modo
374 1026 515 1096 infinite
529 1025 567 1094 in
583 1026 742 1117 potantia
757 1033 812 1096 est
834 1025 1025 1095 multitudo
1048 1025 1192 1095 realiter

13 1131 116 1201 simul
141 1133 383 1222 existentium,
402 1133 460 1203 vel
474 1141 530 1204 est
551 1133 688 1226 aliquid
710 1133 944 1218 indefinitum,
965 1131 1056 1225 quod
1079 1138 1192 1202 mente

12 1237 217 1328 concipitur
238 1240 380 1308 confuse
411 1239 524 1309 mains
547 1239 673 1332 quovis
701 1261 843 1308 numero
874 1238 1124 1323 determinato,
1151 1243 1193 1307 ιιι

13 1342 256 1413 mathematici
278 1351 462 1414 assumunt
492 1345 710 1438 quantitates
732 1345 905 1414 infinitas.
930 1343 981 1414 At
1003 1345 1097 1415 Deus
1120 1343 1191 1413 sin·

13 1449 173 1538 gilletim
203 1451 384 1542 possibilia
415 1453 568 1544 concipit
596 1452 709 1522 multe
731 1453 894 1539 nonita,
920 1451 1056 1522 utalia
1087 1457 1191 1544 atquc

13 1558 81 1626 alia
97 1560 138 1628 in
156 1560 234 1629 einr
250 1566 418 1651 conceptu
433 1561 516 1631 addi
531 1561 679 1652 possint,
697 1561 757 1631 sed
772 1560 926 1652 concipit
940 1560 1042 1652 plane
1062 1560 1187 1646 omnia,

14 1675 110 1736 extra
136 1691 227 1762 quae
250 1673 288 1738 et
310 1667 409 1739 ultra
431 1691 519 1763 quae
541 1669 632 1738 nihil
656 1677 710 1739 est
732 1669 909 1761 possibile:
938 1691 1001 1739 nec
1023 1691 1065 1740 ea
1086 1667 1189 1738 intel·
1217 1712 1223 1727 .

14 1773 94 1864 ligit
109 1776 259 1845 confuse
273 1783 450 1869 tamquam
467 1775 728 1846 multitudinem
745 1777 907 1846 maiorem
924 1778 1017 1846 omni
1032 1797 1187 1860 numero,

16 1907 109 1972 quem
136 1885 214 1976 ipse
229 1887 324 1955 Dens
348 1886 522 1976 concipiat
537 1885 715 1973 distinote;
735 1885 795 1955 sed
812 1885 915 1954 immo
932 1883 1191 1976 comprehendit

15 2013 49 2058 ee
68 1992 340 2064 distinctissime
363 1993 489 2080 omnia,
507 1993 604 2063 ultra
627 2015 716 2087 quae
740 1991 832 2062 nihil
849 2003 914 2079 est,
933 1993 1024 2086 quod
1038 2013 1189 2084 compre-

17 2096 116 2168 hendi
134 2100 260 2190 possit.
280 2101 383 2171 Siout
398 2123 482 2192 ergo
501 2101 722 2192 «sapientiae
738 2101 816 2171 eius
829 2124 899 2170 non
915 2109 969 2171 eet
985 2121 1151 2170 numerus
1170 2127 1186 2162 n

16 2203 66 2273 Pe.
87 2205 250 2278 CXLVI.
274 2210 307 2297 ὃς
333 2209 385 2278 ita
408 2231 538 2293 eorum,
565 2231 652 2301 quse
674 2207 850 2300 intelligit
872 2215 908 2278 et
930 2205 1190 2300 comprehendit

16 2311 173 2404 singola,
200 2323 242 2384 ut
264 2324 380 2386 essent
406 2317 443 2384 in
468 2337 504 2384 se
526 2315 633 2407 ipeie,
660 2316 692 2385 si
722 2315 1016 2406 producerentur,
1042 2322 1190 2386 nonest

16 2441 177 2492 numerus
201 2422 261 2492 sed
284 2423 441 2492 extensio
464 2429 500 2493 et
522 2423 713 2492 multitudo
736 2423 889 2492 infinita.
918 2422 1049 2492 «Illud
1072 2428 1188 2492 autem

17 2526 127 2614 alind,
154 2530 247 2623 quod
269 2531 412 2616 dicunt,
438 2553 501 2601 nec
523 2531 589 2600 Dei
612 2531 779 2618 scientie,
805 2553 893 2622 qnae
920 2531 1061 2600 infinita
1084 2537 1186 2616 sunt,

19 2657 107 2723 posse
132 2637 376 2730 comprehendi
393 2645 443 2727 (et
458 2639 536 2709 ideo
550 2641 669 2710 eadem
685 2661 817 2730 semper
831 2647 988 2730 tempora
1002 2645 1039 2709 et
1054 2639 1188 2708 eaedem

18 2763 153 2814 numero
175 2745 442 2816 vicissitudines
465 2767 656 2834 recurrere,
675 2770 718 2817 ne
740 2747 814 2816 sint
837 2746 988 2832 infinita,
1014 2767 1103 2838 quae
1125 2768 1189 2815 nac

19 2843 102 2919 Deus
126 2857 246 2942 posset
268 2851 581 2944 comprehendere),
607 2860 718 2924 restet
740 2855 804 2940 eis,
830 2861 872 2923 ιιι
894 2854 1008 2924 dicere
1037 2852 1189 2922 audeant
1313 2921 1317 2930 ,

18 2963 111 3050 atque
137 2959 222 3029 huic
246 2983 282 3029 se
313 2960 477 3052 voragini
506 2962 701 3052 profundae
731 2962 926 3054 impietatis
957 2963 1184 3052 immergant,

20 3067 100 3156 quod
115 3091 186 3136 non
202 3091 319 3137 omnes
340 3091 502 3138 numeros
518 3069 613 3138 Deus
629 3071 781 3140 noverit.
799 3069 869 3140 Eos
884 3070 1014 3163 quippo
1029 3071 1188 3140 infinitos

20 3193 81 3244 esse
104 3175 341 3246 certissimum
363 3182 419 3245 eet
422 3227 490 3246 .....
516 3177 680 3248 Infinitae
702 3179 823 3272 itaque
845 3178 1000 3263 numeri,
1026 3178 1188 3271 quamvis

20 3277 227 3353 infinitorum
251 3306 471 3354 numerorum
495 3286 617 3355 nullus
640 3287 689 3356 eit
708 3309 885 3372 numerus,
904 3309 972 3355 non
995 3291 1188 3355 esttamen

21 3385 370 3482 incomprehensibilis
385 3393 431 3477 ei,
448 3393 550 3462 cuius
572 3393 831 3485 intelligentiae
854 3407 923 3463 non
939 3401 994 3464 est
1007 3416 1185 3462 numerus.

22 3491 231 3590 Quapropter
261 3498 292 3566 ai
315 3499 487 3592 quidquid
518 3499 665 3571 scientie
695 3500 1017 3592 comprehenditur,
1043 3499 1188 3570 scientis

22 3605 311 3694 comprehensione
333 3605 458 3676 finitur
481 3607 532 3694 (h.
558 3631 589 3677 e.
613 3609 665 3677 ita
688 3609 1006 3699 comprehenditur,
1033 3618 1074 3678 ut
1096 3607 1187 3678 nihil

23 3708 60 3776 eit
73 3719 183 3798 extra,
201 3713 295 3781 nihil
310 3724 487 3784 remaneat
510 3715 607 3786 ultra
630 3717 1012 3808 comprehendendum);
1032 3717 1187 3806 profecto

23 3821 176 3891 oomnis
198 3821 359 3892 infinitae
383 3825 531 3917 quodam
554 3825 728 3896 ineffabili
752 3827 850 3896 modo
872 3827 944 3895 Deo
977 3826 1079 3894 finita
1100 3831 1184 3894 estc

25 3923 52 3993 i.
64 3929 155 4020 Aug.
172 3927 252 3998 Giv.
266 3929 332 3999 Dei
343 3931 428 4001 ΧΠ.
444 3931 501 4002 18.

74 4036 170 4108 Inter
191 4037 392 4130 theologos,
418 4041 481 4133 qui
510 4041 692 4111 declarant
713 4049 749 4111 et
770 4043 920 4132 probant
950 4040 1181 4126 obiectorum,

27 4161 96 4225 quae
109 4145 204 4214 Deus
220 4147 400 4236 cognoscit
423 4148 570 4218 scientia
586 4148 709 4217 saltem
726 4149 897 4240 simplicis
912 4147 1183 4238 intelligentiae,

29 4265 86 4314 uec
106 4253 365 4323 multitudinem
388 4253 564 4325 infinitam
588 4263 681 4342 actu,
700 4279 769 4325 non
785 4258 908 4349 utique
931 4261 1013 4324 actu
1035 4255 1185 4324 existen·

29 4350 100 4420 tium
121 4357 179 4426 aed
201 4367 285 4428 actu
306 4363 539 4452 cognitorum,
565 4364 794 4434 consulantur
818 4364 854 4434 S.
868 4363 1018 4433 Thomas
1031 4363 1063 4432 1.
1077 4388 1111 4456 q.
1128 4361 1183 4431 14.

31 4461 110 4532 alt.
127 4465 205 4536 coll.
216 4465 251 4537 d.
263 4493 296 4560 q.
309 4467 364 4538 10.
377 4491 410 4540 a.
421 4469 455 4558 ὃς
470 4471 512 4542 de
527 4473 632 4544 verit.
644 4497 678 4564 q.
689 4472 723 4542 2.
738 4497 771 4543 a.
782 4471 815 4562 93
831 4478 923 4544 cont.
933 4478 1029 4564 gent.
1041 4471 1067 4540 l.
1081 4495 1112 4542 c.
1127 4470 1183 4559 ee,
