3280 5070
637 335 675 349 -
695 303 757 363 627
778 335 815 348 -

211 407 305 477 Haeo
328 430 405 477 eum
429 407 478 476 sit
499 406 770 478 Massiliensium
794 408 954 478 doctrine
976 429 998 475 a
1020 408 1189 498 Prospero
1205 409 1316 478 etHi-

140 517 234 586 lario
256 516 295 585 in
317 515 393 585 suis
415 515 549 586 litteris
574 516 617 585 ad
640 517 884 606 Augustinum
907 516 1085 607 exposite,
1111 516 1180 586 iem
1211 517 1316 587 faoile

140 625 257 712 patet,
283 641 420 690 sensum
444 621 588 690 eundem
612 621 752 690 subesse
775 620 1001 705 difficultati,
1027 641 1130 712 quem
1168 621 1316 712 Prosper

139 753 179 796 n.
197 729 231 797 8.
250 727 413 821 proponit
435 727 647 798 diluendam.
668 755 684 792 ιι
702 727 798 796 Illud
815 727 920 796 etiam
940 727 1093 820 qualiter
1111 727 1312 798 diluatur...

140 836 368 922 demonstres,
395 836 527 930 quod...
553 837 710 927 priorum
732 859 840 928 paene
864 837 1017 905 omnium
1040 859 1104 927 par
1134 836 1318 908 invenitur

139 952 179 1015 et
195 967 266 1014 uua
281 947 455 1015 sententia
471 946 588 1035 (iuxta
603 945 828 1015 assertionem
839 945 1139 1032 Massiliensium),
1156 967 1226 1038 qua
1240 970 1317 1038 pro·

138 1053 295 1144 positum
310 1059 346 1123 et
361 1053 714 1144 praedestinationem
740 1054 806 1123 Dei
833 1053 1024 1123 seeundum
1050 1055 1316 1145 praeseientiem

138 1167 388 1253 receperunt...
408 1161 491 1254 quia
506 1161 608 1230 finem
624 1161 898 1253 uniuscuiusque
909 1161 1126 1252 praeviderit
1142 1162 1201 1250 (ad
1217 1185 1316 1255 quem

139 1269 247 1338 finem
269 1268 307 1337 in
331 1275 428 1339 statu
451 1268 588 1359 gratiae
616 1269 762 1361 quisque
792 1267 1007 1337 iustificatns
1037 1268 1220 1358 pertingat
1241 1291 1317 1359 per-

139 1375 333 1446 severando
356 1375 493 1446 viribus
516 1381 663 1445 naturae
690 1373 834 1460 insitis,
866 1377 957 1444 unde
986 1397 1064 1444 enm
1096 1375 1199 1444 finem
1221 1376 1317 1446 Deus

132 1482 354 1574 praevidisse
375 1488 513 1552 tentum
535 1505 604 1552 non
626 1481 731 1552 etiam
754 1481 882 1550 donare
903 1481 1063 1569 dieitur),
1089 1486 1126 1552 et
1149 1483 1213 1552 sub
1236 1507 1316 1573 gra·

139 1591 215 1660 tiss
246 1590 420 1660 adiutorio
449 1591 487 1658 in
511 1612 580 1682 qua
602 1591 748 1660 futurus
778 1595 871 1660 esset
893 1588 1078 1660 voluntate
1111 1596 1148 1659 et
1180 1591 1316 1660 satione

137 1699 395 1790 praescierit.»
421 1699 596 1769 Voluntas
619 1698 757 1768 scilieet
779 1699 868 1768 bona
890 1703 928 1768 et
950 1698 1043 1767 aetio
1067 1699 1242 1768 sufficiens
1271 1699 1315 1768 ad

138 1807 291 1877 salutem
313 1829 356 1876 ex
379 1807 554 1877 sententia
577 1807 682 1876 etiam
704 1805 977 1876 Massiliensium
999 1827 1069 1875 non
1093 1811 1147 1876 est
1168 1807 1238 1876 nisi
1254 1831 1316 1899 per

137 1913 356 1985 adiutorium
367 1914 517 2004 gratiae,
532 1936 620 2007 quae
632 1935 700 1999 res,
716 1919 758 1982 nt
772 1912 931 2005 loquitur
946 1914 1172 2004 Augustinus
1186 1915 1312 1985 Praed.

139 2020 207 2091 SS.
227 2045 261 2090 n.
282 2022 315 2107 2,
340 2021 530 2112 plurimum
561 2044 618 2090 eos
641 2043 663 2089 e
685 2019 954 2110 Pelagianornm
983 2043 1099 2090 errore
1130 2021 1312 2109 dissernit5

137 2133 295 2199 attamen
318 2129 409 2198 hano
431 2127 651 2198 voluntatem
673 2133 710 2197 et
731 2126 901 2196 sotionem
922 2127 1044 2195 bonam
1060 2128 1237 2218 praeverti
1254 2152 1315 2219 pu·

138 2237 267 2307 tabant
288 2236 361 2307 alia
383 2235 566 2306 voluntate
589 2237 690 2321 bone,
716 2256 804 2328 quae
827 2257 896 2303 non
919 2234 969 2303 sit
991 2235 1157 2325 agretia,
1176 2242 1316 2329 atquae

139 2344 297 2436 gratiam
320 2345 404 2413 bene
433 2342 600 2434 operandi
631 2342 753 2412 saltem
780 2342 822 2411 de
846 2365 998 2432 eongrno
1028 2348 1215 2413 mereatur.
1241 2345 1316 2414 Hoo

137 2457 261 2522 autem
277 2451 387 2538 modo,
405 2450 592 2542 subiungit
604 2449 830 2542 Augustinus
847 2451 894 2519 ib.
913 2473 948 2521 n.
968 2451 1001 2537 3,
1024 2477 1040 2514 ι
1058 2473 1127 2519 non
1138 2451 1315 2522 receditur

137 2561 189 2631 ab
204 2579 244 2630 ea
259 2558 473 2629 sententia...
496 2559 648 2648 gratiam
664 2559 729 2628 Dei
744 2559 932 2628 seeundum
948 2557 1073 2626 merite
1087 2564 1209 2628 nostra
1223 2559 1312 2645 dari,

138 2669 177 2739 si
198 2689 266 2736 non
281 2667 434 2758 pertinet
448 2666 493 2735 ed
507 2667 573 2736 Dei
591 2664 856 2758 gratiam'qnod
880 2665 1018 2736 eredere
1041 2667 1235 2756 coepimus,
1255 2669 1315 2736 sed

138 2774 235 2845 illud
252 2774 379 2866 potius,
398 2773 489 2866 quod
504 2779 646 2864 propter
662 2774 725 2844 hoa
742 2773 841 2842 nobis
856 2773 1011 2858 additur,
1032 2779 1072 2842 ut
1086 2773 1224 2865 plenius
1238 2796 1312 2865 per-

138 2881 339 2974 feetiusque
362 2879 552 2968 eradamus
578 2903 619 2949 ao
641 2902 703 2972 per
717 2879 782 2949 hoe
797 2878 940 2948 initium
955 2879 1038 2948 fidei
1059 2885 1199 2950 nostrae
1221 2880 1313 2971 prio-

141 3013 201 3060 res
216 2989 338 3058 damus
353 2987 436 3073 Deo,
455 2992 498 3056 ut
512 2987 731 3058 retribuatur
746 2987 845 3057 nobis
861 2991 897 3056 et
909 2987 1183 3078 supplementum
1201 2988 1310 3058 eius.»

212 3095 312 3179 Quod
335 3093 367 3163 si
389 3094 448 3164 hio
470 3100 525 3164 est
546 3095 767 3166 difficultatis
790 3117 923 3181 sensus,
949 3099 1065 3185 patet,
1091 3099 1183 3164 totos
1205 3094 1313 3164 libros

141 3206 231 3275 duos
242 3201 437 3293 Augustini
453 3203 495 3271 de
509 3201 726 3273 Prasdestin.
740 3203 804 3274 SS.
820 3209 857 3272 et
870 3202 911 3272 de
920 3203 1017 3271 Dono
1032 3225 1205 3294 persever.
1220 3201 1312 3271 nihil

141 3335 218 3384 esse
248 3309 370 3395 uliud,
403 3332 505 3403 quem
527 3312 783 3402 responsionem
805 3312 849 3380 ed
877 3310 1038 3401 singulas
1060 3315 1179 3401 partes
1201 3309 1313 3401 ipsius

140 3419 249 3490 lunius
280 3416 521 3506 difficultatis3
546 3422 643 3509 patet
678 3418 803 3505 etiam,
829 3419 1033 3489 nominatim
1056 3417 1173 3489 verbis
1208 3441 1313 3510 supra

143 3525 330 3617 desoriptis
352 3548 393 3596 ex
416 3549 451 3596 n.
471 3526 527 3595 27.
545 3524 589 3595 de
601 3524 723 3595 Praed.
743 3525 807 3595 SS.
826 3528 870 3596 ad
891 3525 1032 3596 eandem
1047 3525 1259 3618 responderi;
1277 3513 1334 3595 st

144 3640 254 3728 patet,
279 3633 402 3703 merito
424 3633 550 3704 ibidem
572 3633 816 3724 Augustinum
839 3657 1000 3705 recusare
1022 3655 1165 3704 examen
1192 3632 1313 3722 singu·

144 3745 258 3814 larum
282 3741 534 3812 sententiarum
557 3741 702 3811 Petrum
724 3742 1001 3814 antecedentium
1024 3742 1061 3810 in
1084 3740 1245 3812 doctrino
1271 3739 1313 3810 de

145 3851 277 3943 gratia,
305 3877 320 3914 ιι
339 3848 422 3942 quia
445 3847 502 3918 illi
525 3847 565 3917 cle
586 3851 708 3940 pratia
724 3849 790 3919 Dei
806 3851 890 3943 quid
906 3850 1088 3934 sentirent,
1107 3847 1261 3918 breviter
1277 3852 1314 3916 et

144 3963 367 4030 transeunter
379 3955 584 4048 quibusdam
596 3955 805 4047 seriptorunr
816 3979 957 4028 suorum
972 3955 1059 4027 loeis
1071 3954 1308 4050 adtigernnt.r

663 4285 793 4304 *fi
