3464 5058
915 391 952 406 ..
973 361 1034 420 000
1055 393 1092 408 ..

424 457 529 525 etiam
553 459 590 526 in
613 481 664 542 eo,
690 463 780 552 qnod
797 491 812 524 a
830 485 897 530 non
921 471 976 532 est
997 464 1170 534 intentum
1194 463 1251 534 vel
1276 471 1455 534 musetum
1478 465 1580 534 clleo

424 567 483 635 sed
507 567 617 636 solum
642 570 852 659 praescitum
872 577 912 657 n)
935 573 1009 662 ipse
1033 573 1116 642 ordo
1140 573 1470 663 praedestinationis
1490 573 1583 640 habet

423 674 647 744 infallibilem
670 678 928 761 certitudinem,
955 703 1017 749 neo
1040 688 1154 748 tamen
1172 702 1278 750 cansa
1295 682 1452 772 proxima
1466 679 1582 748 salutis

424 783 608 854 ordinatur
616 785 660 853 ad
672 807 745 854 eam
759 789 953 856 necessario
965 788 1024 858 sed
1037 790 1292 880 contingenter,
1304 789 1440 858 scilicet
1447 788 1582 856 liberum

423 891 612 958 arbitrium
628 895 705 982 (per
720 894 872 982 gratiam
885 903 922 964 et
933 896 998 964 sub
1011 896 1157 984 gratia).
1172 895 1273 978 Quod
1289 895 1354 966 boc
1371 895 1467 964 modo
1481 903 1584 985 potest

424 998 649 1068 considerari.
675 1000 880 1071 Invenimus
903 1003 993 1071 euim
1018 1003 1170 1072 ordinem
1186 1003 1459 1094 compossibilem
1481 1023 1583 1092 respe-

423 1112 482 1174 ctu
499 1105 649 1176 alterius
672 1109 875 1198 dupliciter.
902 1111 980 1179 Uno
1003 1111 1118 1195 modo,
1144 1110 1181 1178 in
1205 1117 1373 1202 quantum
1397 1131 1469 1178 uua
1490 1130 1584 1178 causa

422 1211 617 1302 singularis
640 1215 802 1305 producit
825 1218 985 1286 effectum
1003 1240 1105 1285 suum
1121 1239 1163 1284 ex
1184 1217 1304 1286 ordine
1319 1216 1462 1286 divinae
1479 1216 1584 1307 prori-

421 1320 572 1408 dentiae;
590 1322 661 1392 alio
675 1323 784 1406 modo,
803 1325 940 1416 quando
956 1348 996 1394 ex
1015 1347 1187 1394 concursu
1199 1347 1384 1394 causarum
1401 1323 1584 1392 multarum

422 1430 696 1520 contingentium
721 1439 757 1500 et
780 1433 924 1503 deficere
949 1434 1166 1524 possibilium
1192 1433 1328 1525 (quales
1343 1433 1401 1502 hio
1416 1440 1501 1502 sunt
1514 1452 1585 1522 gra·

420 1535 507 1622 tiae)
530 1535 736 1624 pervenitur
759 1537 803 1604 ad
827 1561 932 1606 unum
950 1539 1125 1622 effectum,
1145 1559 1291 1628 quarum
1317 1557 1586 1628 unamquamque

421 1644 514 1712 Deus
529 1645 670 1714 ordinat
684 1647 729 1714 ad
741 1647 1016 1716 consecutionem
1027 1649 1173 1716 effectus
1184 1647 1258 1716 loco
1271 1648 1348 1716 eius
1359 1669 1449 1738 qnae
1461 1645 1585 1729 deficit,

419 1752 475 1820 vel
493 1775 535 1820 ne
552 1752 666 1821 altera
681 1753 833 1839 deliciat3
853 1754 946 1822 sicut
957 1754 1158 1822 videmus...
1173 1753 1307 1822 salvari
1323 1753 1585 1843 perpetuitatem

420 1859 547 1949 speciei
559 1860 682 1928 diviua
694 1861 1047 1950 providentistalitsr
1056 1861 1388 1952 gubernante,qnod
1400 1883 1470 1929 non
1480 1858 1585 1928 omnia

419 1965 585 2034 deficiant
600 1989 669 2034 nno
685 1967 877 2053 deficiente,
896 1974 931 2036 et
947 1967 1011 2038 hoo
1027 1969 1125 2038 modo
1143 1969 1245 2036 estin
1258 1968 1584 2058 praedestinatione.

420 2073 583 2141 Liberum
607 2075 698 2140 euim
723 2076 909 2144 arbitrium
935 2078 1021 2161 (snb
1044 2077 1185 2165 gratia)
1202 2076 1346 2145 delicere
1370 2083 1488 2165 potest
1503 2096 1524 2142 a
1538 2096 1587 2140 aa·

419 2182 511 2264 lnte,
537 2188 654 2250 tamen
677 2182 713 2248 iu
737 2204 777 2250 eo
801 2206 898 2274 quem
921 2185 1016 2252 Deus
1046 2183 1283 2274 praedestinat
1315 2183 1391 2270 (ubi
1416 2205 1501 2276 ergo
1524 2185 1586 2250 iam

418 2291 627 2380 supponitur
643 2297 719 2359 tota
741 2290 848 2360 series
877 2293 1073 2380 gratiarum
1093 2292 1281 2361 secundum
1309 2291 1414 2382 paulo
1438 2297 1521 2358 suta
1535 2289 1585 2357 de·

419 2397 586 2466 claretum
628 2398 834 2467 obiectivum
871 2399 1164 2470 infallibilitatem
1195 2399 1503 2490 praedestinata),
1538 2403 1587 2464 tot

418 2505 490 2574 alia
517 2505 730 2574 adminicula
756 2515 1011 2597 praeparantur
1037 2507 1274 2595 (continentur
1304 2508 1341 2575 in
1374 2507 1466 2576 serie
1496 2525 1585 2595 prae·

418 2613 620 2700 destinata),
647 2613 738 2704 quod
762 2615 820 2682 vel
842 2638 909 2683 uon
933 2617 1054 2700 cadat,
1082 2615 1138 2685 vel
1162 2616 1193 2683 si
1218 2616 1340 2700 cadat,
1365 2617 1458 2706 quod
1482 2638 1587 2684 resur·

418 2725 503 2809 gat,
534 2720 626 2789 sicut
656 2719 915 2790 exhortationes
945 2727 981 2792 et
1010 2723 1184 2812 suffragia
1214 2722 1433 2805 orationum,
1466 2722 1585 2790 donum

417 2828 555 2917 gratiae
578 2834 614 2896 at
636 2829 709 2896 alia
731 2828 945 2912 huiusmodi,
972 2829 1099 2922 quibus
1122 2831 1215 2899 Deua
1239 2829 1517 2898 adminiculatur
1539 2828 1586 2914 (in

416 2935 657 3018 exsecutione,
684 2959 771 3026 quae
794 2959 928 3026 semper
950 2937 1134 3026 respondet
1156 2935 1272 3004 ordini
1303 2934 1585 3025 praedestinatio·

416 3042 485 3127 uis)
510 3043 640 3109 homini
664 3043 708 3112 ad
731 3043 879 3112 salutem
894 3043 958 3130 (l).
985 3043 1024 3110 Si
1047 3065 1131 3132 ergo
1154 3029 1408 3112 consideremus
1439 3042 1584 3110 salutem

415 3155 574 3238 respectu
599 3171 722 3218 causae
745 3151 921 3239 proximae
945 3149 1081 3219 scilicet
1096 3150 1200 3218 liberi
1216 3149 1370 3231 arbitrii,
1393 3170 1462 3216 uon
1488 3147 1586 3216 habet

416 3255 660 3324 certitudinem
697 3255 755 3324 sed
785 3255 1084 3345 contingentiam
1118 3262 1277 3344 respectu
1309 3262 1427 3324 autem
1463 3274 1585 3322 causae

415 3360 558 3450 primae,
585 3383 673 3452 quae
696 3368 750 3430 est
773 3361 1046 3451 praedestinatio
1070 3362 1224 3453 (quaein
1241 3367 1353 3430 mente
1369 3359 1497 3428 diviua
1511 3381 1583 3428 cum

415 3473 574 3556 respectu
598 3469 640 3535 ad
665 3490 766 3536 usum
797 3469 900 3537 liberi
932 3469 1075 3536 arbitrii
1107 3469 1144 3537 in
1168 3468 1363 3557 gratiarum
1397 3465 1489 3534 serie
1520 3465 1583 3534 iam

415 3575 624 3664 supponitur
647 3581 683 3642 et
705 3581 760 3644 est
782 3575 977 3664 completa),
1003 3576 1110 3644 habat
1132 3575 1392 3645 certitudinem.

481 3683 548 3750 His
571 3683 758 3752 declaratis
783 3691 880 3773 patet
902 3676 1079 3774 responsio
1102 3683 1146 3752 sd
1176 3683 1413 3752 obiectionem.
1440 3683 1478 3752 S.
1499 3681 1583 3751 'Pho-

415 3813 488 3859 mas
510 3790 569 3860 hio
594 3791 699 3859 siout.
710 3791 797 3858 alibi
820 3813 951 3881 semper
974 3792 1170 3860 considerat
1185 3791 1533 3881 praedestinationem
1548 3789 1582 3856 iu

413 3897 592 3988 complexu
609 3897 746 3986 gratiae
769 3903 805 3964 et
827 3899 972 3987 gloriae,
992 3921 1059 3966 non
1076 3904 1191 3967 autem
1209 3897 1288 3987 agit
1303 3897 1345 3966 de
1361 3897 1480 3966 ordine
1496 3897 1581 3988 prio·

413 4005 465 4072 ris
487 4011 552 4073 aut
574 4005 779 4095 posterioris
802 4005 895 4074 inter
919 4012 1104 4096 utrumque
1129 4005 1331 4074 beneficium
1353 4003 1581 4094 praedestina·

480 4286 529 4364 (1)'
540 4291 628 4345 Vides
642 4307 677 4345 ex
699 4293 745 4346 bia
765 4291 904 4358 omuibus,
929 4305 1012 4359 quarn
1036 4289 1187 4344 evidenter
1206 4289 1579 4366 S.1homasexcludrteer·

413 4379 576 4446 titudinem,
600 4397 671 4448 quac
685 4381 796 4434 oriatur
815 4395 850 4432 ax
863 4381 1022 4434 intrinseca
1035 4383 1139 4434 natura
1150 4383 1180 4432 at
1191 4379 1314 4432 antiteta
1331 4379 1511 4444 singularum
1524 4391 1580 4442 gra

414 4471 529 4526 tiaram.
543 4469 647 4524 (louisr
657 4471 700 4524 tlr.
712 4471 817 4524 xn111.
832 4485 861 4522 n.
872 4471 896 4523 1.
