<?xml version="1.0" encoding="UTF-8"?>
<!DOCTYPE html PUBLIC "-//W3C//DTD XHTML 1.0 Transitional//EN"
    "http://www.w3.org/TR/xhtml1/DTD/xhtml1-transitional.dtd">
<html xmlns="http://www.w3.org/1999/xhtml" xml:lang="en" lang="en">
 <head>
  <title>
</title>
<meta http-equiv="Content-Type" content="text/html;charset=utf-8" />
  <meta name='ocr-system' content='tesseract 3.04.00' />
  <meta name='ocr-capabilities' content='ocr_page ocr_carea ocr_par ocr_line ocrx_word'/>
</head>
<body>
  <div class='ocr_page' id='page_1' title='image "./ioannisbaptfran01frangoog_0214.png"; bbox 0 0 3240 5064; ppageno 0'>
   <div class='ocr_carea' id='block_1_1' title="bbox 64 307 1242 1033">
    <p class='ocr_par' dir='ltr' id='par_1_1' title="bbox 64 307 1242 1033">
     <span class='ocr_line' id='line_1_1' title="bbox 552 307 731 365; baseline 0 -1"><span class='ocrx_word' id='word_1_1' title='bbox 552 339 589 350; x_wconf 92' lang='lat'>-</span> <span class='ocrx_word' id='word_1_2' title='bbox 614 307 672 365; x_wconf 81' lang='lat'>197</span> <span class='ocrx_word' id='word_1_3' title='bbox 695 335 731 348; x_wconf 92' lang='lat'>-</span> 
     </span>
     <span class='ocr_line' id='line_1_2' title="bbox 68 408 1225 500; baseline -0.001 -26"><span class='ocrx_word' id='word_1_4' title='bbox 68 415 117 474; x_wconf 79' lang='lat' dir='ltr'>tae</span> <span class='ocrx_word' id='word_1_5' title='bbox 131 429 167 476; x_wconf 85' lang='lat' dir='ltr'>eo</span> <span class='ocrx_word' id='word_1_6' title='bbox 182 414 293 493; x_wconf 83' lang='lat' dir='ltr'>retae,</span> <span class='ocrx_word' id='word_1_7' title='bbox 310 432 379 476; x_wconf 91' lang='lat' dir='ltr'>non</span> <span class='ocrx_word' id='word_1_8' title='bbox 395 409 493 477; x_wconf 83' lang='lat' dir='ltr'>eliud</span> <span class='ocrx_word' id='word_1_9' title='bbox 512 417 674 499; x_wconf 79' lang='lat' dir='ltr'>poterant</span> <span class='ocrx_word' id='word_1_10' title='bbox 695 409 894 498; x_wconf 85' lang='lat' dir='ltr'>intelligere</span> <span class='ocrx_word' id='word_1_11' title='bbox 912 430 1014 500; x_wconf 85' lang='lat' dir='ltr'>qnam</span> <span class='ocrx_word' id='word_1_12' title='bbox 1030 409 1095 476; x_wconf 88' lang='lat' dir='ltr'>hoc</span> <span class='ocrx_word' id='word_1_13' title='bbox 1111 408 1225 497; x_wconf 83' lang='lat' dir='ltr'>ipsum</span> 
     </span>
     <span class='ocr_line' id='line_1_3' title="bbox 66 504 1242 602; baseline 0 -22"><span class='ocrx_word' id='word_1_14' title='bbox 66 513 180 582; x_wconf 91' lang='lat' dir='ltr'>donum</span> <span class='ocrx_word' id='word_1_15' title='bbox 203 514 262 583; x_wconf 90' lang='lat' dir='ltr'>vel</span> <span class='ocrx_word' id='word_1_16' title='bbox 285 515 511 600; x_wconf 85' lang='lat' dir='ltr'>adiutorium,</span> <span class='ocrx_word' id='word_1_17' title='bbox 531 516 612 584; x_wconf 90' lang='lat' dir='ltr'>dnm</span> <span class='ocrx_word' id='word_1_18' title='bbox 628 515 704 584; x_wconf 88' lang='lat' dir='ltr'>illis</span> <span class='ocrx_word' id='word_1_19' title='bbox 720 517 962 584; x_wconf 83' lang='lat' dir='ltr'>necessitatem</span> <span class='ocrx_word' id='word_1_20' title='bbox 987 516 1129 580; x_wconf 78' lang='lat' dir='ltr'>luminis</span> <span class='ocrx_word' id='word_1_21' title='bbox 1151 504 1242 602; x_wconf 52' lang='lat' dir='ltr'>pio?</span> 
     </span>
     <span class='ocr_line' id='line_1_4' title="bbox 66 621 1225 714; baseline 0.003 -29"><span class='ocrx_word' id='word_1_22' title='bbox 66 625 131 687; x_wconf 81' lang='lat' dir='ltr'>riae</span> <span class='ocrx_word' id='word_1_23' title='bbox 146 644 206 712; x_wconf 86' lang='lat' dir='ltr'>pro</span> <span class='ocrx_word' id='word_1_24' title='bbox 221 621 458 714; x_wconf 82' lang='lat' dir='ltr'>intellectuali</span> <span class='ocrx_word' id='word_1_25' title='bbox 470 630 597 692; x_wconf 81' lang='lat' dir='ltr'>natura</span> <span class='ocrx_word' id='word_1_26' title='bbox 614 624 825 713; x_wconf 79' lang='lat' dir='ltr'><strong>negantibus</strong></span> <span class='ocrx_word' id='word_1_27' title='bbox 837 623 998 691; x_wconf 75' lang='lat' dir='ltr'><strong>Pontifex</strong></span> <span class='ocrx_word' id='word_1_28' title='bbox 1016 623 1105 690; x_wconf 80' lang='lat' dir='ltr'>hanc</span> <span class='ocrx_word' id='word_1_29' title='bbox 1121 643 1225 710; x_wconf 84' lang='lat' dir='ltr'>nege-</span> 
     </span>
     <span class='ocr_line' id='line_1_5' title="bbox 66 729 1225 820; baseline 0.002 -26"><span class='ocrx_word' id='word_1_30' title='bbox 66 729 182 798; x_wconf 78' lang='lat' dir='ltr'><strong>tionem</strong></span> <span class='ocrx_word' id='word_1_31' title='bbox 212 729 470 798; x_wconf 85' lang='lat' dir='ltr'>eondemnevit.</span> <span class='ocrx_word' id='word_1_32' title='bbox 498 729 667 812; x_wconf 79' lang='lat' dir='ltr'>Quemvis</span> <span class='ocrx_word' id='word_1_33' title='bbox 698 730 813 820; x_wconf 85' lang='lat' dir='ltr'>igitur</span> <span class='ocrx_word' id='word_1_34' title='bbox 846 731 1102 798; x_wconf 84' lang='lat' dir='ltr'>controversiae</span> <span class='ocrx_word' id='word_1_35' title='bbox 1137 750 1225 820; x_wconf 86' lang='lat' dir='ltr'>qnee</span> 
     </span>
     <span class='ocr_line' id='line_1_6' title="bbox 64 836 1225 927; baseline 0.002 -25"><span class='ocrx_word' id='word_1_36' title='bbox 64 843 155 904; x_wconf 84' lang='lat' dir='ltr'>erent</span> <span class='ocrx_word' id='word_1_37' title='bbox 177 837 271 905; x_wconf 83' lang='lat' dir='ltr'>inter</span> <span class='ocrx_word' id='word_1_38' title='bbox 287 837 468 927; x_wconf 84' lang='lat' dir='ltr'>theologos</span> <span class='ocrx_word' id='word_1_39' title='bbox 492 836 682 906; x_wconf 76' lang='lat' dir='ltr'>catholicos</span> <span class='ocrx_word' id='word_1_40' title='bbox 699 837 884 906; x_wconf 83' lang='lat' dir='ltr'>denatura</span> <span class='ocrx_word' id='word_1_41' title='bbox 902 843 938 905; x_wconf 92' lang='lat' dir='ltr'>et</span> <span class='ocrx_word' id='word_1_42' title='bbox 953 836 1225 927; x_wconf 74' lang='lat' dir='ltr'>proprietatibus</span> 
     </span>
     <span class='ocr_line' id='line_1_7' title="bbox 65 941 1225 1033; baseline 0.003 -25"><span class='ocrx_word' id='word_1_43' title='bbox 65 941 160 1010; x_wconf 89' lang='lat' dir='ltr'>huius</span> <span class='ocrx_word' id='word_1_44' title='bbox 174 943 333 1028; x_wconf 88' lang='lat' dir='ltr'>luminis,</span> <span class='ocrx_word' id='word_1_45' title='bbox 352 967 413 1033; x_wconf 91' lang='lat' dir='ltr'>per</span> <span class='ocrx_word' id='word_1_46' title='bbox 430 945 535 1012; x_wconf 82' lang='lat' dir='ltr'>istem</span> <span class='ocrx_word' id='word_1_47' title='bbox 550 943 786 1012; x_wconf 88' lang='lat' dir='ltr'>definitionem</span> <span class='ocrx_word' id='word_1_48' title='bbox 810 967 877 1012; x_wconf 91' lang='lat' dir='ltr'>non</span> <span class='ocrx_word' id='word_1_49' title='bbox 898 945 1115 1031; x_wconf 79' lang='lat' dir='ltr'>decidantur3</span> <span class='ocrx_word' id='word_1_50' title='bbox 1134 943 1225 1012; x_wconf 93' lang='lat' dir='ltr'>illud</span> 
     </span>
    </p>
   </div>
   <div class='ocr_carea' id='block_1_2' title="bbox 62 1049 1278 1786">
    <p class='ocr_par' dir='ltr' id='par_1_2' title="bbox 62 1049 1278 1786">
     <span class='ocr_line' id='line_1_8' title="bbox 65 1049 1224 1142; baseline 0.002 -26"><span class='ocrx_word' id='word_1_51' title='bbox 65 1049 176 1118; x_wconf 85' lang='lat' dir='ltr'>saitem</span> <span class='ocrx_word' id='word_1_52' title='bbox 199 1050 327 1142; x_wconf 89' lang='lat' dir='ltr'>inquo</span> <span class='ocrx_word' id='word_1_53' title='bbox 350 1049 488 1119; x_wconf 81' lang='lat' dir='ltr'>scholae</span> <span class='ocrx_word' id='word_1_54' title='bbox 512 1072 628 1117; x_wconf 89' lang='lat' dir='ltr'>omnes</span> <span class='ocrx_word' id='word_1_55' title='bbox 652 1049 924 1134; x_wconf 80' lang='lat' dir='ltr'>consentiebant,</span> <span class='ocrx_word' id='word_1_56' title='bbox 943 1050 1145 1120; x_wconf 80' lang='lat' dir='ltr'>authentice</span> <span class='ocrx_word' id='word_1_57' title='bbox 1168 1050 1224 1118; x_wconf 91' lang='lat' dir='ltr'>de·</span> 
     </span>
     <span class='ocr_line' id='line_1_9' title="bbox 64 1155 1224 1247; baseline 0.001 -24"><span class='ocrx_word' id='word_1_58' title='bbox 64 1156 225 1226; x_wconf 81' lang='lat' dir='ltr'>claretum</span> <span class='ocrx_word' id='word_1_59' title='bbox 242 1165 309 1241; x_wconf 88' lang='lat' dir='ltr'>est,</span> <span class='ocrx_word' id='word_1_60' title='bbox 328 1157 406 1225; x_wconf 84' lang='lat' dir='ltr'>dari</span> <span class='ocrx_word' id='word_1_61' title='bbox 423 1179 542 1247; x_wconf 87' lang='lat' dir='ltr'>nempe</span> <span class='ocrx_word' id='word_1_62' title='bbox 558 1155 674 1226; x_wconf 89' lang='lat' dir='ltr'>lumen</span> <span class='ocrx_word' id='word_1_63' title='bbox 698 1157 834 1246; x_wconf 79' lang='lat' dir='ltr'>gloriae</span> <span class='ocrx_word' id='word_1_64' title='bbox 856 1163 1035 1247; x_wconf 83' lang='lat' dir='ltr'>tamquam</span> <span class='ocrx_word' id='word_1_65' title='bbox 1060 1178 1224 1246; x_wconf 83' lang='lat' dir='ltr'>superne-</span> 
     </span>
     <span class='ocr_line' id='line_1_10' title="bbox 63 1264 1222 1356; baseline 0 -24"><span class='ocrx_word' id='word_1_66' title='bbox 63 1265 168 1332; x_wconf 85' lang='lat' dir='ltr'>tnrsle</span> <span class='ocrx_word' id='word_1_67' title='bbox 190 1264 419 1348; x_wconf 78' lang='lat' dir='ltr'>adiutorium,</span> <span class='ocrx_word' id='word_1_68' title='bbox 438 1286 506 1356; x_wconf 91' lang='lat' dir='ltr'>quo</span> <span class='ocrx_word' id='word_1_69' title='bbox 521 1265 638 1332; x_wconf 85' lang='lat' dir='ltr'>enims</span> <span class='ocrx_word' id='word_1_70' title='bbox 661 1264 822 1333; x_wconf 85' lang='lat' dir='ltr'>elevetur</span> <span class='ocrx_word' id='word_1_71' title='bbox 836 1265 880 1333; x_wconf 86' lang='lat' dir='ltr'>ed</span> <span class='ocrx_word' id='word_1_72' title='bbox 897 1265 1084 1334; x_wconf 90' lang='lat' dir='ltr'>videndum</span> <span class='ocrx_word' id='word_1_73' title='bbox 1099 1265 1222 1332; x_wconf 88' lang='lat' dir='ltr'>Deum.</span> 
     </span>
     <span class='ocr_line' id='line_1_11' title="bbox 63 1369 1224 1461; baseline -0.002 -23"><span class='ocrx_word' id='word_1_74' title='bbox 63 1370 237 1439; x_wconf 76' lang='lat' dir='ltr'>Praeterea</span> <span class='ocrx_word' id='word_1_75' title='bbox 261 1369 326 1439; x_wconf 90' lang='lat' dir='ltr'>hoc</span> <span class='ocrx_word' id='word_1_76' title='bbox 349 1371 475 1460; x_wconf 87' lang='lat' dir='ltr'>ipsum,</span> <span class='ocrx_word' id='word_1_77' title='bbox 494 1370 765 1461; x_wconf 79' lang='lat' dir='ltr'>praescindendo</span> <span class='ocrx_word' id='word_1_78' title='bbox 788 1371 893 1438; x_wconf 84' lang='lat' dir='ltr'>etiem</span> <span class='ocrx_word' id='word_1_79' title='bbox 909 1393 930 1437; x_wconf 87' lang='grc' dir='ltr'>ι</span> <span class='ocrx_word' id='word_1_80' title='bbox 946 1371 1142 1460; x_wconf 81' lang='lat' dir='ltr'>theologico</span> <span class='ocrx_word' id='word_1_81' title='bbox 1159 1393 1224 1438; x_wconf 90' lang='lat' dir='ltr'>usu</span> 
     </span>
     <span class='ocr_line' id='line_1_12' title="bbox 62 1475 1225 1570; baseline 0.005 -28"><span class='ocrx_word' id='word_1_82' title='bbox 62 1475 228 1570; x_wconf 87' lang='lat' dir='ltr'>loquendi,</span> <span class='ocrx_word' id='word_1_83' title='bbox 248 1479 357 1546; x_wconf 86' lang='lat' dir='ltr'>verbe</span> <span class='ocrx_word' id='word_1_84' title='bbox 378 1481 457 1568; x_wconf 86' lang='lat' dir='ltr'>ipsa</span> <span class='ocrx_word' id='word_1_85' title='bbox 474 1477 689 1546; x_wconf 89' lang='lat' dir='ltr'>definitionis</span> <span class='ocrx_word' id='word_1_86' title='bbox 705 1477 758 1545; x_wconf 82' lang='lat' dir='ltr'>ite</span> <span class='ocrx_word' id='word_1_87' title='bbox 775 1479 869 1548; x_wconf 81' lang='lat' dir='ltr'>clere</span> <span class='ocrx_word' id='word_1_88' title='bbox 892 1479 1091 1564; x_wconf 88' lang='lat' dir='ltr'>enuntient,</span> <span class='ocrx_word' id='word_1_89' title='bbox 1111 1485 1152 1546; x_wconf 92' lang='lat' dir='ltr'>nt</span> <span class='ocrx_word' id='word_1_90' title='bbox 1166 1477 1225 1548; x_wconf 88' lang='lat' dir='ltr'>hic</span> 
     </span>
     <span class='ocr_line' id='line_1_13' title="bbox 62 1583 1278 1678; baseline 0.002 -28"><span class='ocrx_word' id='word_1_91' title='bbox 62 1583 131 1652; x_wconf 86' lang='lat' dir='ltr'>eins</span> <span class='ocrx_word' id='word_1_92' title='bbox 152 1607 273 1654; x_wconf 84' lang='lat' dir='ltr'>sensns</span> <span class='ocrx_word' id='word_1_93' title='bbox 303 1585 427 1675; x_wconf 80' lang='lat' dir='ltr'>negari</span> <span class='ocrx_word' id='word_1_94' title='bbox 458 1608 526 1654; x_wconf 91' lang='lat' dir='ltr'>non</span> <span class='ocrx_word' id='word_1_95' title='bbox 549 1585 661 1675; x_wconf 78' lang='lat' dir='ltr'>possit</span> <span class='ocrx_word' id='word_1_96' title='bbox 683 1583 746 1672; x_wconf 84' lang='lat'>(1).</span> <span class='ocrx_word' id='word_1_97' title='bbox 780 1585 936 1676; x_wconf 85' lang='lat' dir='ltr'>Legendi</span> <span class='ocrx_word' id='word_1_98' title='bbox 959 1593 1043 1654; x_wconf 87' lang='lat' dir='ltr'>eunt</span> <span class='ocrx_word' id='word_1_99' title='bbox 1064 1587 1224 1678; x_wconf 83' lang='lat' dir='ltr'>Vesquez</span> <span class='ocrx_word' id='word_1_100' title='bbox 1274 1627 1278 1640; x_wconf 84' lang='lat'><strong>·</strong></span> 
     </span>
     <span class='ocr_line' id='line_1_14' title="bbox 62 1689 1222 1786; baseline 0.004 -28"><span class='ocrx_word' id='word_1_101' title='bbox 62 1689 144 1779; x_wconf 90' lang='lat' dir='ltr'>disp.</span> <span class='ocrx_word' id='word_1_102' title='bbox 156 1691 211 1762; x_wconf 79' lang='lat'>42.</span> <span class='ocrx_word' id='word_1_103' title='bbox 222 1717 254 1763; x_wconf 87' lang='lat' dir='ltr'>e.</span> <span class='ocrx_word' id='word_1_104' title='bbox 268 1693 302 1779; x_wconf 79' lang='lat'>23</span> <span class='ocrx_word' id='word_1_105' title='bbox 316 1693 496 1782; x_wconf 84' lang='lat' dir='ltr'>Hiquaeus</span> <span class='ocrx_word' id='word_1_106' title='bbox 513 1693 550 1761; x_wconf 92' lang='lat' dir='ltr'>in</span> <span class='ocrx_word' id='word_1_107' title='bbox 566 1699 787 1762; x_wconf 77' lang='lat' dir='ltr'>commentar.</span> <span class='ocrx_word' id='word_1_108' title='bbox 801 1694 845 1761; x_wconf 85' lang='lat' dir='ltr'>ad</span> <span class='ocrx_word' id='word_1_109' title='bbox 862 1693 1002 1762; x_wconf 88' lang='lat' dir='ltr'>Scotum</span> <span class='ocrx_word' id='word_1_110' title='bbox 1016 1694 1122 1780; x_wconf 92' lang='lat' dir='ltr'>(inter</span> <span class='ocrx_word' id='word_1_111' title='bbox 1134 1695 1222 1786; x_wconf 91' lang='lat' dir='ltr'>Opp.</span> 
     </span>
    </p>
   </div>
   <div class='ocr_carea' id='block_1_3' title="bbox 60 1947 1224 4441">
    <p class='ocr_par' dir='ltr' id='par_1_3' title="bbox 60 1947 1224 4441">
     <span class='ocr_line' id='line_1_15' title="bbox 118 1947 1224 2022; baseline -0.001 -19"><span class='ocrx_word' id='word_1_112' title='bbox 118 1949 158 2022; x_wconf 85' lang='lat'>(1)</span> <span class='ocrx_word' id='word_1_113' title='bbox 175 1953 277 2006; x_wconf 78' lang='lat' dir='ltr'>Solent</span> <span class='ocrx_word' id='word_1_114' title='bbox 295 1952 423 2005; x_wconf 71' lang='lat' dir='ltr'>accueui</span> <span class='ocrx_word' id='word_1_115' title='bbox 446 1951 555 2016; x_wconf 86' lang='lat' dir='ltr'>Scotns,</span> <span class='ocrx_word' id='word_1_116' title='bbox 577 1949 731 2002; x_wconf 86' lang='lat' dir='ltr'>Durandus</span> <span class='ocrx_word' id='word_1_117' title='bbox 750 1953 780 2000; x_wconf 90' lang='grc' dir='ltr'>ιι</span> <span class='ocrx_word' id='word_1_118' title='bbox 800 1951 887 2003; x_wconf 88' lang='lat' dir='ltr'>stiam</span> <span class='ocrx_word' id='word_1_119' title='bbox 898 1949 1039 2002; x_wconf 79' lang='lat' dir='ltr'>Aureolus</span> <span class='ocrx_word' id='word_1_120' title='bbox 1059 1947 1108 2021; x_wconf 87' lang='lat' dir='ltr'>(ci.</span> <span class='ocrx_word' id='word_1_121' title='bbox 1120 1951 1224 2003; x_wconf 84' lang='lat' dir='ltr'>Sueree</span> 
     </span>
     <span class='ocr_line' id='line_1_16' title="bbox 64 2035 1224 2108; baseline 0 -16"><span class='ocrx_word' id='word_1_122' title='bbox 64 2041 80 2092; x_wconf 93' lang='lat' dir='ltr'>i.</span> <span class='ocrx_word' id='word_1_123' title='bbox 91 2057 113 2092; x_wconf 84' lang='lat' dir='ltr'>e.</span> <span class='ocrx_word' id='word_1_124' title='bbox 126 2057 152 2093; x_wconf 89' lang='lat' dir='ltr'>n.</span> <span class='ocrx_word' id='word_1_125' title='bbox 166 2045 196 2108; x_wconf 63' lang='grc' dir='ltr'>ις</span> <span class='ocrx_word' id='word_1_126' title='bbox 221 2042 353 2095; x_wconf 81' lang='lat' dir='ltr'>&#39;l&#39;oletum</span> <span class='ocrx_word' id='word_1_127' title='bbox 370 2040 401 2092; x_wconf 90' lang='lat' dir='ltr'>in</span> <span class='ocrx_word' id='word_1_128' title='bbox 422 2041 447 2092; x_wconf 91' lang='lat'>1.</span> <span class='ocrx_word' id='word_1_129' title='bbox 464 2057 491 2108; x_wconf 88' lang='lat' dir='ltr'>q.</span> <span class='ocrx_word' id='word_1_130' title='bbox 507 2041 550 2093; x_wconf 74' lang='lat'>12.</span> <span class='ocrx_word' id='word_1_131' title='bbox 564 2057 590 2093; x_wconf 87' lang='lat' dir='ltr'>a.</span> <span class='ocrx_word' id='word_1_132' title='bbox 603 2040 629 2092; x_wconf 86' lang='lat'>5.</span> <span class='ocrx_word' id='word_1_133' title='bbox 645 2042 770 2093; x_wconf 85' lang='lat' dir='ltr'>conclus.</span> <span class='ocrx_word' id='word_1_134' title='bbox 783 2035 839 2108; x_wconf 93' lang='lat'>1.),</span> <span class='ocrx_word' id='word_1_135' title='bbox 862 2041 912 2106; x_wconf 91' lang='lat' dir='ltr'>qui</span> <span class='ocrx_word' id='word_1_136' title='bbox 936 2041 1108 2106; x_wconf 68' lang='lat' dir='ltr'>negaverint</span> <span class='ocrx_word' id='word_1_137' title='bbox 1132 2045 1224 2093; x_wconf 77' lang='lat' dir='ltr'>lemen</span> 
     </span>
     <span class='ocr_line' id='line_1_17' title="bbox 63 2116 1224 2198; baseline 0.004 -19"><span class='ocrx_word' id='word_1_138' title='bbox 63 2133 172 2194; x_wconf 58' lang='lat' dir='ltr'>,rorem</span> <span class='ocrx_word' id='word_1_139' title='bbox 193 2130 249 2184; x_wconf 71' lang='lat' dir='ltr'>sse</span> <span class='ocrx_word' id='word_1_140' title='bbox 267 2129 576 2194; x_wconf 72' lang='lat' dir='ltr'>lurcoruseuoeneet</span> <span class='ocrx_word' id='word_1_141' title='bbox 595 2133 621 2182; x_wconf 87' lang='lat' dir='ltr'>e.</span> <span class='ocrx_word' id='word_1_142' title='bbox 637 2116 663 2186; x_wconf 73' lang='lat' dir='ltr'>i.</span> <span class='ocrx_word' id='word_1_143' title='bbox 678 2131 705 2182; x_wconf 82' lang='lat'>4.</span> <span class='ocrx_word' id='word_1_144' title='bbox 728 2129 836 2183; x_wconf 71' lang='lat' dir='ltr'>risere</span> <span class='ocrx_word' id='word_1_145' title='bbox 856 2131 1007 2198; x_wconf 69' lang='lat' dir='ltr'>appensum</span> <span class='ocrx_word' id='word_1_146' title='bbox 1028 2130 1065 2183; x_wconf 69' lang='lat' dir='ltr'>su</span> <span class='ocrx_word' id='word_1_147' title='bbox 1083 2130 1224 2184; x_wconf 75' lang='lat' dir='ltr'>rsflnrtro-</span> 
     </span>
     <span class='ocr_line' id='line_1_18' title="bbox 62 2219 1224 2286; baseline 0.002 -14"><span class='ocrx_word' id='word_1_148' title='bbox 62 2235 119 2274; x_wconf 85' lang='grc' dir='ltr'>ιιιι</span> <span class='ocrx_word' id='word_1_149' title='bbox 137 2220 343 2274; x_wconf 70' lang='lat' dir='ltr'>clementium</span> <span class='ocrx_word' id='word_1_150' title='bbox 366 2219 434 2272; x_wconf 84' lang='lat' dir='ltr'>deta</span> <span class='ocrx_word' id='word_1_151' title='bbox 452 2235 539 2286; x_wconf 87' lang='lat' dir='ltr'>opere</span> <span class='ocrx_word' id='word_1_152' title='bbox 559 2223 589 2272; x_wconf 87' lang='lat' dir='ltr'>et</span> <span class='ocrx_word' id='word_1_153' title='bbox 604 2219 740 2284; x_wconf 72' lang='lat' dir='ltr'>diligenti</span> <span class='ocrx_word' id='word_1_154' title='bbox 763 2221 940 2286; x_wconf 90' lang='lat' dir='ltr'>expolitione</span> <span class='ocrx_word' id='word_1_155' title='bbox 954 2219 1029 2272; x_wconf 89' lang='lat' dir='ltr'>illud</span> <span class='ocrx_word' id='word_1_156' title='bbox 1052 2220 1224 2274; x_wconf 73' lang='lat' dir='ltr'>declaratae</span> 
     </span>
     <span class='ocr_line' id='line_1_19' title="bbox 62 2309 1222 2376; baseline 0 -14"><span class='ocrx_word' id='word_1_157' title='bbox 62 2311 190 2366; x_wconf 76' lang='lat' dir='ltr'>defendit.</span> <span class='ocrx_word' id='word_1_158' title='bbox 203 2311 306 2365; x_wconf 82' lang='lat' dir='ltr'>Scotus</span> <span class='ocrx_word' id='word_1_159' title='bbox 321 2312 372 2376; x_wconf 92' lang='lat' dir='ltr'>qui</span> <span class='ocrx_word' id='word_1_160' title='bbox 384 2325 458 2364; x_wconf 88' lang='lat' dir='ltr'>anno</span> <span class='ocrx_word' id='word_1_161' title='bbox 473 2311 553 2362; x_wconf 85' lang='grc'><strong>1303.</strong></span> <span class='ocrx_word' id='word_1_162' title='bbox 568 2313 635 2362; x_wconf 85' lang='grc' dir='ltr'>ιιιι</span> <span class='ocrx_word' id='word_1_163' title='bbox 649 2309 732 2362; x_wconf 76' lang='lat' dir='ltr'>(lone</span> <span class='ocrx_word' id='word_1_164' title='bbox 746 2311 909 2362; x_wconf 80' lang='lat' dir='ltr'>viennense</span> <span class='ocrx_word' id='word_1_165' title='bbox 922 2309 1007 2376; x_wconf 90' lang='lat' dir='ltr'>obiit,</span> <span class='ocrx_word' id='word_1_166' title='bbox 1020 2311 1051 2361; x_wconf 94' lang='lat' dir='ltr'>iu</span> <span class='ocrx_word' id='word_1_167' title='bbox 1061 2311 1089 2362; x_wconf 83' lang='lat'>4.</span> <span class='ocrx_word' id='word_1_168' title='bbox 1100 2310 1222 2362; x_wconf 75' lang='lat' dir='ltr'>distiti.</span> 
     </span>
     <span class='ocr_line' id='line_1_20' title="bbox 62 2399 1221 2469; baseline -0.001 -15"><span class='ocrx_word' id='word_1_169' title='bbox 62 2417 87 2466; x_wconf 85' lang='lat' dir='ltr'>q.</span> <span class='ocrx_word' id='word_1_170' title='bbox 107 2403 146 2455; x_wconf 93' lang='lat'>11.</span> <span class='ocrx_word' id='word_1_171' title='bbox 169 2402 312 2469; x_wconf 84' lang='lat' dir='ltr'>imprimis</span> <span class='ocrx_word' id='word_1_172' title='bbox 331 2401 462 2454; x_wconf 84' lang='lat' dir='ltr'>absolute</span> <span class='ocrx_word' id='word_1_173' title='bbox 483 2399 583 2466; x_wconf 92' lang='lat' dir='ltr'>docet,</span> <span class='ocrx_word' id='word_1_174' title='bbox 606 2403 699 2452; x_wconf 85' lang='lat' dir='ltr'>ectum</span> <span class='ocrx_word' id='word_1_175' title='bbox 725 2399 847 2452; x_wconf 85' lang='lat' dir='ltr'>visionis</span> <span class='ocrx_word' id='word_1_176' title='bbox 869 2414 930 2452; x_wconf 85' lang='lat' dir='ltr'>esse</span> <span class='ocrx_word' id='word_1_177' title='bbox 958 2402 1221 2466; x_wconf 74' lang='lat' dir='ltr'>supernaturalem,</span> 
     </span>
     <span class='ocr_line' id='line_1_21' title="bbox 62 2487 1221 2557; baseline 0.002 -17"><span class='ocrx_word' id='word_1_178' title='bbox 62 2489 212 2544; x_wconf 84' lang='lat' dir='ltr'>delumine</span> <span class='ocrx_word' id='word_1_179' title='bbox 233 2505 300 2544; x_wconf 91' lang='lat' dir='ltr'>vero</span> <span class='ocrx_word' id='word_1_180' title='bbox 325 2489 434 2556; x_wconf 78' lang='lat' dir='ltr'>gloriee</span> <span class='ocrx_word' id='word_1_181' title='bbox 458 2493 600 2555; x_wconf 90' lang='lat' dir='ltr'>quatenus</span> <span class='ocrx_word' id='word_1_182' title='bbox 627 2489 668 2541; x_wconf 86' lang='lat' dir='ltr'>eit</span> <span class='ocrx_word' id='word_1_183' title='bbox 689 2487 808 2540; x_wconf 87' lang='lat' dir='ltr'>hebitns</span> <span class='ocrx_word' id='word_1_184' title='bbox 837 2491 869 2540; x_wconf 92' lang='lat' dir='ltr'>ut</span> <span class='ocrx_word' id='word_1_185' title='bbox 892 2488 1064 2554; x_wconf 89' lang='lat' dir='ltr'>priucipium</span> <span class='ocrx_word' id='word_1_186' title='bbox 1087 2489 1221 2557; x_wconf 84' lang='lat' dir='ltr'>visionis,</span> 
     </span>
     <span class='ocr_line' id='line_1_22' title="bbox 61 2577 1221 2647; baseline 0.002 -17"><span class='ocrx_word' id='word_1_187' title='bbox 61 2581 180 2646; x_wconf 84' lang='lat' dir='ltr'>loquitur</span> <span class='ocrx_word' id='word_1_188' title='bbox 200 2579 390 2632; x_wconf 87' lang='lat' dir='ltr'>dislunctive:</span> <span class='ocrx_word' id='word_1_189' title='bbox 418 2577 444 2632; x_wconf 89' lang='lat' dir='ltr'>si</span> <span class='ocrx_word' id='word_1_190' title='bbox 467 2579 542 2633; x_wconf 93' lang='lat' dir='ltr'>visio</span> <span class='ocrx_word' id='word_1_191' title='bbox 564 2581 659 2632; x_wconf 75' lang='lat' dir='ltr'>active</span> <span class='ocrx_word' id='word_1_192' title='bbox 680 2579 799 2632; x_wconf 87' lang='lat' dir='ltr'>elicitur</span> <span class='ocrx_word' id='word_1_193' title='bbox 824 2579 859 2630; x_wconf 85' lang='lat' dir='ltr'>sb</span> <span class='ocrx_word' id='word_1_194' title='bbox 881 2578 1032 2632; x_wconf 84' lang='lat' dir='ltr'>intellectu</span> <span class='ocrx_word' id='word_1_195' title='bbox 1055 2579 1221 2647; x_wconf 86' lang='lat' dir='ltr'>beatorum,</span> 
     </span>
     <span class='ocr_line' id='line_1_23' title="bbox 61 2669 1222 2738; baseline 0 -17"><span class='ocrx_word' id='word_1_196' title='bbox 61 2671 229 2724; x_wconf 73' lang='lat' dir='ltr'>conceditur</span> <span class='ocrx_word' id='word_1_197' title='bbox 248 2673 357 2738; x_wconf 87' lang='lat' dir='ltr'>tuetur,</span> <span class='ocrx_word' id='word_1_198' title='bbox 379 2672 431 2724; x_wconf 81' lang='lat' dir='ltr'>lroc</span> <span class='ocrx_word' id='word_1_199' title='bbox 443 2670 593 2724; x_wconf 78' lang='lat' dir='ltr'>hebitnsls</span> <span class='ocrx_word' id='word_1_200' title='bbox 611 2671 705 2721; x_wconf 74' lang='lat' dir='ltr'>lumen</span> <span class='ocrx_word' id='word_1_201' title='bbox 724 2669 844 2735; x_wconf 62' lang='lat' dir='ltr'>pieriae,</span> <span class='ocrx_word' id='word_1_202' title='bbox 859 2685 894 2720; x_wconf 83' lang='lat' dir='ltr'>ex</span> <span class='ocrx_word' id='word_1_203' title='bbox 910 2670 1049 2722; x_wconf 87' lang='lat' dir='ltr'>communi</span> <span class='ocrx_word' id='word_1_204' title='bbox 1068 2685 1121 2722; x_wconf 88' lang='lat' dir='ltr'>usu</span> <span class='ocrx_word' id='word_1_205' title='bbox 1139 2671 1222 2723; x_wconf 87' lang='lat' dir='ltr'>theo-</span> 
     </span>
     <span class='ocr_line' id='line_1_24' title="bbox 62 2759 1223 2827; baseline 0.003 -17"><span class='ocrx_word' id='word_1_206' title='bbox 62 2759 141 2826; x_wconf 75' lang='lat' dir='ltr'>logico</span> <span class='ocrx_word' id='word_1_207' title='bbox 162 2761 280 2827; x_wconf 81' lang='lat' dir='ltr'>proprie</span> <span class='ocrx_word' id='word_1_208' title='bbox 306 2759 428 2826; x_wconf 89' lang='lat' dir='ltr'>dictum,</span> <span class='ocrx_word' id='word_1_209' title='bbox 456 2775 518 2812; x_wconf 86' lang='lat' dir='ltr'>esse</span> <span class='ocrx_word' id='word_1_210' title='bbox 545 2759 752 2824; x_wconf 69' lang='lat' dir='ltr'>necessarium</span> <span class='ocrx_word' id='word_1_211' title='bbox 774 2761 799 2812; x_wconf 89' lang='lat' dir='ltr'>si</span> <span class='ocrx_word' id='word_1_212' title='bbox 821 2774 889 2812; x_wconf 87' lang='lat' dir='ltr'>vero</span> <span class='ocrx_word' id='word_1_213' title='bbox 915 2760 989 2812; x_wconf 92' lang='lat' dir='ltr'>visio</span> <span class='ocrx_word' id='word_1_214' title='bbox 1013 2760 1077 2824; x_wconf 82' lang='lat' dir='ltr'>ipss</span> <span class='ocrx_word' id='word_1_215' title='bbox 1100 2761 1223 2813; x_wconf 86' lang='lat' dir='ltr'>sctualls</span> 
     </span>
     <span class='ocr_line' id='line_1_25' title="bbox 62 2849 1220 2916; baseline 0.003 -18"><span class='ocrx_word' id='word_1_216' title='bbox 62 2849 215 2904; x_wconf 86' lang='lat' dir='ltr'>ininnditnr</span> <span class='ocrx_word' id='word_1_217' title='bbox 235 2849 325 2903; x_wconf 80' lang='lat' dir='ltr'>allec</span> <span class='ocrx_word' id='word_1_218' title='bbox 344 2853 374 2901; x_wconf 91' lang='lat' dir='ltr'>et</span> <span class='ocrx_word' id='word_1_219' title='bbox 391 2849 561 2903; x_wconf 87' lang='lat' dir='ltr'>intellectus</span> <span class='ocrx_word' id='word_1_220' title='bbox 581 2865 642 2901; x_wconf 81' lang='lat' dir='ltr'>cem</span> <span class='ocrx_word' id='word_1_221' title='bbox 657 2849 799 2914; x_wconf 87' lang='lat' dir='ltr'>recipiens</span> <span class='ocrx_word' id='word_1_222' title='bbox 820 2851 911 2901; x_wconf 84' lang='lat' dir='ltr'>solnm</span> <span class='ocrx_word' id='word_1_223' title='bbox 932 2850 1047 2916; x_wconf 75' lang='lat' dir='ltr'>passive</span> <span class='ocrx_word' id='word_1_224' title='bbox 1066 2863 1097 2902; x_wconf 89' lang='lat' dir='ltr'>se</span> <span class='ocrx_word' id='word_1_225' title='bbox 1118 2849 1220 2915; x_wconf 79' lang='lat' dir='ltr'>hebet,</span> 
     </span>
     <span class='ocr_line' id='line_1_26' title="bbox 62 2934 1222 3009; baseline 0.001 -20"><span class='ocrx_word' id='word_1_226' title='bbox 62 2947 137 3004; x_wconf 69' lang='lat' dir='ltr'>regat</span> <span class='ocrx_word' id='word_1_227' title='bbox 153 2940 206 2992; x_wconf 85' lang='lat' dir='ltr'>loc</span> <span class='ocrx_word' id='word_1_228' title='bbox 224 2942 320 2993; x_wconf 88' lang='lat' dir='ltr'>lumen</span> <span class='ocrx_word' id='word_1_229' title='bbox 340 2939 489 2991; x_wconf 71' lang='lat' dir='ltr'>habituale</span> <span class='ocrx_word' id='word_1_230' title='bbox 505 2953 567 2991; x_wconf 87' lang='grc' dir='ltr'>ιιιι</span> <span class='ocrx_word' id='word_1_231' title='bbox 588 2937 780 2990; x_wconf 74' lang='lat' dir='ltr'>necessarium</span> <span class='ocrx_word' id='word_1_232' title='bbox 793 2934 872 3009; x_wconf 87' lang='lat' dir='ltr'>(vide</span> <span class='ocrx_word' id='word_1_233' title='bbox 892 2939 1052 3005; x_wconf 80' lang='lat' dir='ltr'>Hiquseum</span> <span class='ocrx_word' id='word_1_234' title='bbox 1072 2939 1093 2994; x_wconf 92' lang='lat' dir='ltr'>i.</span> <span class='ocrx_word' id='word_1_235' title='bbox 1105 2936 1152 3009; x_wconf 75' lang='lat' dir='ltr'>c).</span> <span class='ocrx_word' id='word_1_236' title='bbox 1167 2939 1222 2991; x_wconf 91' lang='lat' dir='ltr'>Du·</span> 
     </span>
     <span class='ocr_line' id='line_1_27' title="bbox 61 3027 1222 3094; baseline 0 -14"><span class='ocrx_word' id='word_1_237' title='bbox 61 3027 154 3081; x_wconf 82' lang='lat' dir='ltr'>raudus</span> <span class='ocrx_word' id='word_1_238' title='bbox 174 3029 206 3080; x_wconf 90' lang='lat' dir='ltr'>ln</span> <span class='ocrx_word' id='word_1_239' title='bbox 226 3029 254 3080; x_wconf 82' lang='lat'>4.</span> <span class='ocrx_word' id='word_1_240' title='bbox 269 3027 395 3081; x_wconf 76' lang='lat' dir='ltr'>distiti.</span> <span class='ocrx_word' id='word_1_241' title='bbox 408 3044 436 3094; x_wconf 90' lang='lat' dir='ltr'>q.</span> <span class='ocrx_word' id='word_1_242' title='bbox 449 3028 493 3079; x_wconf 73' lang='grc'>20.</span> <span class='ocrx_word' id='word_1_243' title='bbox 515 3028 602 3080; x_wconf 83' lang='lat' dir='ltr'>etiem</span> <span class='ocrx_word' id='word_1_244' title='bbox 621 3027 684 3094; x_wconf 90' lang='lat' dir='ltr'>ipse</span> <span class='ocrx_word' id='word_1_245' title='bbox 704 3043 765 3080; x_wconf 91' lang='lat' dir='ltr'>cnm</span> <span class='ocrx_word' id='word_1_246' title='bbox 784 3029 923 3081; x_wconf 89' lang='lat' dir='ltr'>communi</span> <span class='ocrx_word' id='word_1_247' title='bbox 945 3029 1090 3082; x_wconf 84' lang='lat' dir='ltr'>sententis</span> <span class='ocrx_word' id='word_1_248' title='bbox 1109 3030 1222 3081; x_wconf 90' lang='lat' dir='ltr'>nomine</span> 
     </span>
     <span class='ocr_line' id='line_1_28' title="bbox 63 3117 1222 3185; baseline 0.004 -20"><span class='ocrx_word' id='word_1_249' title='bbox 63 3119 164 3170; x_wconf 71' lang='lat' dir='ltr'>leminis</span> <span class='ocrx_word' id='word_1_250' title='bbox 175 3119 288 3184; x_wconf 68' lang='lat' dir='ltr'>ylarius</span> <span class='ocrx_word' id='word_1_251' title='bbox 303 3117 449 3182; x_wconf 74' lang='lat' dir='ltr'>intelligit</span> <span class='ocrx_word' id='word_1_252' title='bbox 468 3117 643 3184; x_wconf 75' lang='lat' dir='ltr'>qualitatem</span> <span class='ocrx_word' id='word_1_253' title='bbox 662 3121 691 3169; x_wconf 90' lang='lat' dir='ltr'>et</span> <span class='ocrx_word' id='word_1_254' title='bbox 708 3118 838 3172; x_wconf 84' lang='lat' dir='ltr'>habitum</span> <span class='ocrx_word' id='word_1_255' title='bbox 851 3119 989 3184; x_wconf 64' lang='lat' dir='ltr'>inlusum</span> <span class='ocrx_word' id='word_1_256' title='bbox 1005 3119 1114 3185; x_wconf 84' lang='lat' dir='ltr'>hacque</span> <span class='ocrx_word' id='word_1_257' title='bbox 1126 3119 1222 3184; x_wconf 75' lang='lat' dir='ltr'>signi·</span> 
     </span>
     <span class='ocr_line' id='line_1_29' title="bbox 62 3207 1220 3275; baseline 0.003 -18"><span class='ocrx_word' id='word_1_258' title='bbox 62 3207 177 3260; x_wconf 73' lang='lat' dir='ltr'>tentione</span> <span class='ocrx_word' id='word_1_259' title='bbox 194 3207 319 3261; x_wconf 83' lang='lat' dir='ltr'>nomInis</span> <span class='ocrx_word' id='word_1_260' title='bbox 340 3208 491 3275; x_wconf 86' lang='lat' dir='ltr'>supposita</span> <span class='ocrx_word' id='word_1_261' title='bbox 509 3211 605 3260; x_wconf 85' lang='lat' dir='ltr'>censet</span> <span class='ocrx_word' id='word_1_262' title='bbox 625 3209 719 3258; x_wconf 73' lang='lat' dir='ltr'>lumen</span> <span class='ocrx_word' id='word_1_263' title='bbox 732 3209 844 3274; x_wconf 65' lang='lat' dir='ltr'>plor-iae</span> <span class='ocrx_word' id='word_1_264' title='bbox 865 3225 921 3262; x_wconf 92' lang='lat' dir='ltr'>non</span> <span class='ocrx_word' id='word_1_265' title='bbox 940 3224 1002 3262; x_wconf 88' lang='grc' dir='ltr'>ιιιι</span> <span class='ocrx_word' id='word_1_266' title='bbox 1019 3209 1220 3274; x_wconf 65' lang='lat' dir='ltr'>necessarium</span> 
     </span>
     <span class='ocr_line' id='line_1_30' title="bbox 62 3296 1221 3365; baseline 0 -16"><span class='ocrx_word' id='word_1_267' title='bbox 62 3296 100 3348; x_wconf 78' lang='lat' dir='ltr'>sed</span> <span class='ocrx_word' id='word_1_268' title='bbox 118 3299 207 3350; x_wconf 83' lang='lat' dir='ltr'>solnm</span> <span class='ocrx_word' id='word_1_269' title='bbox 226 3298 347 3365; x_wconf 82' lang='lat' dir='ltr'>requiri,</span> <span class='ocrx_word' id='word_1_270' title='bbox 368 3302 401 3350; x_wconf 89' lang='lat' dir='ltr'>ut</span> <span class='ocrx_word' id='word_1_271' title='bbox 413 3299 489 3352; x_wconf 89' lang='lat' dir='ltr'>Dens</span> <span class='ocrx_word' id='word_1_272' title='bbox 503 3297 672 3351; x_wconf 87' lang='lat' dir='ltr'>removendo</span> <span class='ocrx_word' id='word_1_273' title='bbox 695 3298 901 3364; x_wconf 86' lang='lat' dir='ltr'>impedimenta</span> <span class='ocrx_word' id='word_1_274' title='bbox 920 3299 1044 3352; x_wconf 78' lang='lat' dir='ltr'>visionis</span> <span class='ocrx_word' id='word_1_275' title='bbox 1063 3299 1221 3352; x_wconf 72' lang='lat' dir='ltr'>intuitivae</span> 
     </span>
     <span class='ocr_line' id='line_1_31' title="bbox 61 3385 1222 3455; baseline 0.004 -20"><span class='ocrx_word' id='word_1_276' title='bbox 61 3385 157 3438; x_wconf 78' lang='lat' dir='ltr'>nodum</span> <span class='ocrx_word' id='word_1_277' title='bbox 177 3387 367 3452; x_wconf 68' lang='lat' dir='ltr'>cognoscendi</span> <span class='ocrx_word' id='word_1_278' title='bbox 381 3386 549 3440; x_wconf 88' lang='lat' dir='ltr'>intellectus</span> <span class='ocrx_word' id='word_1_279' title='bbox 562 3387 654 3440; x_wconf 84' lang='lat' dir='ltr'>oresti</span> <span class='ocrx_word' id='word_1_280' title='bbox 664 3387 805 3454; x_wconf 87' lang='lat' dir='ltr'>immutet,</span> <span class='ocrx_word' id='word_1_281' title='bbox 819 3391 849 3439; x_wconf 88' lang='lat' dir='ltr'>et</span> <span class='ocrx_word' id='word_1_282' title='bbox 859 3389 1121 3455; x_wconf 69' lang='lat' dir='ltr'>supernaturaliter</span> <span class='ocrx_word' id='word_1_283' title='bbox 1142 3388 1222 3440; x_wconf 84' lang='lat' dir='ltr'>exhi-</span> 
     </span>
     <span class='ocr_line' id='line_1_32' title="bbox 61 3473 1219 3540; baseline 0.004 -14"><span class='ocrx_word' id='word_1_284' title='bbox 61 3473 117 3528; x_wconf 84' lang='lat' dir='ltr'>beat</span> <span class='ocrx_word' id='word_1_285' title='bbox 133 3493 220 3540; x_wconf 75' lang='lat' dir='ltr'>enam¹</span> <span class='ocrx_word' id='word_1_286' title='bbox 231 3477 388 3530; x_wconf 87' lang='lat' dir='ltr'>essentiam</span> <span class='ocrx_word' id='word_1_287' title='bbox 409 3475 572 3530; x_wconf 87' lang='lat' dir='ltr'>immediate</span> <span class='ocrx_word' id='word_1_288' title='bbox 592 3477 623 3528; x_wconf 90' lang='lat' dir='ltr'>in</span> <span class='ocrx_word' id='word_1_289' title='bbox 643 3492 673 3530; x_wconf 88' lang='lat' dir='ltr'>se</span> <span class='ocrx_word' id='word_1_290' title='bbox 696 3477 855 3532; x_wconf 85' lang='lat' dir='ltr'>visibilem.</span> <span class='ocrx_word' id='word_1_291' title='bbox 869 3477 1065 3532; x_wconf 80' lang='lat' dir='ltr'>Nihilominus</span> <span class='ocrx_word' id='word_1_292' title='bbox 1078 3477 1117 3530; x_wconf 88' lang='lat' dir='ltr'>ib.</span> <span class='ocrx_word' id='word_1_293' title='bbox 1134 3493 1163 3530; x_wconf 91' lang='lat' dir='ltr'>n.</span> <span class='ocrx_word' id='word_1_294' title='bbox 1175 3477 1219 3531; x_wconf 77' lang='lat'>20.</span> 
     </span>
     <span class='ocr_line' id='line_1_33' title="bbox 60 3565 1221 3634; baseline -0.003 -14"><span class='ocrx_word' id='word_1_295' title='bbox 60 3565 282 3634; x_wconf 77' lang='lat' dir='ltr'>inaequalitatem</span> <span class='ocrx_word' id='word_1_296' title='bbox 301 3565 423 3618; x_wconf 82' lang='lat' dir='ltr'>visionis</span> <span class='ocrx_word' id='word_1_297' title='bbox 442 3567 590 3620; x_wconf 86' lang='lat' dir='ltr'>bestornm</span> <span class='ocrx_word' id='word_1_298' title='bbox 603 3568 763 3634; x_wconf 83' lang='lat' dir='ltr'>explicsns,</span> <span class='ocrx_word' id='word_1_299' title='bbox 787 3568 844 3620; x_wconf 85' lang='lat' dir='ltr'>ait:</span> <span class='ocrx_word' id='word_1_300' title='bbox 863 3567 977 3620; x_wconf 70' lang='lat' dir='ltr'>«Deum</span> <span class='ocrx_word' id='word_1_301' title='bbox 992 3568 1109 3633; x_wconf 77' lang='lat' dir='ltr'>injicere</span> <span class='ocrx_word' id='word_1_302' title='bbox 1130 3573 1221 3618; x_wconf 76' lang='lat' dir='ltr'>cetum</span> 
     </span>
     <span class='ocr_line' id='line_1_34' title="bbox 63 3657 1221 3724; baseline 0 -16"><span class='ocrx_word' id='word_1_303' title='bbox 63 3657 166 3711; x_wconf 72' lang='grc' dir='ltr'>ιιιίοιιίι</span> <span class='ocrx_word' id='word_1_304' title='bbox 184 3659 275 3724; x_wconf 72' lang='lat' dir='ltr'>magis</span> <span class='ocrx_word' id='word_1_305' title='bbox 295 3658 343 3710; x_wconf 89' lang='lat' dir='ltr'>vel</span> <span class='ocrx_word' id='word_1_306' title='bbox 365 3657 459 3710; x_wconf 85' lang='lat' dir='ltr'>minua</span> <span class='ocrx_word' id='word_1_307' title='bbox 482 3657 676 3724; x_wconf 47' lang='lat' dir='ltr'>perrectum„</span> <span class='ocrx_word' id='word_1_308' title='bbox 701 3659 818 3711; x_wconf 78' lang='lat' dir='ltr'>&#39;Ioletus</span> <span class='ocrx_word' id='word_1_309' title='bbox 841 3659 862 3710; x_wconf 92' lang='grc'>1.</span> <span class='ocrx_word' id='word_1_310' title='bbox 879 3673 902 3710; x_wconf 89' lang='lat' dir='ltr'>c.</span> <span class='ocrx_word' id='word_1_311' title='bbox 921 3657 1085 3710; x_wconf 86' lang='lat' dir='ltr'>Durandum</span> <span class='ocrx_word' id='word_1_312' title='bbox 1105 3659 1221 3710; x_wconf 86' lang='lat' dir='ltr'>excusat</span> 
     </span>
     <span class='ocr_line' id='line_1_35' title="bbox 63 3745 1219 3814; baseline 0 -17"><span class='ocrx_word' id='word_1_313' title='bbox 63 3759 96 3812; x_wconf 86' lang='lat' dir='ltr'>eo,</span> <span class='ocrx_word' id='word_1_314' title='bbox 110 3748 180 3814; x_wconf 87' lang='lat' dir='ltr'>quod</span> <span class='ocrx_word' id='word_1_315' title='bbox 198 3749 261 3801; x_wconf 82' lang='lat' dir='ltr'>elus</span> <span class='ocrx_word' id='word_1_316' title='bbox 280 3762 367 3814; x_wconf 86' lang='lat' dir='ltr'>opera</span> <span class='ocrx_word' id='word_1_317' title='bbox 384 3747 458 3800; x_wconf 82' lang='lat' dir='ltr'>forte</span> <span class='ocrx_word' id='word_1_318' title='bbox 479 3747 536 3802; x_wconf 84' lang='lat' dir='ltr'>iem</span> <span class='ocrx_word' id='word_1_319' title='bbox 561 3751 629 3800; x_wconf 81' lang='lat' dir='ltr'>ente</span> <span class='ocrx_word' id='word_1_320' title='bbox 649 3746 807 3800; x_wconf 75' lang='lat' dir='ltr'>Concilium</span> <span class='ocrx_word' id='word_1_321' title='bbox 823 3747 985 3801; x_wconf 74' lang='lat' dir='ltr'>viennense</span> <span class='ocrx_word' id='word_1_322' title='bbox 1002 3746 1113 3799; x_wconf 84' lang='lat' dir='ltr'>luerint</span> <span class='ocrx_word' id='word_1_323' title='bbox 1125 3745 1219 3810; x_wconf 75' lang='lat' dir='ltr'>edita,</span> 
     </span>
     <span class='ocr_line' id='line_1_36' title="bbox 64 3835 1220 3914; baseline 0 -28"><span class='ocrx_word' id='word_1_324' title='bbox 64 3835 104 3886; x_wconf 77' lang='lat' dir='ltr'>red</span> <span class='ocrx_word' id='word_1_325' title='bbox 121 3837 150 3890; x_wconf 89' lang='lat' dir='ltr'>id</span> <span class='ocrx_word' id='word_1_326' title='bbox 171 3854 268 3892; x_wconf 89' lang='lat' dir='ltr'>verum</span> <span class='ocrx_word' id='word_1_327' title='bbox 289 3853 347 3891; x_wconf 90' lang='lat' dir='ltr'>uon</span> <span class='ocrx_word' id='word_1_328' title='bbox 366 3842 421 3904; x_wconf 89' lang='lat' dir='ltr'>eet,</span> <span class='ocrx_word' id='word_1_329' title='bbox 436 3853 488 3890; x_wconf 91' lang='lat' dir='ltr'>nee</span> <span class='ocrx_word' id='word_1_330' title='bbox 508 3842 637 3905; x_wconf 85' lang='lat' dir='ltr'>apparet,</span> <span class='ocrx_word' id='word_1_331' title='bbox 659 3837 796 3914; x_wconf 85' lang='lat' dir='ltr'>quomodo</span> <span class='ocrx_word' id='word_1_332' title='bbox 816 3836 946 3890; x_wconf 84' lang='lat' dir='ltr'>deiinItlo</span> <span class='ocrx_word' id='word_1_333' title='bbox 958 3836 1139 3889; x_wconf 75' lang='lat' dir='ltr'>clementius</span> <span class='ocrx_word' id='word_1_334' title='bbox 1157 3849 1220 3887; x_wconf 90' lang='lat' dir='ltr'>eum</span> 
     </span>
     <span class='ocr_line' id='line_1_37' title="bbox 64 3923 1221 3994; baseline -0.002 -16"><span class='ocrx_word' id='word_1_335' title='bbox 64 3925 142 3978; x_wconf 73' lang='lat' dir='ltr'>nere</span> <span class='ocrx_word' id='word_1_336' title='bbox 158 3929 296 3994; x_wconf 84' lang='lat' dir='ltr'>potuerit.</span> <span class='ocrx_word' id='word_1_337' title='bbox 317 3929 454 3981; x_wconf 82' lang='lat' dir='ltr'>Definitio</span> <span class='ocrx_word' id='word_1_338' title='bbox 469 3926 547 3980; x_wconf 84' lang='lat' dir='ltr'>edita</span> <span class='ocrx_word' id='word_1_339' title='bbox 571 3933 615 3980; x_wconf 88' lang='lat' dir='ltr'>est</span> <span class='ocrx_word' id='word_1_340' title='bbox 638 3943 713 3980; x_wconf 88' lang='lat' dir='ltr'>anno</span> <span class='ocrx_word' id='word_1_341' title='bbox 727 3927 795 3980; x_wconf 92' lang='grc'><strong>1311</strong></span> <span class='ocrx_word' id='word_1_342' title='bbox 817 3928 864 3979; x_wconf 89' lang='lat' dir='ltr'>vei</span> <span class='ocrx_word' id='word_1_343' title='bbox 879 3927 958 3992; x_wconf 78' lang='lat'>1312,</span> <span class='ocrx_word' id='word_1_344' title='bbox 983 3925 1103 3978; x_wconf 88' lang='lat' dir='ltr'>solemni</span> <span class='ocrx_word' id='word_1_345' title='bbox 1122 3923 1221 3992; x_wconf 90' lang='lat' dir='ltr'>publi-</span> 
     </span>
     <span class='ocr_line' id='line_1_38' title="bbox 65 4011 1220 4070; baseline 0 -6"><span class='ocrx_word' id='word_1_346' title='bbox 65 4015 160 4067; x_wconf 79' lang='lat' dir='ltr'>cetione</span> <span class='ocrx_word' id='word_1_347' title='bbox 179 4017 258 4069; x_wconf 89' lang='lat' dir='ltr'>inter</span> <span class='ocrx_word' id='word_1_348' title='bbox 277 4015 473 4070; x_wconf 75' lang='lat' dir='ltr'>clementinas</span> <span class='ocrx_word' id='word_1_349' title='bbox 496 4015 668 4068; x_wconf 86' lang='lat' dir='ltr'>transmissa</span> <span class='ocrx_word' id='word_1_350' title='bbox 689 4013 726 4068; x_wconf 91' lang='lat' dir='ltr'>ad</span> <span class='ocrx_word' id='word_1_351' title='bbox 749 4015 903 4067; x_wconf 79' lang='lat' dir='ltr'>scholare</span> <span class='ocrx_word' id='word_1_352' title='bbox 922 4015 1030 4067; x_wconf 87' lang='lat' dir='ltr'>Ioanne</span> <span class='ocrx_word' id='word_1_353' title='bbox 1049 4013 1143 4066; x_wconf 81' lang='lat' dir='ltr'>xxn.</span> <span class='ocrx_word' id='word_1_354' title='bbox 1159 4011 1220 4064; x_wconf 84' lang='lat' dir='ltr'>(lle-</span> 
     </span>
     <span class='ocr_line' id='line_1_39' title="bbox 67 4101 1221 4175; baseline 0.002 -22"><span class='ocrx_word' id='word_1_355' title='bbox 67 4105 154 4157; x_wconf 84' lang='lat' dir='ltr'>nentie</span> <span class='ocrx_word' id='word_1_356' title='bbox 168 4122 327 4160; x_wconf 84' lang='lat' dir='ltr'>successore</span> <span class='ocrx_word' id='word_1_357' title='bbox 348 4121 423 4160; x_wconf 83' lang='lat' dir='ltr'>enno</span> <span class='ocrx_word' id='word_1_358' title='bbox 436 4107 515 4158; x_wconf 85' lang='grc'><strong>1317.</strong></span> <span class='ocrx_word' id='word_1_359' title='bbox 531 4107 590 4158; x_wconf 90' lang='lat' dir='ltr'>Iam</span> <span class='ocrx_word' id='word_1_360' title='bbox 603 4121 671 4158; x_wconf 89' lang='lat' dir='ltr'>vero</span> <span class='ocrx_word' id='word_1_361' title='bbox 689 4103 845 4158; x_wconf 85' lang='lat' dir='ltr'>Dursndus</span> <span class='ocrx_word' id='word_1_362' title='bbox 861 4105 923 4171; x_wconf 89' lang='lat' dir='ltr'>ipse</span> <span class='ocrx_word' id='word_1_363' title='bbox 938 4106 1065 4156; x_wconf 88' lang='lat' dir='ltr'>testatur</span> <span class='ocrx_word' id='word_1_364' title='bbox 1081 4101 1124 4175; x_wconf 84' lang='lat' dir='ltr'>(tn</span> <span class='ocrx_word' id='word_1_365' title='bbox 1137 4103 1221 4155; x_wconf 89' lang='lat' dir='ltr'>Prae·</span> 
     </span>
     <span class='ocr_line' id='line_1_40' title="bbox 66 4187 1220 4262; baseline 0.003 -20"><span class='ocrx_word' id='word_1_366' title='bbox 66 4187 129 4261; x_wconf 77' lang='lat' dir='ltr'>ist),</span> <span class='ocrx_word' id='word_1_367' title='bbox 143 4211 171 4246; x_wconf 87' lang='grc' dir='ltr'>ιι</span> <span class='ocrx_word' id='word_1_368' title='bbox 186 4197 241 4248; x_wconf 85' lang='lat' dir='ltr'>iam</span> <span class='ocrx_word' id='word_1_369' title='bbox 259 4211 355 4249; x_wconf 85' lang='lat' dir='ltr'>senem</span> <span class='ocrx_word' id='word_1_370' title='bbox 368 4199 398 4248; x_wconf 89' lang='lat' dir='ltr'>et</span> <span class='ocrx_word' id='word_1_371' title='bbox 409 4196 579 4262; x_wconf 75' lang='lat' dir='ltr'>Episcopum</span> <span class='ocrx_word' id='word_1_372' title='bbox 600 4193 725 4248; x_wconf 85' lang='lat' dir='ltr'>edidisse</span> <span class='ocrx_word' id='word_1_373' title='bbox 746 4209 811 4248; x_wconf 89' lang='lat' dir='ltr'>euos</span> <span class='ocrx_word' id='word_1_374' title='bbox 831 4193 1057 4260; x_wconf 85' lang='lat' dir='ltr'>commentarios,</span> <span class='ocrx_word' id='word_1_375' title='bbox 1071 4197 1220 4261; x_wconf 83' lang='lat' dir='ltr'>postquam</span> 
     </span>
     <span class='ocr_line' id='line_1_41' title="bbox 67 4277 1219 4354; baseline 0.003 -26"><span class='ocrx_word' id='word_1_376' title='bbox 67 4277 91 4330; x_wconf 90' lang='lat' dir='ltr'>in</span> <span class='ocrx_word' id='word_1_377' title='bbox 108 4283 203 4338; x_wconf 75' lang='lat' dir='ltr'>setene</span> <span class='ocrx_word' id='word_1_378' title='bbox 220 4285 325 4354; x_wconf 88' lang='lat' dir='ltr'>palatii</span> <span class='ocrx_word' id='word_1_379' title='bbox 346 4284 499 4352; x_wconf 88' lang='lat' dir='ltr'>apostolici</span> <span class='ocrx_word' id='word_1_380' title='bbox 518 4283 664 4336; x_wconf 87' lang='lat' dir='ltr'>docuerat.</span> <span class='ocrx_word' id='word_1_381' title='bbox 684 4283 724 4336; x_wconf 80' lang='lat' dir='ltr'>At</span> <span class='ocrx_word' id='word_1_382' title='bbox 747 4283 798 4336; x_wconf 85' lang='lat' dir='ltr'>hoe</span> <span class='ocrx_word' id='word_1_383' title='bbox 821 4297 935 4335; x_wconf 90' lang='lat' dir='ltr'>munere</span> <span class='ocrx_word' id='word_1_384' title='bbox 958 4281 1092 4347; x_wconf 73' lang='lat' dir='ltr'>magistri</span> <span class='ocrx_word' id='word_1_385' title='bbox 1114 4281 1219 4348; x_wconf 85' lang='lat' dir='ltr'>psiatii</span> 
     </span>
     <span class='ocr_line' id='line_1_42' title="bbox 68 4369 1216 4441; baseline -0.003 -20"><span class='ocrx_word' id='word_1_386' title='bbox 68 4373 199 4432; x_wconf 77' lang='lat' dir='ltr'>epostoliei</span> <span class='ocrx_word' id='word_1_387' title='bbox 217 4374 279 4441; x_wconf 81' lang='lat' dir='ltr'>ipse</span> <span class='ocrx_word' id='word_1_388' title='bbox 294 4373 410 4426; x_wconf 87' lang='lat' dir='ltr'>innotus</span> <span class='ocrx_word' id='word_1_389' title='bbox 424 4375 468 4425; x_wconf 87' lang='lat' dir='ltr'>est</span> <span class='ocrx_word' id='word_1_390' title='bbox 489 4372 542 4424; x_wconf 83' lang='lat' dir='ltr'>sub</span> <span class='ocrx_word' id='word_1_391' title='bbox 563 4373 669 4424; x_wconf 90' lang='lat' dir='ltr'>Ioanne</span> <span class='ocrx_word' id='word_1_392' title='bbox 683 4371 776 4424; x_wconf 83' lang='lat' dir='ltr'>xxn.</span> <span class='ocrx_word' id='word_1_393' title='bbox 792 4371 870 4423; x_wconf 87' lang='lat' dir='ltr'>inter</span> <span class='ocrx_word' id='word_1_394' title='bbox 887 4385 992 4423; x_wconf 82' lang='lat' dir='ltr'>sunum</span> <span class='ocrx_word' id='word_1_395' title='bbox 1008 4369 1078 4422; x_wconf 86' lang='grc'><strong>1316</strong></span> <span class='ocrx_word' id='word_1_396' title='bbox 1095 4373 1125 4422; x_wconf 88' lang='grc' dir='ltr'>ιι</span> <span class='ocrx_word' id='word_1_397' title='bbox 1139 4369 1216 4432; x_wconf 83' lang='grc'><strong>1318,</strong></span> 
     </span>
    </p>
   </div>
   <div class='ocr_carea' id='block_1_4' title="bbox 0 0 1624 5064">
    <p class='ocr_par' dir='ltr' id='par_1_4' title="bbox 0 0 1624 5064">
     <span class='ocr_line' id='line_1_43' title="bbox 0 0 1624 5064; baseline 0 1"><span class='ocrx_word' id='word_1_398' title='bbox 0 0 1624 5064; x_wconf 95' lang='lat' dir='ltr'> </span> 
     </span>
    </p>
   </div>
  </div>
 </body>
</html>
