3444 5054
915 339 1093 399 -194—

417 447 520 509 tenus
536 464 572 510 se
589 441 791 510 manifestat
807 440 995 510 videndum
1020 464 1087 509 non
1112 464 1172 530 per
1195 441 1293 509 alind
1318 442 1502 526 obiectum,
1530 439 1587 508 sed

417 570 478 636 per
506 571 542 616 se
566 549 678 637 ipsum
702 555 738 616 et
754 548 791 616 in
807 571 842 616 se
867 549 954 637 ipso;
973 548 1189 640 nequeenim
1208 549 1258 616 sol
1283 573 1344 637 per
1362 549 1459 617 alind
1475 549 1589 618 lumen
1714 599 1715 618 .

418 653 642 722 illuminatus
658 655 718 723 sed
731 679 793 723 suo
810 655 992 745 splendore
1008 679 1044 722 se
1062 655 1236 724 visibilem
1252 663 1410 746 praestat
1422 657 1485 742 (1).
1499 657 1590 724 Hine
1714 733 1715 748 χ

417 761 522 830 etiam
539 768 604 847 est,
624 763 714 854 quod
731 763 835 852 longe
851 763 1077 830 communiori
1090 763 1265 832 sententia
1280 763 1405 832 donent
1419 763 1587 852 theologi,
1714 791 1715 800 ¹

418 869 461 936 ad
478 869 842 938 visionernbeatifioani
860 893 928 937 non
945 871 1023 938 dari
1040 873 1182 958 speciem
1206 873 1404 958 impressam
1425 870 1504 958 Dei5
1531 869 1590 938 sed

417 977 528 1046 Deum
544 1000 605 1066 per
621 977 730 1065 ipsam
749 997 845 1044 suam
861 977 1047 1044 essentiam
1065 977 1161 1044 uniri
1182 977 1288 1044 menti
1303 975 1457 1044 videntis
1473 983 1515 1044 ut
1535 976 1590 1043 oh-

417 1085 543 1153 ieetum
558 1084 715 1152 visionis.
731 1085 839 1151 Immo
853 1085 889 1152 S.
906 1084 1056 1152 Thomas
1069 1084 1117 1172 (l.
1133 1109 1166 1174 q.
1183 1083 1236 1152 12.
1253 1107 1285 1151 a.
1299 1083 1588 1176 25qu0dlib.V11.

417 1214 449 1259 a.
467 1191 542 1276 134.
561 1191 644 1259 dist.
659 1191 716 1260 49.
732 1217 765 1282 q.
780 1191 813 1259 2.
829 1213 862 1260 a.
880 1191 910 1278 13
927 1191 1087 1260 daverit.
1104 1217 1137 1282 q.
1153 1191 1187 1258 8.
1201 1213 1233 1258 a.
1255 1191 1286 1278 13
1302 1191 1479 1280 compend.
1493 1189 1590 1258 theo·

417 1300 488 1387 log.
507 1323 536 1366 e.
557 1297 698 1384 losse
714 1300 817 1367 nmlti
833 1301 909 1367 eius
925 1299 1091 1389 disoipuli
1108 1308 1260 1384 censent,
1279 1299 1437 1368 absolute
1453 1297 1589 1366 nullam

417 1430 490 1475 esse
514 1429 611 1495 posse
635 1409 781 1496 speeiem
806 1407 1068 1496 intelligibilem
1092 1408 1306 1497 impressam,
1333 1429 1402 1497 qna
1417 1406 1512 1474 Deus
1537 1405 1589 1474 vi-

417 1515 553 1598 deatur,
573 1522 613 1584 ut
636 1515 672 1581 in
690 1539 725 1582 se
748 1522 813 1582 est.
829 1516 883 1583 Cf.
899 1515 1028 1593 Suarez
1052 1515 1078 1583 l.
1097 1515 1146 1583 ΙΙ.
1165 1539 1194 1584 o.
1216 1515 1271 1583 13.
1290 1515 1396 1582 Porro
1422 1513 1456 1600 b)
1473 1513 1590 1581 lamen

337 1615 339 1618 ’
416 1621 549 1710 gloriae
568 1623 792 1710 formaliter,
818 1623 880 1689 sub
905 1645 971 1714 quo
994 1623 1089 1690 Deus
1114 1621 1276 1706 videtur,
1302 1627 1357 1690 est
1379 1629 1586 1711 supernata·

417 1729 504 1798 ralis
526 1731 673 1798 effeetus
688 1730 753 1797 Dei
777 1751 817 1796 ao
840 1729 1108 1817 supernaturale
1132 1730 1257 1796 donum
1274 1729 1311 1797 in
1328 1736 1439 1797 mente
1456 1731 1587 1811 ereata,

417 1857 483 1927 qno
506 1832 592 1901 haee
615 1833 775 1901 elevatur
791 1840 827 1901 et
842 1833 1073 1902 constituitur
1092 1835 1128 1900 in
1145 1840 1226 1902 actu
1243 1833 1355 1923 primo
1371 1833 1528 1923 proximo
1543 1831 1589 1900 ad

417 1937 605 2006 videndum
621 1938 744 2021 Deum,
765 1938 857 2005 sient
873 1945 937 2004 est.
950 1943 981 2024 o)
993 1937 1114 2006 Potest
1125 1938 1231 2006 etiam
1244 1938 1320 2028 ipsa
1332 1937 1485 2007 actualis
1500 1937 1594 2005 visio

416 2047 483 2114 Dei
498 2045 669 2134 appellari
687 2045 801 2113 lumen
818 2045 963 2134 gloriae.
983 2046 1140 2136 Denique
1153 2043 1188 2130 cl)
1197 2051 1344 2134 possunt
1368 2044 1451 2113 haee
1475 2043 1593 2111 omnia

417 2150 521 2218 simul
538 2149 780 2238 comprehendi
796 2150 930 2216 nomine
947 2148 1091 2216 luminis
1107 2148 1253 2237 gloriae,
1273 2155 1314 2216 ut
1330 2148 1378 2216 sit
1392 2149 1487 2216 Dens
1502 2157 1591 2216 tam-

416 2276 519 2346 qnam
543 2255 621 2321 fons
651 2252 796 2319 luminis
820 2261 855 2319 et
878 2252 1050 2320 terminas
1075 2253 1222 2320 visionis
1255 2275 1329 2320 sese
1360 2251 1590 2320 manifestans

415 2384 476 2450 per
500 2361 617 2428 lumen
641 2367 676 2427 et
702 2359 867 2427 visionem
885 2359 921 2426 in
939 2369 1051 2427 mente
1075 2365 1203 2428 ereata:
1225 2360 1418 2450 «qnoniam
1441 2359 1536 2448 apud
1554 2365 1590 2428 te

416 2475 469 2536 est
482 2470 559 2550 fons
573 2469 678 2552 vitae,
690 2473 726 2536 et
739 2467 776 2534 in
789 2467 919 2535 lumine
931 2473 993 2535 tuo
1006 2467 1201 2535 videbimus
1217 2467 1332 2535 lumen
1343 2495 1359 2528 n
1371 2467 1427 2534 Ps.
1437 2465 1587 2534 XXXV.

415 2577 508 2663 (heb.
528 2577 601 2662 36.)
619 2577 673 2645 10.

485 2683 614 2752 Verum
638 2682 680 2751 de
711 2683 833 2772 primo,
861 2682 951 2772 quod
975 2683 1068 2750 Dens
1092 2683 1166 2772 ipse
1196 2689 1252 2750 est
1281 2683 1391 2746 lumen
1415 2683 1590 2750 mentibus

416 2792 547 2875 beatis,
574 2791 638 2860 hoo
661 2790 735 2858 looo
758 2790 850 2858 nihil
873 2787 1025 2879 amplius
1048 2789 1270 2857 tractandum
1294 2797 1348 2857 est
1370 2795 1511 2878 praeter
1533 2811 1587 2873 ea,

417 2921 504 2990 quae
528 2898 681 2966 diximus
705 2897 741 2964 in
765 2897 859 2965 thesi
882 2899 1065 2988 superiori.
1084 2897 1162 2966 Non
1186 2905 1301 2964 autem
1326 2898 1420 2964 Deus
1444 2895 1589 2964 manife-

343 3021 347 3029 ‘
417 3012 534 3072 statur
558 3005 669 3072 beatis
692 3004 761 3070 nisi
784 3025 846 3092 per
861 3003 977 3071 lumen
993 3010 1029 3072 et
1045 3003 1224 3085 visionem,
1244 3003 1371 3093 quibus
1388 3001 1456 3091 ipsi
1480 3003 1589 3069 infor·

417 3121 569 3197 mantur,
588 3119 624 3180 et
638 3111 807 3180 intuitive
831 3111 953 3179 vident
968 3135 1008 3181 ao
1024 3112 1173 3181 videndo
1196 3111 1394 3179 beatissime
1410 3110 1590 3198 possident

347 3235 357 3250 ·
416 3219 539 3286 Deum.
565 3217 654 3286 Nam
677 3222 719 3283 ut
742 3223 836 3284 reete
859 3216 912 3284 ait
935 3215 1063 3284 Suarez
1081 3216 1122 3301 (l.
1143 3215 1191 3282 II.
1211 3237 1240 3282 o.
1261 3214 1315 3281 14.
1335 3239 1370 3281 n.
1390 3215 1455 3300 5.),'
1472 3213 1588 3282 lumen

417 3321 551 3411 gloriae
575 3321 770 3388 increatum
794 3343 862 3386 non
885 3321 1025 3410 proprie
1048 3319 1166 3388 elevat
1188 3317 1339 3386 hominis
1355 3317 1587 3405 intellectum,
1714 3391 1715 3406 ,

416 3428 487 3496 nisi
503 3433 676 3519 qnatenus
692 3428 727 3494 in
745 3427 820 3515 ipso
838 3426 1023 3494 intellectu
1040 3427 1134 3494 Deus
1150 3424 1285 3516 aliquid
1302 3431 1467 3514 operatur
1482 3445 1589 3514 supra
1714 3417 1715 3450 ¹

417 3541 578 3600 naturam
602 3533 690 3600 eius.
717 3533 823 3601 Porro
848 3533 1075 3621 comparando
1099 3532 1215 3600 lamen
1239 3539 1275 3599 et
1298 3529 1478 3614 visionem,
1497 3531 1589 3599 visio

418 3645 459 3706 ut
481 3644 581 3706 aetus
606 3635 776 3704 secundus
800 3635 966 3726 supponit
989 3643 1103 3705 aetum
1128 3636 1276 3724 primum
1294 3641 1389 3703 etex
1406 3657 1445 3702 eo
1465 3657 1588 3704 oonna-
1714 3641 1715 3722 3

418 3741 584 3810 turaliter
609 3740 850 3832 consequitur:
878 3740 1042 3830 supponit
1065 3739 1228 3808 nimirum
1253 3745 1400 3807 mentem
1424 3739 1588 3809 informa·
1714 3819 1715 3830 χ

417 3857 489 3919 tem
511 3871 552 3916 ao
574 3847 746 3917 elevatam
772 3847 908 3914 viribus
932 3845 1260 3935 supernaturalibus
1283 3845 1328 3912 ad
1354 3844 1466 3934 ipsam
1483 3846 1588 3915 visio·
1714 3833 1715 3870 ³

418 3979 494 4024 nem
517 3952 735 4022 intuitivam.
756 3952 829 4018 Iam
852 3951 941 4020 istae
965 3951 1060 4020 vires
1084 3950 1370 4042 supernaturales
1393 3973 1455 4019 seu
1479 3953 1587 4021 menti
1714 4011 1715 4034 1

418 4061 645 4152 superaddita
669 4061 724 4128 vis
747 4059 920 4127 intuitive
934 4058 999 4128 Dei
1016 4080 1038 4125 a
1057 4058 1231 4148 theologis
1254 4057 1394 4148 proprie
1417 4067 1587 4128 vorantur
1714 4065 1715 4076 ’

480 4322 521 4397 (1)
538 4324 763 4396 Ὀυδεγαρήλιον
783 4329 921 4394 tropaeo(
945 4321 1032 4376 α’λλου
1057 4328 1094 4376 tu
1118 4319 1273 4376 θεασασὸαι
1293 4321 1402 4374 Plotin.
1418 4321 1539 4376 ennead.
1556 4321 1581 4373 5.

419 4417 573 4471 l.3.o.17.
