3280 5070
914 359 1094 415 -572-

419 458 570 547 gratiam
604 459 881 546 praevenientem
913 462 1123 546 offeruntur,
1150 463 1210 530 sed
1234 462 1353 549 ffeetn
1381 465 1454 550 ipso
1477 459 1579 544 eonfe-

418 581 553 632 runtur.
580 565 649 634 Res
664 565 749 634 haee
765 573 820 634 est
834 567 1098 636 evidentissima
1112 592 1153 637 ex
1170 569 1197 637 l.
1215 567 1480 639 depraensa
1498 565 1577 634 ulti.

418 697 453 740 ιι.
472 672 528 740 32.
544 673 671 742 οο]1.“ο.
688 673 742 740 15.
766 698 800 741 n.
816 673 872 740 31.
899 675 1073 765 Loquitur
1098 677 1146 743 ibi
1171 676 1399 766 Augustinus
1422 673 1467 742 de
1495 695 1581 761 pree

418 780 650 848 destinatione
673 787 710 848 et
733 780 924 864 vocatione,
953 787 993 850 ut
1007 782 1189 851 credamus
1205 791 1242 852 et
1257 791 1299 850 ut·
1316 783 1472 851 membra
1486 781 1582 846 simus

417 884 565 969 Christi,
591 888 784 954 conformes
807 885 947 955 Christo
972 911 1032 976 per
1055 889 1230 958 iustitiam
1254 911 1344 980 quse
1366 912 1408 956 ex
1436 886 1581 964 sideest,

418 996 461 1063 de
483 993 800 1084 praedestinatione
822 996 964 1087 inquam
988 1003 1025 1064 et
1048 998 1230 1066 vocatione
1254 1000 1404 1064 omnium
1429 996 1583 1072 illorum,

419 1105 482 1192 qui
497 1101 637 1168 eredunt
653 1117 685 1168 et
708 1107 770 1194 qai
786 1105 1020 1192 iustificantur
1036 1109 1073 1171 in
1094 1105 1247 1186 ΟΙιιίιιος
1262 1127 1330 1174 nou
1347 1116 1469 1173 autam
1485 1103 1583 1170 solun

418 1210 460 1278 de
483 1210 541 1293 iis,
567 1211 629 1300 qui
652 1211 905 1300 praedestinati
929 1225 1015 1281 sunt
1037 1215 1143 1281 etiam
1167 1213 1211 1281 ad
1236 1212 1535 1302 perseverantiam
1555 1217 1584 1274 et

417 1318 461 1384 sd
485 1315 645 1406 gloriam.
674 1316 759 1384 lllos
782 1323 898 1386 autem
924 1343 1034 1386 omnes
1056 1319 1245 1398 medentes,
1270 1320 1342 1402 ait,
1368 1333 1584 1384 samsonem

417 1422 596 1490 seeundum
605 1427 832 1513 propositum:
847 1431 953 1517 atque
966 1426 1043 1494 ideo
1055 1426 1191 1494 uomina
1208 1422 1583 1492 uocatos-omoeoeusion

415 1537 629 1622 propesitum
641 1557 707 1600 non
720 1533 915 1622 distinguit
930 1533 1211 1624 praedestinatos
1226 1534 1271 1602 ad
1284 1533 1435 1624 gloriam
1453 1533 1498 1600 ab
1513 1530 1584 1596 ullis

418 1661 485 1706 uon
511 1640 779 1728 praedestinatis
803 1641 847 1708 ad
871 1639 1039 1730 gloriam
1065 1642 1125 1710 ssd
1149 1643 1252 1709 immo
1275 1664 1392 1709 omnes
1411 1639 1584 1708 eredentes

418 1753 455 1814 et
469 1747 679 1815 iustifioatos
693 1753 868 1838 tamquam
887 1763 1020 1814 uocatos
1036 1746 1215 1842 seeundum
1234 1750 1453 1838 prepositum
1469 1745 1584 1814 distin-

419 1855 501 1944 guit
515 1854 559 1920 ab
574 1854 632 1935 iis,
651 1853 711 1944 qui
730 1855 846 1922 vocati
863 1855 1001 1924 eredere
1017 1855 1217 1925 uoluerunt.
1239 1885 1255 1921 ι
1272 1856 1375 1922 Vocet
1387 1855 1483 1921 Deus
1494 1875 1584 1942 prae

419 1961 606 2028 destinatos
630 1961 758 2030 multos
780 1961 873 2030 filios
896 1985 988 2044 suos,
1015 1963 1143 2052 iuquit,
1169 1977 1208 2028 ιιι
1231 1988 1285 2029 eos
1300 1964 1423 2051 sociat
1445 1960 1585 2028 mim

418 2067 672 2157 praedestinati
696 2071 793 2134 uniet
820 2070 913 2136 Filii
934 2073 1012 2150 sai,·
1030 2095 1098 2136 ιιοιι
1125 2093 1164 2136 eo
1187 2072 1374 2150 venatione,
1392 2093 1465 2160 qun
1481 2067 1585 2133 sumti

418 2191 498 2242 ιιιιιι
520 2190 552 2241 et
575 2180 637 2267 qai
655 2176 839 2242 notumne
861 2180 976 2244 venire
996 2176 1043 2244 ad
1066 2181 1221 2266 nuptias,
1247 2178 1313 2246 illa
1336 2177 1467 2270 quippe
1493 2195 1582 2244 voua-

416 2284 513 2353 tioue
535 2289 571 2352 et
594 2283 715 2353 Iudaei
739 2283 855 2352 vocati
885 2291 1011 2353 suut...
1032 2285 1125 2375 Ipsis
1149 2286 1296 2370 voeatis,
1322 2287 1376 2353 sit
1397 2281 1582 2374 Apostolus

419 2395 507 2478 (esse
522 2389 700 2458 Christum
717 2389 782 2458 Dei
798 2389 995 2476 virtutem),
1015 2397 1057 2459 ut
1071 2390 1152 2459 illos
1165 2389 1270 2478 (ulios
1285 2391 1415 2481 quibus
1428 2389 1582 2458 Christus

417 2504 472 2566 est
495 2496 697 2566 scandalum
719 2503 755 2564 et
778 2497 957 2584 stultitia)
980 2497 1177 2566 ostenderet
1199 2521 1268 2566 uon
1291 2505 1454 2580 vocatos,
1480 2498 1581 2566 seieus

416 2627 491 2675 esse
515 2604 688 2697 quandam
712 2620 837 2672 eertum
859 2607 1068 2672 vocationem
1092 2629 1216 2686 eorum,
1235 2610 1297 2696 qui
1318 2604 1499 2673 secandam
1512 2625 1579 2692 pro

413 2715 566 2802 positum
584 2715 698 2779 vocati
721 2727 843 2780 ιιιιιι...
858 2712 959 2781 Dixit
981 2735 1085 2801 ergo:
1111 2713 1228 2782 seder
1245 2719 1407 2796 vocante,
1423 2738 1492 2778 ιιοιι
1507 2733 1579 2802 qne·

417 2843 557 2910 mamque
574 2821 761 2900 vocatione,
787 2817 846 2886 sed
861 2843 931 2910 qua
946 2821 1123 2886 vocatione
1131 2821 1178 2908 fit
1197 2818 1332 2886 medem
1346 2846 1363 2880 s
1381 2819 1507 2888 Praed.
1522 2815 1576 2885 SS.

417 2949 452 2994 ιι.
475 2925 532 2994 32.
557 2926 623 2994 Cui
647 2948 773 3018 quaeso
797 2949 865 2996 uon
888 2934 943 2996 est
965 2926 1130 3010 evidens,
1164 2929 1381 2996 vocatiouem
1412 2923 1578 2992 secundun

415 3036 627 3122 propositum
648 3034 706 3103 hio
729 3034 800 3104 diui
824 3035 985 3126 quamvis
1008 3034 1223 3104 vocationem
1246 3033 1444 3102 effiosoem?
1459 3033 1516 3100 Ita
1530 3051 1577 3120 pe·

417 3142 505 3211 riter
528 3164 569 3210 ex
593 3165 644 3226 so,
670 3142 761 3234 quod
785 3141 918 3210 Paulus
942 3141 1079 3230 gratias
1095 3141 1174 3230 agit
1188 3141 1260 3209 Deo
1276 3161 1339 3230 pro
1355 3140 1425 3210 lide
1441 3139 1576 3208 omniun

417 3247 791 3334 Thessalonicensinm,
817 3248 1045 3338 Augustinus
1070 3247 1268 3332 nouoludit‚
1293 3247 1398 3316 tidem
1422 3270 1491 3315 uon
1510 3265 1576 3334 pro

418 3357 510 3424 fecto
533 3355 643 3424 solum
669 3355 1007 3444 praedestinatorum
1024 3355 1084 3423 sed
1100 3354 1253 3424 omnium
1277 3353 1495 3423 medentium
1512 3371 1575 3420 esse

416 3463 542 3532 donum
559 3465 624 3533 Dei
641 3467 868 3532 avocatione
883 3463 1062 3531 seeundum
1076 3467 1304 3554 propositum.
1319 3493 1335 3528 a
1350 3463 1448 3532 Deus
1463 3463 1573 3552 igitur,

416 3568 527 3638 infert
550 3572 587 3640 S.
604 3573 745 3656 Dentur,
771 3578 938 3661 operatur
961 3571 998 3638 iu
1022 3571 1186 3640 sordibus
1210 3571 1386 3638 homiuum
1416 3571 1575 3638 nonullos!

419 3677 486 3744 illa
509 3679 687 3746 secandam
702 3681 919 3768 propositum
942 3703 1051 3760 soum,
1076 3678 1118 3746 ds
1141 3699 1209 3770 qus
1232 3676 1383 3746 multum
1408 3675 1513 3748 luenti
1527 3695 1572 3740 su·

417 3807 516 3870 mus,
541 3800 580 3850 ιιι
610 3809 677 3850 non
705 3787 860 3852 inaniter
883 3783 1032 3853 eradiant
1055 3785 1290 3875 eoanpeliam,
1318 3782 1378 3850 sed
1406 3808 1443 3852 eo
1470 3780 1572 3849 aedito

416 3905 657 3960 ιοιιυιιιαιιιιιι·
680 3907 712 3959 οι
740 3891 914 3960 eredunt»
942 3891 1028 3962 ibid.
1054 3915 1089 3959 n.
1109 3891 1166 3959 39.
1195 3890 1423 3962 vocationem
1451 3887 1572 3960 eandem

415 4001 584 4069 efficacem
614 4000 828 4069 credentium
853 3999 1005 4067 omnium
1029 3997 1134 4087 paulo
1163 3997 1325 4087 superius
1348 3997 1570 4088 appellaverat

416 4109 622 4173 vocationem
645 4109 719 4173 sine
741 4109 966 4194 poenitentia.
995 4104 1100 4175 «Neo
1124 4105 1207 4197 quia
1230 4103 1443 4173 credidimus
1465 4103 1517 4172 sed
1537 4109 1570 4166 ui

416 4213 607 4298 credamus,
635 4235 811 4301 voeamnr;
838 4219 943 4305 atque
969 4211 1037 4278 illa
1059 4215 1247 4295 vocatione,
1265 4235 1354 4302 quae
1376 4217 1450 4280 siue
1467 4211 1567 4302 poeni·

417 4322 621 4402 lentiscat,
648 4317 686 4386 td
711 4343 851 4408 prorem
876 4321 999 4410 epitas-
1027 4333 1060 4385 et
1081 4321 1269 4408 perspitio·
1277 4365 1288 4400 ,
1316 4333 1356 4384 ιιι
1383 4315 1564 4384 medones*
1600 4320 1604 4330 ’

417 4426 463 4494 ib.
483 4451 517 4494 n.
533 4425 589 4494 38.
