<?xml version="1.0" encoding="UTF-8"?>
<!DOCTYPE html PUBLIC "-//W3C//DTD XHTML 1.0 Transitional//EN"
    "http://www.w3.org/TR/xhtml1/DTD/xhtml1-transitional.dtd">
<html xmlns="http://www.w3.org/1999/xhtml" xml:lang="en" lang="en">
 <head>
  <title>
</title>
<meta http-equiv="Content-Type" content="text/html;charset=utf-8" />
  <meta name='ocr-system' content='tesseract 3.04.00' />
  <meta name='ocr-capabilities' content='ocr_page ocr_carea ocr_par ocr_line ocrx_word'/>
</head>
<body>
  <div class='ocr_page' id='page_1' title='image "./ioannisbaptfran01frangoog_0451.png"; bbox 0 0 3230 5072; ppageno 0'>
   <div class='ocr_carea' id='block_1_1' title="bbox 395 318 1607 514">
    <p class='ocr_par' dir='ltr' id='par_1_1' title="bbox 395 318 1607 514">
     <span class='ocr_line' id='line_1_1' title="bbox 889 318 1607 377; baseline 0 -13"><span class='ocrx_word' id='word_1_1' title='bbox 889 349 927 364; x_wconf 93' lang='grc'><strong>..</strong></span> <span class='ocrx_word' id='word_1_2' title='bbox 949 318 1008 377; x_wconf 78' lang='lat'><strong>434</strong></span> <span class='ocrx_word' id='word_1_3' title='bbox 1029 349 1068 364; x_wconf 92' lang='lat'><em>-</em></span> <span class='ocrx_word' id='word_1_4' title='bbox 1606 355 1607 364; x_wconf 73' lang='grc'>,</span> 
     </span>
     <span class='ocr_line' id='line_1_2' title="bbox 395 421 1607 514; baseline 0.001 -23"><span class='ocrx_word' id='word_1_5' title='bbox 395 422 519 492; x_wconf 78' lang='lat' dir='ltr'><strong>cedens</strong></span> <span class='ocrx_word' id='word_1_6' title='bbox 540 444 609 489; x_wconf 88' lang='lat' dir='ltr'><strong>non</strong></span> <span class='ocrx_word' id='word_1_7' title='bbox 631 421 764 490; x_wconf 88' lang='lat' dir='ltr'><strong>transit</strong></span> <span class='ocrx_word' id='word_1_8' title='bbox 786 421 824 490; x_wconf 90' lang='lat' dir='ltr'><strong>in</strong></span> <span class='ocrx_word' id='word_1_9' title='bbox 848 421 1065 492; x_wconf 85' lang='lat' dir='ltr'><strong>voluntatem</strong></span> <span class='ocrx_word' id='word_1_10' title='bbox 1088 423 1357 514; x_wconf 66' lang='lat' dir='ltr'><strong>subsequentem</strong></span> <span class='ocrx_word' id='word_1_11' title='bbox 1376 423 1562 492; x_wconf 76' lang='lat' dir='ltr'><strong>absolutam</strong></span> <span class='ocrx_word' id='word_1_12' title='bbox 1606 435 1607 444; x_wconf 78' lang='grc'>’</span> 
     </span>
    </p>
   </div>
   <div class='ocr_carea' id='block_1_2' title="bbox 394 529 1607 4502">
    <p class='ocr_par' dir='ltr' id='par_1_2' title="bbox 396 529 1607 812">
     <span class='ocr_line' id='line_1_3' title="bbox 397 529 1607 623; baseline 0.005 -25"><span class='ocrx_word' id='word_1_13' title='bbox 397 531 476 598; x_wconf 90' lang='lat' dir='ltr'><strong>boni</strong></span> <span class='ocrx_word' id='word_1_14' title='bbox 507 529 633 620; x_wconf 88' lang='lat' dir='ltr'><strong>operis.</strong></span> <span class='ocrx_word' id='word_1_15' title='bbox 660 529 767 598; x_wconf 87' lang='lat' dir='ltr'><strong>Porro</strong></span> <span class='ocrx_word' id='word_1_16' title='bbox 797 531 990 620; x_wconf 87' lang='lat' dir='ltr'><strong>completur</strong></span> <span class='ocrx_word' id='word_1_17' title='bbox 1020 530 1561 623; x_wconf 83' lang='lat' dir='ltr'><strong>praedefinitic,quodc)1)eus</strong></span> <span class='ocrx_word' id='word_1_18' title='bbox 1606 551 1607 604; x_wconf 65' lang='lat'><strong>.</strong></span> 
     </span>
     <span class='ocr_line' id='line_1_4' title="bbox 397 637 1562 726; baseline 0.003 -22"><span class='ocrx_word' id='word_1_19' title='bbox 397 637 604 726; x_wconf 84' lang='lat' dir='ltr'><strong>praevidens</strong></span> <span class='ocrx_word' id='word_1_20' title='bbox 619 659 822 706; x_wconf 87' lang='lat' dir='ltr'><strong>consensum</strong></span> <span class='ocrx_word' id='word_1_21' title='bbox 838 642 1020 707; x_wconf 76' lang='lat' dir='ltr'><strong>creaturae</strong></span> <span class='ocrx_word' id='word_1_22' title='bbox 1033 637 1116 708; x_wconf 86' lang='lat' dir='ltr'><strong>vult</strong></span> <span class='ocrx_word' id='word_1_23' title='bbox 1130 637 1315 708; x_wconf 82' lang='lat' dir='ltr'><strong>voluntate</strong></span> <span class='ocrx_word' id='word_1_24' title='bbox 1330 638 1494 708; x_wconf 83' lang='lat' dir='ltr'><strong>absoluta</strong></span> <span class='ocrx_word' id='word_1_25' title='bbox 1506 637 1562 707; x_wconf 88' lang='lat' dir='ltr'><strong>hos</strong></span> 
     </span>
     <span class='ocr_line' id='line_1_5' title="bbox 396 742 1328 812; baseline 0.002 -2"><span class='ocrx_word' id='word_1_26' title='bbox 396 747 498 810; x_wconf 88' lang='lat' dir='ltr'><strong>actus</strong></span> <span class='ocrx_word' id='word_1_27' title='bbox 521 742 611 812; x_wconf 89' lang='lat' dir='ltr'><strong>fieri.</strong></span> <span class='ocrx_word' id='word_1_28' title='bbox 1321 795 1328 812; x_wconf 93' lang='lat'><strong>.</strong></span> 
     </span>
    </p>

    <p class='ocr_par' dir='ltr' id='par_1_3' title="bbox 395 848 1565 1461">
     <span class='ocr_line' id='line_1_6' title="bbox 462 848 1563 942; baseline 0.005 -26"><span class='ocrx_word' id='word_1_29' title='bbox 462 849 517 916; x_wconf 84' lang='lat' dir='ltr'><strong>Ex</strong></span> <span class='ocrx_word' id='word_1_30' title='bbox 541 848 597 918; x_wconf 89' lang='lat' dir='ltr'><strong>his</strong></span> <span class='ocrx_word' id='word_1_31' title='bbox 621 855 769 934; x_wconf 87' lang='lat' dir='ltr'><strong>constat,</strong></span> <span class='ocrx_word' id='word_1_32' title='bbox 796 873 900 942; x_wconf 88' lang='lat' dir='ltr'><strong>quam</strong></span> <span class='ocrx_word' id='word_1_33' title='bbox 923 850 972 920; x_wconf 88' lang='lat' dir='ltr'><strong>sit</strong></span> <span class='ocrx_word' id='word_1_34' title='bbox 994 851 1137 921; x_wconf 86' lang='lat' dir='ltr'><strong>diversa</strong></span> <span class='ocrx_word' id='word_1_35' title='bbox 1157 851 1404 942; x_wconf 84' lang='lat' dir='ltr'><strong>praedefinitio</strong></span> <span class='ocrx_word' id='word_1_36' title='bbox 1427 857 1563 921; x_wconf 87' lang='lat' dir='ltr'><strong>actuum</strong></span> 
     </span>
     <span class='ocr_line' id='line_1_7' title="bbox 397 958 1564 1052; baseline 0 -26"><span class='ocrx_word' id='word_1_37' title='bbox 397 961 561 1027; x_wconf 91' lang='lat' dir='ltr'><strong>bonorum</strong></span> <span class='ocrx_word' id='word_1_38' title='bbox 583 963 618 1026; x_wconf 89' lang='lat' dir='ltr'><strong>et</strong></span> <span class='ocrx_word' id='word_1_39' title='bbox 640 958 822 1047; x_wconf 86' lang='lat' dir='ltr'><strong>permissio</strong></span> <span class='ocrx_word' id='word_1_40' title='bbox 852 959 1042 1046; x_wconf 75' lang='lat' dir='ltr'><strong>malorum,</strong></span> <span class='ocrx_word' id='word_1_41' title='bbox 1068 960 1231 1052; x_wconf 87' lang='lat' dir='ltr'><strong>quamvis</strong></span> <span class='ocrx_word' id='word_1_42' title='bbox 1262 959 1356 1028; x_wconf 67' lang='lat' dir='ltr'><strong>deut</strong></span> <span class='ocrx_word' id='word_1_43' title='bbox 1387 959 1564 1050; x_wconf 85' lang='lat' dir='ltr'><strong>permissio</strong></span> 
     </span>
     <span class='ocr_line' id='line_1_8' title="bbox 396 1065 1564 1159; baseline 0.003 -25"><span class='ocrx_word' id='word_1_44' title='bbox 396 1067 448 1134; x_wconf 88' lang='lat' dir='ltr'><strong>ita</strong></span> <span class='ocrx_word' id='word_1_45' title='bbox 462 1065 569 1134; x_wconf 82' lang='lat' dir='ltr'><strong>etiam</strong></span> <span class='ocrx_word' id='word_1_46' title='bbox 585 1065 828 1156; x_wconf 87' lang='lat' dir='ltr'><strong>praedefinitio</strong></span> <span class='ocrx_word' id='word_1_47' title='bbox 842 1065 1032 1136; x_wconf 89' lang='lat' dir='ltr'><strong>liberorum</strong></span> <span class='ocrx_word' id='word_1_48' title='bbox 1047 1074 1188 1136; x_wconf 89' lang='lat' dir='ltr'><strong>actuum</strong></span> <span class='ocrx_word' id='word_1_49' title='bbox 1203 1067 1365 1138; x_wconf 85' lang='lat' dir='ltr'><strong>includat</strong></span> <span class='ocrx_word' id='word_1_50' title='bbox 1375 1075 1564 1159; x_wconf 84' lang='lat' dir='ltr'><strong>respectum</strong></span> 
     </span>
     <span class='ocr_line' id='line_1_9' title="bbox 395 1174 1564 1261; baseline 0 -19"><span class='ocrx_word' id='word_1_51' title='bbox 395 1174 440 1242; x_wconf 87' lang='lat' dir='ltr'><strong>ad</strong></span> <span class='ocrx_word' id='word_1_52' title='bbox 455 1174 600 1243; x_wconf 89' lang='lat' dir='ltr'><strong>liberam</strong></span> <span class='ocrx_word' id='word_1_53' title='bbox 617 1180 799 1243; x_wconf 88' lang='lat' dir='ltr'><strong>creaturae</strong></span> <span class='ocrx_word' id='word_1_54' title='bbox 814 1174 1147 1261; x_wconf 76' lang='lat' dir='ltr'><strong>determinationem,</strong></span> <span class='ocrx_word' id='word_1_55' title='bbox 1165 1181 1203 1244; x_wconf 88' lang='lat' dir='ltr'><strong>et</strong></span> <span class='ocrx_word' id='word_1_56' title='bbox 1216 1181 1310 1244; x_wconf 87' lang='lat' dir='ltr'><strong>certe</strong></span> <span class='ocrx_word' id='word_1_57' title='bbox 1323 1197 1394 1243; x_wconf 90' lang='lat' dir='ltr'><strong>non</strong></span> <span class='ocrx_word' id='word_1_58' title='bbox 1410 1175 1462 1244; x_wconf 85' lang='lat' dir='ltr'><strong>sit</strong></span> <span class='ocrx_word' id='word_1_59' title='bbox 1476 1176 1564 1242; x_wconf 81' lang='lat' dir='ltr'><strong>abac</strong></span> 
     </span>
     <span class='ocr_line' id='line_1_10' title="bbox 396 1281 1565 1375; baseline 0.002 -25"><span class='ocrx_word' id='word_1_60' title='bbox 396 1283 470 1351; x_wconf 89' lang='lat' dir='ltr'><strong>lute</strong></span> <span class='ocrx_word' id='word_1_61' title='bbox 492 1282 700 1351; x_wconf 77' lang='lat' dir='ltr'><strong>antecedens</strong></span> <span class='ocrx_word' id='word_1_62' title='bbox 714 1281 909 1368; x_wconf 78' lang='lat' dir='ltr'><strong>scientiam,</strong></span> <span class='ocrx_word' id='word_1_63' title='bbox 927 1283 972 1351; x_wconf 89' lang='lat' dir='ltr'><strong>ad</strong></span> <span class='ocrx_word' id='word_1_64' title='bbox 987 1283 1073 1375; x_wconf 88' lang='lat' dir='ltr'><strong>quid</strong></span> <span class='ocrx_word' id='word_1_65' title='bbox 1089 1290 1209 1352; x_wconf 89' lang='lat' dir='ltr'><strong>creata</strong></span> <span class='ocrx_word' id='word_1_66' title='bbox 1223 1284 1390 1354; x_wconf 85' lang='lat' dir='ltr'><strong>voluntas</strong></span> <span class='ocrx_word' id='word_1_67' title='bbox 1405 1284 1565 1375; x_wconf 73' lang='lat' dir='ltr'><strong>subque</strong></span> 
     </span>
     <span class='ocr_line' id='line_1_11' title="bbox 396 1389 1329 1461; baseline 0.003 -3"><span class='ocrx_word' id='word_1_68' title='bbox 396 1389 452 1458; x_wconf 89' lang='lat' dir='ltr'><strong>vis</strong></span> <span class='ocrx_word' id='word_1_69' title='bbox 476 1389 673 1458; x_wconf 88' lang='lat' dir='ltr'><strong>conditione</strong></span> <span class='ocrx_word' id='word_1_70' title='bbox 697 1410 770 1458; x_wconf 87' lang='lat' dir='ltr'><strong>sese</strong></span> <span class='ocrx_word' id='word_1_71' title='bbox 794 1389 902 1458; x_wconf 90' lang='lat' dir='ltr'><strong>libore</strong></span> <span class='ocrx_word' id='word_1_72' title='bbox 926 1397 1019 1460; x_wconf 87' lang='lat' dir='ltr'><strong>esset</strong></span> <span class='ocrx_word' id='word_1_73' title='bbox 1041 1391 1329 1461; x_wconf 87' lang='lat' dir='ltr'><strong>determinatura.</strong></span> 
     </span>
    </p>

    <p class='ocr_par' dir='ltr' id='par_1_4' title="bbox 394 1496 1565 4502">
     <span class='ocr_line' id='line_1_12' title="bbox 461 1496 1565 1584; baseline 0.003 -19"><span class='ocrx_word' id='word_1_74' title='bbox 461 1497 508 1565; x_wconf 77' lang='lat'><strong>4⁰.</strong></span> <span class='ocrx_word' id='word_1_75' title='bbox 534 1496 632 1579; x_wconf 76' lang='lat' dir='ltr'><strong>Quae</strong></span> <span class='ocrx_word' id='word_1_76' title='bbox 657 1497 825 1568; x_wconf 87' lang='lat' dir='ltr'><strong>hactenns</strong></span> <span class='ocrx_word' id='word_1_77' title='bbox 847 1499 1013 1584; x_wconf 82' lang='lat' dir='ltr'><strong>diximus,</strong></span> <span class='ocrx_word' id='word_1_78' title='bbox 1039 1499 1160 1569; x_wconf 88' lang='lat' dir='ltr'><strong>valent</strong></span> <span class='ocrx_word' id='word_1_79' title='bbox 1182 1499 1294 1568; x_wconf 91' lang='lat' dir='ltr'><strong>solum</strong></span> <span class='ocrx_word' id='word_1_80' title='bbox 1317 1499 1364 1568; x_wconf 83' lang='lat' dir='ltr'><strong>ad</strong></span> <span class='ocrx_word' id='word_1_81' title='bbox 1385 1499 1565 1569; x_wconf 81' lang='lat' dir='ltr'><strong>excluden-</strong></span> 
     </span>
     <span class='ocr_line' id='line_1_13' title="bbox 396 1605 1565 1701; baseline 0 -25"><span class='ocrx_word' id='word_1_82' title='bbox 396 1607 474 1676; x_wconf 85' lang='lat' dir='ltr'><strong>dam</strong></span> <span class='ocrx_word' id='word_1_83' title='bbox 498 1605 691 1674; x_wconf 85' lang='lat' dir='ltr'><strong>doctrinam</strong></span> <span class='ocrx_word' id='word_1_84' title='bbox 707 1606 749 1675; x_wconf 91' lang='lat' dir='ltr'><strong>de</strong></span> <span class='ocrx_word' id='word_1_85' title='bbox 765 1607 915 1678; x_wconf 85' lang='lat' dir='ltr'><strong>decretis</strong></span> <span class='ocrx_word' id='word_1_86' title='bbox 938 1608 1098 1678; x_wconf 89' lang='lat' dir='ltr'><strong>absolute</strong></span> <span class='ocrx_word' id='word_1_87' title='bbox 1120 1607 1418 1692; x_wconf 78' lang='lat' dir='ltr'><strong>antecedentibus,</strong></span> <span class='ocrx_word' id='word_1_88' title='bbox 1446 1609 1565 1701; x_wconf 88' lang='lat' dir='ltr'><strong>quibus</strong></span> 
     </span>
     <span class='ocr_line' id='line_1_14' title="bbox 395 1715 1565 1806; baseline 0.001 -22"><span class='ocrx_word' id='word_1_89' title='bbox 395 1716 490 1784; x_wconf 87' lang='lat' dir='ltr'><strong>Deus</strong></span> <span class='ocrx_word' id='word_1_90' title='bbox 512 1715 605 1784; x_wconf 86' lang='lat' dir='ltr'><strong>citra</strong></span> <span class='ocrx_word' id='word_1_91' title='bbox 634 1723 828 1806; x_wconf 90' lang='lat' dir='ltr'><strong>respectum</strong></span> <span class='ocrx_word' id='word_1_92' title='bbox 853 1739 921 1785; x_wconf 89' lang='lat' dir='ltr'><strong>non</strong></span> <span class='ocrx_word' id='word_1_93' title='bbox 945 1715 1111 1785; x_wconf 90' lang='lat' dir='ltr'><strong>modoad</strong></span> <span class='ocrx_word' id='word_1_94' title='bbox 1142 1716 1409 1805; x_wconf 76' lang='lat' dir='ltr'><strong>praescientiam</strong></span> <span class='ocrx_word' id='word_1_95' title='bbox 1440 1716 1565 1785; x_wconf 85' lang='lat' dir='ltr'><strong>liberae</strong></span> 
     </span>
     <span class='ocr_line' id='line_1_15' title="bbox 396 1823 1563 1915; baseline 0.002 -25"><span class='ocrx_word' id='word_1_96' title='bbox 396 1823 698 1892; x_wconf 86' lang='lat' dir='ltr'><strong>determinationis</strong></span> <span class='ocrx_word' id='word_1_97' title='bbox 715 1829 865 1908; x_wconf 88' lang='lat' dir='ltr'><strong>nostrae,</strong></span> <span class='ocrx_word' id='word_1_98' title='bbox 886 1823 945 1892; x_wconf 85' lang='lat' dir='ltr'><strong>sed</strong></span> <span class='ocrx_word' id='word_1_99' title='bbox 961 1825 1067 1894; x_wconf 86' lang='lat' dir='ltr'><strong>etiam</strong></span> <span class='ocrx_word' id='word_1_100' title='bbox 1083 1825 1175 1893; x_wconf 90' lang='lat' dir='ltr'><strong>citra</strong></span> <span class='ocrx_word' id='word_1_101' title='bbox 1189 1830 1383 1915; x_wconf 87' lang='lat' dir='ltr'><strong>respectum</strong></span> <span class='ocrx_word' id='word_1_102' title='bbox 1398 1825 1446 1893; x_wconf 90' lang='lat' dir='ltr'><strong>ad</strong></span> <span class='ocrx_word' id='word_1_103' title='bbox 1462 1823 1563 1892; x_wconf 87' lang='lat' dir='ltr'><strong>scien·</strong></span> 
     </span>
     <span class='ocr_line' id='line_1_16' title="bbox 395 1930 1565 2001; baseline 0 -1"><span class='ocrx_word' id='word_1_104' title='bbox 395 1932 481 2000; x_wconf 89' lang='lat' dir='ltr'><strong>tiam</strong></span> <span class='ocrx_word' id='word_1_105' title='bbox 505 1931 820 2000; x_wconf 82' lang='lat' dir='ltr'><strong>conditionatorum</strong></span> <span class='ocrx_word' id='word_1_106' title='bbox 843 1953 958 2000; x_wconf 86' lang='lat' dir='ltr'><strong>omnes</strong></span> <span class='ocrx_word' id='word_1_107' title='bbox 981 1937 1083 2000; x_wconf 87' lang='lat' dir='ltr'><strong>actus</strong></span> <span class='ocrx_word' id='word_1_108' title='bbox 1101 1932 1231 2001; x_wconf 87' lang='lat' dir='ltr'><strong>liberos</strong></span> <span class='ocrx_word' id='word_1_109' title='bbox 1248 1931 1305 2001; x_wconf 90' lang='lat' dir='ltr'><strong>vel</strong></span> <span class='ocrx_word' id='word_1_110' title='bbox 1322 1930 1449 2000; x_wconf 84' lang='lat' dir='ltr'><strong>saltem</strong></span> <span class='ocrx_word' id='word_1_111' title='bbox 1471 1939 1565 2000; x_wconf 84' lang='lat' dir='ltr'><strong>actos</strong></span> 
     </span>
     <span class='ocr_line' id='line_1_17' title="bbox 396 2039 1564 2130; baseline 0 -22"><span class='ocrx_word' id='word_1_112' title='bbox 396 2041 499 2108; x_wconf 89' lang='lat' dir='ltr'><strong>bonos</strong></span> <span class='ocrx_word' id='word_1_113' title='bbox 523 2045 764 2108; x_wconf 87' lang='lat' dir='ltr'><strong>creaturarum</strong></span> <span class='ocrx_word' id='word_1_114' title='bbox 789 2039 1016 2130; x_wconf 79' lang='lat' dir='ltr'><strong>praedefinire</strong></span> <span class='ocrx_word' id='word_1_115' title='bbox 1032 2061 1053 2106; x_wconf 88' lang='lat' dir='ltr'><strong>e</strong></span> <span class='ocrx_word' id='word_1_116' title='bbox 1068 2039 1248 2108; x_wconf 91' lang='lat' dir='ltr'><strong>nonnullis</strong></span> <span class='ocrx_word' id='word_1_117' title='bbox 1263 2039 1460 2108; x_wconf 81' lang='lat' dir='ltr'><strong>dicebatur.</strong></span> <span class='ocrx_word' id='word_1_118' title='bbox 1477 2039 1564 2122; x_wconf 84' lang='lat' dir='ltr'><strong>Quid</strong></span> 
     </span>
     <span class='ocr_line' id='line_1_18' title="bbox 394 2146 1563 2238; baseline 0 -24"><span class='ocrx_word' id='word_1_119' title='bbox 394 2155 522 2232; x_wconf 84' lang='lat' dir='ltr'><strong>eutem,</strong></span> <span class='ocrx_word' id='word_1_120' title='bbox 539 2169 650 2216; x_wconf 90' lang='lat' dir='ltr'><strong>nonne</strong></span> <span class='ocrx_word' id='word_1_121' title='bbox 662 2153 779 2238; x_wconf 87' lang='lat' dir='ltr'><strong>posset</strong></span> <span class='ocrx_word' id='word_1_122' title='bbox 791 2171 868 2217; x_wconf 90' lang='lat' dir='ltr'><strong>cum</strong></span> <span class='ocrx_word' id='word_1_123' title='bbox 881 2147 1012 2217; x_wconf 81' lang='lat' dir='ltr'><strong>Suarea</strong></span> <span class='ocrx_word' id='word_1_124' title='bbox 1025 2147 1166 2238; x_wconf 88' lang='lat' dir='ltr'><strong>(Opusc.</strong></span> <span class='ocrx_word' id='word_1_125' title='bbox 1177 2149 1219 2218; x_wconf 93' lang='lat' dir='ltr'><strong>de</strong></span> <span class='ocrx_word' id='word_1_126' title='bbox 1231 2146 1375 2216; x_wconf 79' lang='lat' dir='ltr'><strong>auxill.</strong></span> <span class='ocrx_word' id='word_1_127' title='bbox 1385 2147 1456 2216; x_wconf 91' lang='grc' dir='ltr'><strong>ΠΙ.</strong></span> <span class='ocrx_word' id='word_1_128' title='bbox 1465 2148 1563 2232; x_wconf 72' lang='lat' dir='ltr'><strong>cll.)</strong></span> 
     </span>
     <span class='ocr_line' id='line_1_19' title="bbox 395 2253 1562 2348; baseline -0.002 -24"><span class='ocrx_word' id='word_1_129' title='bbox 395 2255 529 2346; x_wconf 91' lang='lat' dir='ltr'><strong>concipi</strong></span> <span class='ocrx_word' id='word_1_130' title='bbox 552 2253 748 2341; x_wconf 87' lang='lat' dir='ltr'><strong>decretum,</strong></span> <span class='ocrx_word' id='word_1_131' title='bbox 774 2279 842 2348; x_wconf 89' lang='lat' dir='ltr'><strong>quo</strong></span> <span class='ocrx_word' id='word_1_132' title='bbox 865 2257 960 2326; x_wconf 91' lang='lat' dir='ltr'><strong>Deus</strong></span> <span class='ocrx_word' id='word_1_133' title='bbox 983 2256 1134 2346; x_wconf 92' lang='lat' dir='ltr'><strong>primum</strong></span> <span class='ocrx_word' id='word_1_134' title='bbox 1161 2256 1319 2325; x_wconf 84' lang='lat' dir='ltr'><strong>absolute</strong></span> <span class='ocrx_word' id='word_1_135' title='bbox 1343 2253 1435 2324; x_wconf 87' lang='lat' dir='ltr'><strong>velit</strong></span> <span class='ocrx_word' id='word_1_136' title='bbox 1456 2277 1562 2324; x_wconf 86' lang='lat' dir='ltr'><strong>omnes</strong></span> 
     </span>
     <span class='ocr_line' id='line_1_20' title="bbox 395 2363 1561 2454; baseline -0.003 -22"><span class='ocrx_word' id='word_1_137' title='bbox 395 2369 496 2432; x_wconf 82' lang='lat' dir='ltr'><strong>actus</strong></span> <span class='ocrx_word' id='word_1_138' title='bbox 520 2363 806 2454; x_wconf 85' lang='lat' dir='ltr'><strong>supernaturales</strong></span> <span class='ocrx_word' id='word_1_139' title='bbox 829 2369 1069 2434; x_wconf 88' lang='lat' dir='ltr'><strong>creaturarum</strong></span> <span class='ocrx_word' id='word_1_140' title='bbox 1086 2387 1164 2434; x_wconf 89' lang='lat' dir='ltr'><strong>oum</strong></span> <span class='ocrx_word' id='word_1_141' title='bbox 1180 2364 1339 2432; x_wconf 89' lang='lat' dir='ltr'><strong>omuibus</strong></span> <span class='ocrx_word' id='word_1_142' title='bbox 1355 2363 1431 2432; x_wconf 84' lang='lat' dir='ltr'><strong>suis</strong></span> <span class='ocrx_word' id='word_1_143' title='bbox 1447 2363 1561 2432; x_wconf 90' lang='lat' dir='ltr'><strong>adiuu-</strong></span> 
     </span>
     <span class='ocr_line' id='line_1_21' title="bbox 396 2469 1560 2557; baseline -0.003 -17"><span class='ocrx_word' id='word_1_144' title='bbox 396 2469 464 2540; x_wconf 89' lang='lat' dir='ltr'><strong>ctis</strong></span> <span class='ocrx_word' id='word_1_145' title='bbox 488 2471 525 2538; x_wconf 92' lang='lat' dir='ltr'><strong>in</strong></span> <span class='ocrx_word' id='word_1_146' title='bbox 549 2470 744 2557; x_wconf 86' lang='lat' dir='ltr'><strong>individno;</strong></span> <span class='ocrx_word' id='word_1_147' title='bbox 769 2477 845 2539; x_wconf 90' lang='lat' dir='ltr'><strong>tum</strong></span> <span class='ocrx_word' id='word_1_148' title='bbox 868 2493 951 2538; x_wconf 84' lang='lat' dir='ltr'><strong>vero</strong></span> <span class='ocrx_word' id='word_1_149' title='bbox 967 2469 1144 2540; x_wconf 87' lang='lat' dir='ltr'><strong>decretum</strong></span> <span class='ocrx_word' id='word_1_150' title='bbox 1167 2469 1267 2540; x_wconf 88' lang='lat' dir='ltr'><strong>aliud</strong></span> <span class='ocrx_word' id='word_1_151' title='bbox 1286 2469 1423 2539; x_wconf 74' lang='lat' dir='ltr'><strong>mtioue</strong></span> <span class='ocrx_word' id='word_1_152' title='bbox 1445 2469 1560 2539; x_wconf 87' lang='lat' dir='ltr'><strong>distin·</strong></span> 
     </span>
     <span class='ocr_line' id='line_1_22' title="bbox 397 2577 1557 2676; baseline -0.005 -28"><span class='ocrx_word' id='word_1_153' title='bbox 397 2586 504 2663; x_wconf 89' lang='lat' dir='ltr'><strong>ctum,</strong></span> <span class='ocrx_word' id='word_1_154' title='bbox 524 2601 591 2670; x_wconf 91' lang='lat' dir='ltr'><strong>qno</strong></span> <span class='ocrx_word' id='word_1_155' title='bbox 614 2577 769 2647; x_wconf 87' lang='lat' dir='ltr'><strong>destinet</strong></span> <span class='ocrx_word' id='word_1_156' title='bbox 791 2578 927 2676; x_wconf 80' lang='lat' dir='ltr'><strong>gratias</strong></span> <span class='ocrx_word' id='word_1_157' title='bbox 944 2599 1127 2668; x_wconf 77' lang='lat' dir='ltr'><strong>congruas,</strong></span> <span class='ocrx_word' id='word_1_158' title='bbox 1147 2579 1212 2646; x_wconf 91' lang='lat' dir='ltr'><strong>sub</strong></span> <span class='ocrx_word' id='word_1_159' title='bbox 1227 2578 1354 2670; x_wconf 88' lang='lat' dir='ltr'><strong>quibus</strong></span> <span class='ocrx_word' id='word_1_160' title='bbox 1373 2577 1557 2668; x_wconf 82' lang='lat' dir='ltr'><strong>praevidet,</strong></span> 
     </span>
     <span class='ocr_line' id='line_1_23' title="bbox 398 2684 1560 2775; baseline -0.003 -21"><span class='ocrx_word' id='word_1_161' title='bbox 398 2707 514 2754; x_wconf 88' lang='lat' dir='ltr'><strong>omnes</strong></span> <span class='ocrx_word' id='word_1_162' title='bbox 537 2685 618 2753; x_wconf 93' lang='lat' dir='ltr'><strong>illos</strong></span> <span class='ocrx_word' id='word_1_163' title='bbox 640 2693 758 2770; x_wconf 88' lang='lat' dir='ltr'><strong>actus,</strong></span> <span class='ocrx_word' id='word_1_164' title='bbox 785 2685 944 2775; x_wconf 84' lang='lat' dir='ltr'><strong>singulos</strong></span> <span class='ocrx_word' id='word_1_165' title='bbox 966 2684 1005 2752; x_wconf 92' lang='lat' dir='ltr'><strong>in</strong></span> <span class='ocrx_word' id='word_1_166' title='bbox 1028 2707 1091 2754; x_wconf 90' lang='lat' dir='ltr'><strong>suo</strong></span> <span class='ocrx_word' id='word_1_167' title='bbox 1114 2685 1229 2775; x_wconf 81' lang='lat' dir='ltr'><strong>gradu</strong></span> <span class='ocrx_word' id='word_1_168' title='bbox 1251 2691 1287 2754; x_wconf 91' lang='lat' dir='ltr'><strong>et</strong></span> <span class='ocrx_word' id='word_1_169' title='bbox 1310 2709 1389 2755; x_wconf 89' lang='lat' dir='ltr'><strong>cum</strong></span> <span class='ocrx_word' id='word_1_170' title='bbox 1412 2685 1560 2753; x_wconf 80' lang='lat' dir='ltr'><strong>omnibus</strong></span> 
     </span>
     <span class='ocr_line' id='line_1_24' title="bbox 398 2793 1559 2883; baseline 0 -21"><span class='ocrx_word' id='word_1_171' title='bbox 398 2793 575 2862; x_wconf 85' lang='lat' dir='ltr'><strong>adiunctis</strong></span> <span class='ocrx_word' id='word_1_172' title='bbox 605 2793 862 2883; x_wconf 87' lang='lat' dir='ltr'><strong>praedefinitos,</strong></span> <span class='ocrx_word' id='word_1_173' title='bbox 888 2813 911 2861; x_wconf 85' lang='lat' dir='ltr'><strong>a</strong></span> <span class='ocrx_word' id='word_1_174' title='bbox 940 2794 1069 2862; x_wconf 88' lang='lat' dir='ltr'><strong>creatis</strong></span> <span class='ocrx_word' id='word_1_175' title='bbox 1093 2793 1337 2862; x_wconf 83' lang='lat' dir='ltr'><strong>voluntatibus</strong></span> <span class='ocrx_word' id='word_1_176' title='bbox 1367 2816 1443 2863; x_wconf 73' lang='lat' dir='ltr'><strong>asoe</strong></span> <span class='ocrx_word' id='word_1_177' title='bbox 1464 2793 1559 2862; x_wconf 86' lang='lat' dir='ltr'><strong>libere</strong></span> 
     </span>
     <span class='ocr_line' id='line_1_25' title="bbox 399 2899 1559 2991; baseline 0 -23"><span class='ocrx_word' id='word_1_178' title='bbox 399 2899 611 2970; x_wconf 79' lang='lat' dir='ltr'><strong>eliciendos?</strong></span> <span class='ocrx_word' id='word_1_179' title='bbox 635 2900 708 2968; x_wconf 90' lang='lat' dir='ltr'><strong>Hoc</strong></span> <span class='ocrx_word' id='word_1_180' title='bbox 732 2907 847 2968; x_wconf 90' lang='lat' dir='ltr'><strong>autem</strong></span> <span class='ocrx_word' id='word_1_181' title='bbox 871 2901 983 2990; x_wconf 89' lang='lat' dir='ltr'><strong>posito</strong></span> <span class='ocrx_word' id='word_1_182' title='bbox 1006 2899 1076 2968; x_wconf 89' lang='lat' dir='ltr'><strong>iam</strong></span> <span class='ocrx_word' id='word_1_183' title='bbox 1100 2922 1216 2968; x_wconf 86' lang='lat' dir='ltr'><strong>omncs</strong></span> <span class='ocrx_word' id='word_1_184' title='bbox 1238 2907 1341 2969; x_wconf 86' lang='lat' dir='ltr'><strong>actus</strong></span> <span class='ocrx_word' id='word_1_185' title='bbox 1363 2907 1559 2991; x_wconf 81' lang='lat' dir='ltr'><strong>supernatu-</strong></span> 
     </span>
     <span class='ocr_line' id='line_1_26' title="bbox 398 3007 1558 3097; baseline -0.002 -21"><span class='ocrx_word' id='word_1_186' title='bbox 398 3009 490 3076; x_wconf 87' lang='lat' dir='ltr'><strong>rales</strong></span> <span class='ocrx_word' id='word_1_187' title='bbox 506 3008 764 3097; x_wconf 82' lang='lat' dir='ltr'><strong>praescirentur</strong></span> <span class='ocrx_word' id='word_1_188' title='bbox 779 3008 816 3076; x_wconf 93' lang='lat' dir='ltr'><strong>in</strong></span> <span class='ocrx_word' id='word_1_189' title='bbox 832 3007 991 3077; x_wconf 88' lang='lat' dir='ltr'><strong>absoluto</strong></span> <span class='ocrx_word' id='word_1_190' title='bbox 1007 3009 1073 3077; x_wconf 92' lang='lat' dir='ltr'><strong>Dei</strong></span> <span class='ocrx_word' id='word_1_191' title='bbox 1088 3007 1226 3078; x_wconf 89' lang='lat' dir='ltr'><strong>decreto</strong></span> <span class='ocrx_word' id='word_1_192' title='bbox 1241 3007 1479 3078; x_wconf 86' lang='lat' dir='ltr'><strong>antecedente.</strong></span> <span class='ocrx_word' id='word_1_193' title='bbox 1494 3009 1558 3077; x_wconf 87' lang='lat' dir='ltr'><strong>Non</strong></span> 
     </span>
     <span class='ocr_line' id='line_1_27' title="bbox 398 3115 1557 3208; baseline -0.003 -22"><span class='ocrx_word' id='word_1_194' title='bbox 398 3119 525 3186; x_wconf 89' lang='lat' dir='ltr'><strong>desunt</strong></span> <span class='ocrx_word' id='word_1_195' title='bbox 538 3115 694 3205; x_wconf 80' lang='lat' dir='ltr'><strong>theologi</strong></span> <span class='ocrx_word' id='word_1_196' title='bbox 712 3115 899 3207; x_wconf 84' lang='lat' dir='ltr'><strong>(Vesqucz,</strong></span> <span class='ocrx_word' id='word_1_197' title='bbox 914 3115 1070 3200; x_wconf 88' lang='lat' dir='ltr'><strong>Lassius,</strong></span> <span class='ocrx_word' id='word_1_198' title='bbox 1085 3116 1212 3185; x_wconf 87' lang='lat' dir='ltr'><strong>Herice</strong></span> <span class='ocrx_word' id='word_1_199' title='bbox 1227 3120 1323 3204; x_wconf 75' lang='lat' dir='ltr'><strong>eta),</strong></span> <span class='ocrx_word' id='word_1_200' title='bbox 1338 3117 1401 3208; x_wconf 87' lang='lat' dir='ltr'><strong>qui</strong></span> <span class='ocrx_word' id='word_1_201' title='bbox 1418 3121 1557 3198; x_wconf 85' lang='lat' dir='ltr'><strong>censent,</strong></span> 
     </span>
     <span class='ocr_line' id='line_1_28' title="bbox 399 3223 1561 3314; baseline -0.001 -20"><span class='ocrx_word' id='word_1_202' title='bbox 399 3245 476 3294; x_wconf 91' lang='lat' dir='ltr'><strong>cum</strong></span> <span class='ocrx_word' id='word_1_203' title='bbox 499 3224 632 3292; x_wconf 86' lang='lat' dir='ltr'><strong>talibus</strong></span> <span class='ocrx_word' id='word_1_204' title='bbox 659 3223 764 3292; x_wconf 88' lang='lat' dir='ltr'><strong>etiam</strong></span> <span class='ocrx_word' id='word_1_205' title='bbox 795 3223 1141 3313; x_wconf 85' lang='lat' dir='ltr'><strong>praedefinitionibus</strong></span> <span class='ocrx_word' id='word_1_206' title='bbox 1169 3223 1368 3292; x_wconf 84' lang='lat' dir='ltr'><strong>libertatem</strong></span> <span class='ocrx_word' id='word_1_207' title='bbox 1398 3224 1561 3314; x_wconf 81' lang='lat' dir='ltr'><strong>integram</strong></span> 
     </span>
     <span class='ocr_line' id='line_1_29' title="bbox 399 3329 1557 3422; baseline -0.002 -21"><span class='ocrx_word' id='word_1_208' title='bbox 399 3331 587 3401; x_wconf 84' lang='lat' dir='ltr'><strong>consistere</strong></span> <span class='ocrx_word' id='word_1_209' title='bbox 610 3353 679 3399; x_wconf 92' lang='lat' dir='ltr'><strong>non</strong></span> <span class='ocrx_word' id='word_1_210' title='bbox 702 3353 811 3420; x_wconf 89' lang='lat' dir='ltr'><strong>posse.</strong></span> <span class='ocrx_word' id='word_1_211' title='bbox 838 3329 933 3399; x_wconf 87' lang='lat' dir='ltr'><strong>Haec</strong></span> <span class='ocrx_word' id='word_1_212' title='bbox 955 3337 1072 3400; x_wconf 89' lang='lat' dir='ltr'><strong>tamen</strong></span> <span class='ocrx_word' id='word_1_213' title='bbox 1102 3332 1281 3422; x_wconf 85' lang='lat' dir='ltr'><strong>responsio</strong></span> <span class='ocrx_word' id='word_1_214' title='bbox 1304 3353 1373 3399; x_wconf 91' lang='lat' dir='ltr'><strong>ucn</strong></span> <span class='ocrx_word' id='word_1_215' title='bbox 1395 3338 1453 3400; x_wconf 90' lang='lat' dir='ltr'><strong>est</strong></span> <span class='ocrx_word' id='word_1_216' title='bbox 1476 3351 1557 3401; x_wconf 83' lang='lat' dir='ltr'><strong>vera</strong></span> 
     </span>
     <span class='ocr_line' id='line_1_30' title="bbox 398 3437 1559 3531; baseline 0 -23"><span class='ocrx_word' id='word_1_217' title='bbox 398 3441 440 3508; x_wconf 86' lang='lat' dir='ltr'><strong>ln</strong></span> <span class='ocrx_word' id='word_1_218' title='bbox 465 3439 529 3506; x_wconf 91' lang='lat' dir='ltr'><strong>illa</strong></span> <span class='ocrx_word' id='word_1_219' title='bbox 551 3439 643 3506; x_wconf 87' lang='lat' dir='ltr'><strong>enim</strong></span> <span class='ocrx_word' id='word_1_220' title='bbox 667 3437 856 3528; x_wconf 85' lang='lat' dir='ltr'><strong>hypothesi</strong></span> <span class='ocrx_word' id='word_1_221' title='bbox 878 3438 1138 3508; x_wconf 83' lang='lat' dir='ltr'><strong>infallibilitate</strong></span> <span class='ocrx_word' id='word_1_222' title='bbox 1161 3439 1298 3531; x_wconf 89' lang='lat' dir='ltr'><strong>quidam</strong></span> <span class='ocrx_word' id='word_1_223' title='bbox 1321 3439 1559 3519; x_wconf 85' lang='lat' dir='ltr'><strong>antecedente,</strong></span> 
     </span>
     <span class='ocr_line' id='line_1_31' title="bbox 398 3545 1560 3638; baseline -0.003 -22"><span class='ocrx_word' id='word_1_224' title='bbox 398 3570 467 3616; x_wconf 91' lang='lat' dir='ltr'><strong>non</strong></span> <span class='ocrx_word' id='word_1_225' title='bbox 483 3569 566 3616; x_wconf 88' lang='lat' dir='ltr'><strong>vero</strong></span> <span class='ocrx_word' id='word_1_226' title='bbox 581 3547 788 3616; x_wconf 85' lang='lat' dir='ltr'><strong>necessitate</strong></span> <span class='ocrx_word' id='word_1_227' title='bbox 804 3545 1028 3616; x_wconf 87' lang='lat' dir='ltr'><strong>antecedente</strong></span> <span class='ocrx_word' id='word_1_228' title='bbox 1044 3547 1104 3616; x_wconf 91' lang='lat' dir='ltr'><strong>sed</strong></span> <span class='ocrx_word' id='word_1_229' title='bbox 1119 3547 1231 3616; x_wconf 87' lang='lat' dir='ltr'><strong>libera</strong></span> <span class='ocrx_word' id='word_1_230' title='bbox 1245 3569 1389 3638; x_wconf 86' lang='lat' dir='ltr'><strong>prorsus</strong></span> <span class='ocrx_word' id='word_1_231' title='bbox 1405 3547 1560 3617; x_wconf 87' lang='lat' dir='ltr'><strong>electione</strong></span> 
     </span>
     <span class='ocr_line' id='line_1_32' title="bbox 399 3642 1560 3744; baseline -0.004 -19"><span class='ocrx_word' id='word_1_232' title='bbox 399 3679 515 3725; x_wconf 88' lang='lat' dir='ltr'><strong>omnes</strong></span> <span class='ocrx_word' id='word_1_233' title='bbox 527 3655 583 3723; x_wconf 93' lang='lat' dir='ltr'><strong>illi</strong></span> <span class='ocrx_word' id='word_1_234' title='bbox 595 3642 696 3724; x_wconf 82' lang='lat' dir='ltr'><strong>actus</strong></span> <span class='ocrx_word' id='word_1_235' title='bbox 708 3653 917 3724; x_wconf 89' lang='lat' dir='ltr'><strong>elicerentur</strong></span> <span class='ocrx_word' id='word_1_236' title='bbox 932 3657 997 3723; x_wconf 90' lang='lat' dir='ltr'><strong>sub</strong></span> <span class='ocrx_word' id='word_1_237' title='bbox 1014 3655 1144 3744; x_wconf 83' lang='lat' dir='ltr'><strong>gratia,</strong></span> <span class='ocrx_word' id='word_1_238' title='bbox 1160 3655 1218 3724; x_wconf 92' lang='lat' dir='ltr'><strong>oui</strong></span> <span class='ocrx_word' id='word_1_239' title='bbox 1233 3655 1399 3724; x_wconf 82' lang='lat' dir='ltr'><strong>voluutas</strong></span> <span class='ocrx_word' id='word_1_240' title='bbox 1411 3656 1560 3724; x_wconf 75' lang='lat' dir='ltr'><strong>maistere</strong></span> 
     </span>
     <span class='ocr_line' id='line_1_33' title="bbox 399 3763 1559 3858; baseline 0 -24"><span class='ocrx_word' id='word_1_241' title='bbox 399 3771 514 3858; x_wconf 88' lang='lat' dir='ltr'><strong>posset</strong></span> <span class='ocrx_word' id='word_1_242' title='bbox 537 3787 606 3831; x_wconf 91' lang='lat' dir='ltr'><strong>non</strong></span> <span class='ocrx_word' id='word_1_243' title='bbox 630 3769 745 3832; x_wconf 88' lang='lat' dir='ltr'><strong>autom</strong></span> <span class='ocrx_word' id='word_1_244' title='bbox 769 3763 941 3832; x_wconf 79' lang='lat' dir='ltr'><strong>restitere</strong></span> <span class='ocrx_word' id='word_1_245' title='bbox 963 3785 1038 3832; x_wconf 87' lang='lat' dir='ltr'><strong>esse</strong></span> <span class='ocrx_word' id='word_1_246' title='bbox 1060 3763 1301 3832; x_wconf 81' lang='lat' dir='ltr'><strong>infallibiliter</strong></span> <span class='ocrx_word' id='word_1_247' title='bbox 1335 3783 1559 3854; x_wconf 69' lang='lat' dir='ltr'><strong>praenoscere</strong></span> 
     </span>
     <span class='ocr_line' id='line_1_34' title="bbox 399 3869 1559 3961; baseline -0.003 -19"><span class='ocrx_word' id='word_1_248' title='bbox 399 3881 461 3942; x_wconf 89' lang='lat' dir='ltr'><strong>tur</strong></span> <span class='ocrx_word' id='word_1_249' title='bbox 484 3871 632 3961; x_wconf 90' lang='lat' dir='ltr'><strong>primum</strong></span> <span class='ocrx_word' id='word_1_250' title='bbox 649 3891 711 3960; x_wconf 89' lang='lat' dir='ltr'><strong>per</strong></span> <span class='ocrx_word' id='word_1_251' title='bbox 728 3869 911 3938; x_wconf 88' lang='lat' dir='ltr'><strong>scientiam</strong></span> <span class='ocrx_word' id='word_1_252' title='bbox 934 3869 1262 3954; x_wconf 89' lang='lat' dir='ltr'><strong>conditionatorum,</strong></span> <span class='ocrx_word' id='word_1_253' title='bbox 1280 3877 1317 3938; x_wconf 86' lang='lat' dir='ltr'><strong>et</strong></span> <span class='ocrx_word' id='word_1_254' title='bbox 1331 3869 1455 3940; x_wconf 89' lang='lat' dir='ltr'><strong>deinde</strong></span> <span class='ocrx_word' id='word_1_255' title='bbox 1477 3889 1559 3961; x_wconf 74' lang='lat' dir='ltr'><strong>prae</strong></span> 
     </span>
     <span class='ocr_line' id='line_1_35' title="bbox 399 3977 1558 4068; baseline -0.005 -19"><span class='ocrx_word' id='word_1_256' title='bbox 399 3981 533 4050; x_wconf 84' lang='lat' dir='ltr'><strong>visione</strong></span> <span class='ocrx_word' id='word_1_257' title='bbox 556 3978 669 4068; x_wconf 88' lang='lat' dir='ltr'><strong>ipsius</strong></span> <span class='ocrx_word' id='word_1_258' title='bbox 692 3977 795 4046; x_wconf 90' lang='lat' dir='ltr'><strong>liberi</strong></span> <span class='ocrx_word' id='word_1_259' title='bbox 820 4001 1017 4046; x_wconf 89' lang='lat' dir='ltr'><strong>consensus.</strong></span> <span class='ocrx_word' id='word_1_260' title='bbox 1037 3978 1138 4046; x_wconf 87' lang='lat' dir='ltr'><strong>Unde</strong></span> <span class='ocrx_word' id='word_1_261' title='bbox 1155 3977 1245 4046; x_wconf 89' lang='lat' dir='ltr'><strong>tales</strong></span> <span class='ocrx_word' id='word_1_262' title='bbox 1268 3977 1558 4067; x_wconf 85' lang='lat' dir='ltr'><strong>praedefinitiones</strong></span> 
     </span>
     <span class='ocr_line' id='line_1_36' title="bbox 399 4085 1555 4176; baseline -0.006 -18"><span class='ocrx_word' id='word_1_263' title='bbox 399 4089 499 4158; x_wconf 87' lang='lat' dir='ltr'><strong>salva</strong></span> <span class='ocrx_word' id='word_1_264' title='bbox 521 4089 685 4156; x_wconf 87' lang='lat' dir='ltr'><strong>libertate</strong></span> <span class='ocrx_word' id='word_1_265' title='bbox 708 4089 827 4156; x_wconf 85' lang='lat' dir='ltr'><strong>create</strong></span> <span class='ocrx_word' id='word_1_266' title='bbox 851 4085 1033 4176; x_wconf 88' lang='lat' dir='ltr'><strong>possibiles</strong></span> <span class='ocrx_word' id='word_1_267' title='bbox 1048 4107 1123 4154; x_wconf 88' lang='lat' dir='ltr'><strong>esse</strong></span> <span class='ocrx_word' id='word_1_268' title='bbox 1139 4107 1208 4154; x_wconf 92' lang='lat' dir='ltr'><strong>non</strong></span> <span class='ocrx_word' id='word_1_269' title='bbox 1232 4107 1415 4174; x_wconf 76' lang='lat' dir='ltr'><strong>negamus,</strong></span> <span class='ocrx_word' id='word_1_270' title='bbox 1432 4087 1487 4155; x_wconf 89' lang='lat' dir='ltr'><strong>ssd</strong></span> <span class='ocrx_word' id='word_1_271' title='bbox 1507 4104 1555 4151; x_wconf 87' lang='lat' dir='ltr'><strong>eae</strong></span> 
     </span>
     <span class='ocr_line' id='line_1_37' title="bbox 398 4193 1552 4286; baseline -0.005 -21"><span class='ocrx_word' id='word_1_272' title='bbox 398 4221 467 4266; x_wconf 93' lang='lat' dir='ltr'><strong>non</strong></span> <span class='ocrx_word' id='word_1_273' title='bbox 484 4197 702 4286; x_wconf 89' lang='lat' dir='ltr'><strong>complentur</strong></span> <span class='ocrx_word' id='word_1_274' title='bbox 717 4195 867 4264; x_wconf 88' lang='lat' dir='ltr'><strong>decretis</strong></span> <span class='ocrx_word' id='word_1_275' title='bbox 882 4195 1040 4264; x_wconf 84' lang='lat' dir='ltr'><strong>absolute</strong></span> <span class='ocrx_word' id='word_1_276' title='bbox 1056 4193 1354 4278; x_wconf 59' lang='lat' dir='ltr'><strong>senonensibus,</strong></span> <span class='ocrx_word' id='word_1_277' title='bbox 1373 4219 1449 4264; x_wconf 88' lang='lat' dir='ltr'><strong>cum</strong></span> <span class='ocrx_word' id='word_1_278' title='bbox 1463 4193 1552 4262; x_wconf 78' lang='lat' dir='ltr'><strong>scien</strong></span> 
     </span>
     <span class='ocr_line' id='line_1_38' title="bbox 398 4299 1551 4392; baseline -0.007 -18"><span class='ocrx_word' id='word_1_279' title='bbox 398 4305 484 4374; x_wconf 89' lang='lat' dir='ltr'><strong>tiam</strong></span> <span class='ocrx_word' id='word_1_280' title='bbox 500 4303 814 4372; x_wconf 86' lang='lat' dir='ltr'><strong>conditionatornm</strong></span> <span class='ocrx_word' id='word_1_281' title='bbox 830 4303 1026 4372; x_wconf 88' lang='lat' dir='ltr'><strong>includant.</strong></span> <span class='ocrx_word' id='word_1_282' title='bbox 1037 4301 1097 4372; x_wconf 87' lang='lat' dir='ltr'><strong>An</strong></span> <span class='ocrx_word' id='word_1_283' title='bbox 1112 4323 1195 4370; x_wconf 88' lang='lat' dir='ltr'><strong>vero</strong></span> <span class='ocrx_word' id='word_1_284' title='bbox 1213 4301 1437 4392; x_wconf 82' lang='lat' dir='ltr'><strong>providentia</strong></span> <span class='ocrx_word' id='word_1_285' title='bbox 1449 4299 1551 4370; x_wconf 80' lang='lat' dir='ltr'><strong>divina</strong></span> 
     </span>
     <span class='ocr_line' id='line_1_39' title="bbox 399 4407 1547 4502; baseline 0.001 -21"><span class='ocrx_word' id='word_1_286' title='bbox 399 4413 513 4502; x_wconf 81' lang='lat' dir='ltr'><strong>reipsa</strong></span> <span class='ocrx_word' id='word_1_287' title='bbox 535 4411 667 4480; x_wconf 89' lang='lat' dir='ltr'><strong>talibus</strong></span> <span class='ocrx_word' id='word_1_288' title='bbox 691 4411 1036 4500; x_wconf 87' lang='lat' dir='ltr'><strong>praedefinitionibus</strong></span> <span class='ocrx_word' id='word_1_289' title='bbox 1058 4409 1187 4480; x_wconf 87' lang='lat' dir='ltr'><strong>liberas</strong></span> <span class='ocrx_word' id='word_1_290' title='bbox 1211 4418 1393 4480; x_wconf 84' lang='lat' dir='ltr'><strong>creaturas</strong></span> <span class='ocrx_word' id='word_1_291' title='bbox 1416 4407 1547 4494; x_wconf 57' lang='lat' dir='ltr'><strong>ffirigtts</strong></span> 
     </span>
    </p>
   </div>
   <div class='ocr_carea' id='block_1_3' title="bbox 0 0 1622 5072">
    <p class='ocr_par' dir='ltr' id='par_1_5' title="bbox 0 0 1622 5072">
     <span class='ocr_line' id='line_1_40' title="bbox 0 0 1622 5072; baseline 0 0"><span class='ocrx_word' id='word_1_292' title='bbox 0 0 1622 5072; x_wconf 95' lang='lat' dir='ltr'><strong> </strong></span> 
     </span>
    </p>
   </div>
  </div>
 </body>
</html>
