3224 5068
527 383 564 397 ..
586 349 647 410 239
668 380 706 394 -

48 481 115 527 rum
138 457 257 527 dicunt
279 479 354 526 esse
370 456 591 548 negationem
606 456 684 541 Dei,
698 450 972 546 polytheismnm
994 474 1068 521 esse
1093 451 1205 522 athei·

48 590 146 634 smum
160 558 222 654 (τιν
237 563 446 630 scivissem
466 561 621 632 ἀθιιιιτα
635 559 708 628 ierne
720 560 844 650 λεγομεν
855 561 991 632 Athen.
1003 566 1095 630 cont.
1106 565 1211 650 gent..

46 697 75 741 ι.
92 673 146 742 24.
160 673 245 757 40.).

477 878 622 940 THESIS
642 880 760 940 XXVI.

225 1023 273 1086 De
294 1022 417 1084 unitate
438 1021 654 1100 simplicitatis
675 1024 712 1081 ia
733 1022 853 1081 divina
872 1029 1010 1080 cataro.

103 1225 117 1252 ι
129 1205 171 1257 Ex
193 1203 390 1258 inmensitate
409 1203 543 1257 absoluta
561 1203 738 1279 perfectione
757 1201 875 1257 divinae
897 1203 1040 1257 essentiae
1060 1217 1148 1270 seque
1175 1219 1208 1256 ac

48 1296 164 1348 vanitas
183 1295 237 1349 Ilei
259 1294 318 1348 site
338 1296 370 1348 in
391 1294 585 1362 repugnantia
607 1293 861 1360 multiplicationis
884 1296 1004 1346 naturae
1023 1293 1209 1360 consequitur

48 1383 171 1450 eunitae,
190 1399 264 1451 quae
283 1387 328 1436 est
349 1383 484 1436 absoluta
505 1383 677 1450 simplicitas
699 1384 773 1436 citra
789 1382 922 1450 quamvis
940 1383 971 1435 in
984 1383 1042 1436 Deo
1060 1382 1123 1449 ipso
1136 1397 1209 1436 com·

47 1475 236 1540 aperitionem
256 1475 318 1528 eive
335 1474 484 1542 physicam
506 1473 567 1528 sive
587 1474 822 1542 metaphysicam.
850 1475 1070 1530 Demonstratnr
1097 1473 1129 1526 id
1148 1474 1207 1541 pri·

47 1585 136 1623 »mun
156 1587 191 1624 ex
213 1571 279 1638 ipsa
296 1571 458 1624 intrinseca
476 1569 590 1623 ratione
610 1570 841 1637 compositionis,
862 1584 934 1638 quae
961 1569 1122 1624 necessario
1141 1585 1206 1637 sup-

48 1662 146 1727 ·ponit
163 1660 417 1728 imperfectionem.
432 1681 445 1708 ι

102 1875 192 1958 Quia
214 1874 314 1942 nobis
337 1873 479 1943 facilior
501 1879 555 1942 eet
577 1871 768 1962 explicatio
792 1871 975 1962 compositi
1000 1895 1103 1964 quam
1127 1871 1206 1940 sim-

48 1981 148 2072 plicis,
166 1981 232 2050 hoc
254 2003 296 2050 ex
320 1981 384 2050 illo
408 1987 586 2073 tamquam
608 1980 739 2048 notiori
763 1979 992 2048 declaramus.
1007 1979 1051 2046 In
1075 2001 1207 2069 compo·

47 2089 104 2158 sito
125 2093 160 2175 a)
176 2089 329 2180 spectari
352 2089 478 2158 debent
501 2094 638 2178 partes,
664 2087 740 2155 sive
763 2109 825 2176 per
855 2109 892 2154 se
923 2085 1085 2176 singulae
1107 2084 1146 2152 in
1169 2107 1208 2153 re

47 2195 112 2286 ipen
132 2196 318 2288 physicum
341 2195 477 2288 aliquid
500 2195 574 2264 sint
588 2193 733 2264 realiter
749 2193 956 2268 distinctum
972 2195 1015 2262 sb
1030 2192 1112 2260 aliis
1130 2215 1207 2285 per-

48 2304 147 2390 tibus,
165 2311 271 2396 atque
294 2303 378 2372 adeo
402 2309 521 2393 partes
553 2303 627 2370 sint
656 2302 768 2370 reales
798 2307 1038 2392 componentes
1067 2289 1204 2386 totum,

48 2412 228 2481 cuiusmodi
251 2416 337 2482 snut
359 2411 507 2479 materia
529 2415 565 2478 et
588 2411 701 2478 forma
724 2409 971 2478 substantialis
987 2432 1017 2478 e.
1037 2434 1072 2499 g.
1091 2409 1130 2476 in
1147 2410 1206 2476 ho-

48 2521 136 2606 mine,
160 2526 280 2610 partes
302 2518 522 2608 integrantes
545 2517 583 2584 in
607 2539 759 2607 corpore,
779 2525 884 2608 atque
900 2517 1099 2585 substantia
1116 2515 1206 2585 eius-

50 2651 105 2718 que
124 2625 332 2710 accidentia,
351 2647 439 2716 quoe
462 2623 549 2694 meri
571 2625 663 2692 modi
687 2647 755 2692 non
779 2632 874 2711 sunt;
900 2625 975 2692 sive
999 2631 1118 2714 partes
1137 2647 1206 2692 non

49 2735 110 2803 siut
128 2757 184 2803 res
206 2734 244 2802 in
268 2733 400 2802 obiecto
424 2733 500 2823 ipso
523 2732 736 2818 distinctae,
755 2732 975 2822 concipiatur
997 2737 1112 2800 temen
1136 2754 1207 2800 ιιι

49 2863 112 2908 ιιι
133 2838 346 2931 praecisione
370 2837 544 2908 obiective
566 2839 610 2906 ab
633 2837 746 2906 altere
779 2839 848 2924 ita,
875 2844 917 2906 ut
947 2860 1017 2905 ιιι
1051 2838 1207 2927 praecise

49 2955 176 3038 occepta
199 2945 424 3036 intelligatur
446 2967 521 3014 esse
544 2945 749 3035 imperfecta
764 2951 799 3014 et
814 2944 936 3035 perfici
959 2967 1019 3036 per
1042 2945 1203 3032 alteram,

50 3054 140 3147 idque
162 3055 408 3144 contingenter
430 3075 499 3122 non
522 3075 564 3122 ex
591 3054 783 3122 intrinseca
806 3053 859 3123 rei
881 3058 1011 3121 natura
1032 3059 1069 3122 et
1091 3075 1205 3122 neces-

50 3161 151 3232 sitate.
168 3163 244 3230 Hac
267 3161 403 3231 ratione
425 3159 662 3251 intelligimus
685 3159 973 3251 compositionem
989 3182 1031 3228 ex
1055 3160 1207 3229 essentia

50 3273 79 3334 et
99 3292 161 3336 esee
182 3266 359 3355 (actuali),
374 3288 416 3333 ex
432 3271 561 3334 natura
583 3272 620 3334 et
634 3264 820 3356 hypostasi
837 3265 1034 3335 formaliter
1048 3273 1203 3356 accepta,

50 3381 79 3442 et
98 3377 286 3445 universim
309 3397 351 3443 ex
376 3373 531 3442 subiecto
554 3378 590 3442 et
612 3373 723 3442 modis
751 3373 1037 3464 contingentibus
1066 3375 1206 3464 proprie

51 3482 153 3567 lictis,
178 3505 219 3552 ac
243 3485 415 3573 postremo
445 3503 487 3549 ex
518 3480 688 3572 gradibus
719 3479 971 3570 metaphysicis
1001 3482 1139 3570 generis
1170 3489 1208 3552 et

51 3589 255 3660 differentiae
287 3589 480 3681 specificae.
506 3589 613 3658 Porro
644 3588 814 3681 quidquid
848 3587 954 3658 habet
984 3595 1121 3678 partes,
1152 3596 1207 3659 est

52 3695 276 3789 aliquomodo
299 3694 484 3786 multiplex
506 3701 543 3765 et
564 3718 633 3763 non
656 3695 794 3764 omnino
817 3696 855 3764 in
887 3718 924 3764 se
954 3694 1149 3764 indivisum
1171 3703 1207 3766 et

52 3801 266 3891 indivisibile;
281 3803 371 3895 quod
396 3825 478 3872 vero
501 3810 619 3891 partes
642 3801 760 3870 nullas
783 3801 900 3886 habet,
919 3806 974 3870 est
989 3801 1092 3890 plene
1108 3801 1145 3869 in
1169 3824 1206 3870 se

54 3906 252 3994 indivisum,
278 3907 343 3978 hoo
376 3915 494 3977 autem
528 3909 662 3978 dicitur
684 3933 788 3974 anem
822 3909 885 3996 (1).
910 3909 943 3995 t)
961 3907 1121 3997 Spectari
1149 3908 1205 3977 de·

54 4013 100 4082 bet
128 4016 281 4108 partium
315 4016 354 4085 in
390 4038 499 4084 unum
531 4016 655 4102 coitio,
681 4039 723 4086 ex
755 4037 825 4108 qus
858 4015 1056 4084 formaliter
1088 4015 1208 4106 prodit

107 4177 145 4252 (1)
160 4181 272 4234 nllnum
291 4183 322 4232 ιι
343 4178 418 4233 idem
438 4188 478 4246 es‚'
498 4179 567 4248 quie
585 4179 707 4248 simplex
727 4195 757 4233 es
779 4183 808 4232 et
829 4177 922 4232 dividi
941 4192 997 4231 non
1016 4181 1098 4246 potes
1113 4199 1126 4226 n
1140 4177 1207 4246 Spe·

57 4268 133 4321 colun
153 4267 308 4336 Augustini
327 4284 351 4322 o.
365 4269 410 4323 aa.
429 4269 536 4323 Contra
555 4284 635 4323 vero:
659 4268 825 4336 aquilonii
845 4271 891 4321 est
910 4268 1042 4336 partibus
1063 4269 1204 4336 iunctum,

59 4357 93 4408 ιιι
107 4357 291 4414 §.anselmus
306 4347 436 4427 Proalog.
450 4361 530 4428 c.18,
551 4375 607 4414 non
628 4363 674 4413 eet
694 4360 807 4413 omnino
828 4373 914 4412 unam
933 4358 983 4412 sed
1005 4357 1206 4426 quodammodo

60 4441 167 4511 pluraat'
177 4449 323 4505 diversum
343 4467 360 4504 ι
378 4466 409 4504 se
427 4451 501 4518 ipso,
522 4453 552 4502 et
571 4451 618 4504 vel
636 4453 701 4504 ectu
714 4451 761 4503 vel
774 4450 927 4503 intellectu
941 4447 1064 4502 dissolri
1078 4451 1201 4516 potest.»

179 4556 334 4609 armetis
1029 4553 1064 4608 1⁰
