3360 5060
613 423 649 437 ..
671 395 733 454 σῃ
753 424 790 440 ..

184 493 352 561 Tristitia
375 515 501 582 magna
523 503 578 563 est
600 493 721 580 Paulo,
749 497 839 587 quod
856 497 900 564 ad
918 494 1082 584 populum
1098 495 1163 564 Dei
1177 495 1222 562 N.
1244 493 1286 563 Τ.

114 600 301 668 maximam
313 610 446 690 partem
460 623 527 669 non
541 603 924 692 pertinentlsraelitae,
936 625 1081 692 quorum
1090 609 1203 670 tamen
1216 609 1290 670 tam

113 707 271 796 insignia
284 717 367 776 sunt
379 707 580 797 privilegia,
597 709 661 778 Dei
673 710 839 778 beneficia
851 721 887 778 et
906 711 1075 800 promissa
1093 735 1127 778 v.
1149 709 1225 778 1-5.

183 813 431 883 Verumtamen
454 814 539 884 haec
562 816 770 884 Iudaeorum
794 817 936 886 reiectio
960 819 1050 886 nihil
1079 817 1216 886 omnino
1239 817 1289 884 of·

114 921 191 989 licit
213 923 500 1010 promissionibus
525 923 631 992 iactis
647 923 772 992 semini
790 925 1089 1014 patriarcharum:
1109 955 1125 988 o
1146 947 1212 992 non
1229 945 1289 993 au-

113 1031 184 1093 tem
209 1026 300 1118 quod
324 1027 495 1097 exciderit
520 1029 663 1097 verbum
685 1029 762 1098 Dei.
783 1058 799 1090 n
818 1031 892 1098 Hoc
914 1030 1069 1120 explicat
1092 1029 1235 1114 Paulus,
1250 1039 1291 1098 ut

113 1133 197 1201 inde
221 1136 334 1223 magis
359 1135 537 1228 magisque
561 1137 741 1206 confirmet
757 1138 807 1217 id,
827 1137 918 1229 quod
941 1138 1053 1206 totins
1075 1137 1188 1228 partis
1211 1137 1291 1225 dog·

114 1240 265 1310 maticae
289 1243 396 1310 huius
411 1241 580 1332 epistolae
597 1253 842 1352 argumentum
866 1253 921 1314 est
948 1246 1120 1334 princeps3
1137 1243 1291 1334 dignita·
1374 1329 1377 1334 Ι

112 1353 186 1415 tem
211 1348 348 1418 scilicet
375 1372 444 1442 qna
474 1351 553 1443 quis
583 1352 759 1441 pertineat
788 1353 833 1420 ad
867 1353 1030 1444 populum
1054 1352 1222 1435 electum,
1255 1359 1291 1421 et

113 1453 293 1523 iustitiam
318 1479 433 1526 coram
456 1457 527 1526 Dec
550 1479 617 1525 non
641 1482 715 1527 esse
738 1481 780 1527 ex
805 1461 881 1528 iure
905 1460 1023 1552 aliquo
1053 1458 1291 1550 generationis

113 1561 272 1630 carnalis
296 1565 351 1632 vel
376 1587 515 1655 operum
537 1563 778 1651 humanorum,
798 1569 857 1637 sed
874 1569 1076 1638 beneficium
1092 1567 1290 1658 gratuitum

111 1666 215 1736 nullo
238 1669 436 1740 huiusmodi
459 1672 537 1741 iure
560 1673 726 1759 debitum,
757 1675 860 1766 quale
877 1675 998 1744 Iudaei
1014 1677 1082 1744 sibi
1098 1675 1287 1765 fingebant.

112 1771 242 1867 Itaque
265 1801 331 1846 non
354 1778 488 1847 excidit
511 1781 653 1848 verbum
677 1781 754 1865 Dei,
779 1781 883 1865 licet,
917 1782 979 1872 qui
1006 1781 1195 1851 secundum
1220 1801 1294 1848 car·

112 1909 194 1956 nem
217 1894 320 1956 erent
342 1887 410 1956 filii
435 1887 726 1979 patriarcharum,
752 1913 795 1957 ex
819 1895 918 1978 parte
934 1889 1085 1956 maxima
1099 1887 1293 1959 exciderint

113 1993 405 2084 promissionibus
429 1994 536 2063 iactis
559 1993 672 2064 Israel
694 1995 771 2064 Dei.
790 1995 879 2062 Nam
895 2002 937 2063 ut
955 1997 1035 2086 quis
1057 1995 1232 2086 pertineat
1247 1993 1292 2064 ad

113 2101 229 2170 Israel
253 2101 540 2190 promissionum,
566 2101 610 2170 ed
631 2101 723 2169 filios
741 2100 906 2170 Abrahae
923 2101 1038 2192 patris
1062 2101 1289 2185 credentium,

114 2231 186 2276 non
218 2207 348 2276 sufficit
377 2207 480 2275 immo
510 2230 620 2298 neque
651 2209 846 2300 requiritur
869 2209 1050 2298 generatio
1074 2207 1226 2276 carnalis
1249 2230 1291 2276 ex

115 2313 335 2406 patriarchis
358 2316 420 2399 (cf.
434 2313 497 2382 IV.
515 2313 600 2401 le.);
626 2313 685 2382 sed
702 2315 793 2406 quod
809 2315 1022 2406 postulatur,
1040 2320 1095 2382 est
1111 2314 1292 2404 generatio

114 2420 400 2513 supernaturalis
424 2443 484 2512 per
507 2422 649 2488 verbum
673 2421 750 2488 Dei.
778 2421 871 2490 Haec
888 2427 1005 2490 autem
1021 2429 1158 2490 nonest
1174 2419 1293 2512 aliquo

115 2531 196 2598 inre
209 2527 360 2598 carnalis
373 2529 608 2617 generationis
620 2527 677 2598 vel
690 2552 829 2619 operum
839 2528 968 2611 debita,
980 2529 1040 2598 sed
1054 2549 1147 2596 mera
1159 2526 1289 2618 gratia.

186 2637 231 2707 1⁰.
241 2637 464 2706 Manifestum
481 2637 544 2704 boc
560 2642 614 2704 est
628 2658 670 2704 ex
686 2637 763 2726 ipsa
780 2635 928 2704 historia
944 2633 1124 2704 electionis
1141 2633 1291 2724 patriar·

115 2747 276 2817 charum.
303 2745 353 2812 De
369 2743 548 2812 Abraham
564 2743 632 2811 iam
649 2744 788 2812 dixerat
804 2767 834 2813 c.
853 2743 916 2830 lv,
935 2765 1028 2811 nunc
1049 2751 1292 2832 argumentum

116 2851 281 2922 instituit
303 2873 345 2920 ex
369 2850 467 2918 modo
489 2849 671 2918 electionis
694 2848 761 2918 filii
784 2859 820 2918 et
850 2849 984 2939 nepotis
1016 2847 1128 2916 illius.
1160 2846 1293 2916 Nullus

117 2960 274 3029 filiorum
283 2957 458 3042 Abrahae,
477 2957 538 3048 qui
555 2955 742 3026 secundum
758 2956 854 3046 leges
870 2955 1049 3024 naturales
1065 2955 1179 3046 geniti
1195 2964 1290 3040 sunt,

118 3072 343 3155 computatus
366 3072 420 3134 est
436 3064 472 3132 in
489 3063 551 3132 illo
567 3064 707 3148 semine,
726 3065 783 3132 cui
801 3065 916 3132 factae
933 3069 1018 3134 sunt
1035 3062 1290 3152 promissiones,

118 3173 242 3244 nullus
264 3179 465 3262 assumptus
488 3171 525 3239 in
548 3171 803 3262 progenitorem
827 3171 949 3262 populi
971 3170 1073 3240 electi
1092 3171 1137 3238 V.
1156 3168 1213 3256 'l'.;
1232 3169 1292 3238 sed

118 3282 218 3353 solus
245 3280 364 3363 isaac,
397 3279 539 3368 genitus
563 3300 624 3368 per
647 3277 853 3347 miraculum
876 3285 912 3346 et
935 3277 1122 3347 secundum
1155 3275 1293 3366 promis·

119 3391 251 3459 sionem
274 3386 588 3478 supernaturalem,
614 3393 669 3454 est
691 3408 805 3454 semen
828 3385 987 3454 electum.
1003 3385 1194 3455 Evidenter
1209 3406 1293 3475 ergo

120 3499 208 3566 baec
230 3495 370 3585 adoptio
393 3496 437 3563 ad
466 3493 633 3584 populum
659 3493 724 3562 Dei
751 3517 818 3561 non
845 3500 899 3562 est
925 3517 967 3562 ex
997 3493 1072 3560 iure
1095 3492 1290 3581 sanguinis,

120 3605 183 3676 sed
206 3627 248 3673 ex
273 3602 535 3694 supernaturali
559 3602 712 3671 indebito
737 3602 899 3671 mneficio
926 3625 961 3668 v.
988 3601 1065 3668 6-9.
1084 3599 1290 3689 (Chrysost.

121 3713 215 3780 bom.
229 3709 329 3778 XVI.
344 3734 379 3778 n.
394 3709 428 3778 4.
442 3715 467 3796 ).

190 3820 235 3889 2⁰.
262 3819 473 3888 Evidentius
497 3817 612 3886 adhuc
636 3817 671 3886 id
695 3825 750 3886 est
781 3815 818 3885 iu
848 3817 1015 3894 electione
1045 3815 1161 3882 Iacob.
1182 3814 1294 3883 «Non

123 3927 232 3996 solum
254 3940 365 3993 cutem
390 3925 457 3992 illc
479 3923 631 4013 (Sara),
657 3923 714 3990 sed
736 3939 768 3990 et
791 3925 936 3992 Rebecca
959 3946 1000 3989 ecc
1022 3946 1087 3986 uno
1118 3921 1295 3987 concubitu

125 4033 262 4114 babens,
287 4031 390 4100 Isccc
401 4036 518 4122 patris
530 4033 652 4098 nostri.
672 4029 756 4099 (lum
768 4032 856 4097 enim
873 4027 1019 4094 nondam
1036 4028 1115 4091 nati
1124 4025 1293 4113 scissent,

125 4156 187 4207 cut
210 4137 351 4230 aliquid
374 4140 454 4204 boni
477 4141 623 4226 epissent
647 4149 708 4202 ane
731 4135 818 4202 moli
839 4137 893 4218 (ut
910 4133 1087 4200 secandum
1104 4131 1296 4200 electionem

125 4249 338 4337 propositum
354 4247 420 4313 Dei
435 4251 612 4332 moneret),
636 4267 702 4310 non
727 4266 768 4310 ex
785 4241 942 4329 operibus
957 4239 1014 4307 sed
1032 4263 1074 4307 ec
1089 4255 1228 4308 vocante
1243 4238 1295 4306 di·

126 4372 215 4423 otum
238 4369 288 4423 cot
311 4357 361 4437 ct,
387 4355 473 4446 qaia
495 4355 606 4418 maior
629 4354 750 4418 serviet
772 4351 918 4432 minori,
943 4349 1031 4415 sicat
1053 4350 1294 4435 scriptumest:

126 4463 230 4532 Iacob
254 4460 384 4543 dilexi,
417 4461 516 4530 Esau
541 4475 652 4526 cutem
676 4459 753 4526 odio
777 4457 892 4524 babai.
914 4483 931 4516 n
950 4455 1042 4526 Sunt
1064 4453 1132 4524 duo
1156 4453 1223 4524 filii
1253 4475 1296 4526 ex
