3360 5060
907 325 1086 386 496..

857 541 1001 602 THESIS
1021 542 1135 602 LXVI.

512 665 737 744 Explicantur
758 668 822 726 olii
841 675 950 728 tectus
970 666 1170 744 Scriptum,
1194 670 1254 745 qui
1275 686 1297 728 o
1316 670 1484 728 nonnullis

886 775 1105 842 opponuntur.

480 945 491 972 ι
508 925 589 978 Nihil
600 927 691 991 magis
702 925 851 993 pertinent
866 925 904 979 ad
914 926 1066 981 docendam
1080 927 1374 995 praedestinationem
1395 927 1502 994 gloriae
1512 931 1566 978 aute

414 1033 426 1060 n
442 1014 575 1078 praevise
588 1013 691 1066 merita
703 1015 937 1081 supernaturalia
955 1019 1054 1068 textus
1076 1016 1138 1080 alii,
1159 1017 1210 1083 qui
1221 1033 1239 1069 a
1250 1017 1396 1080 theologia
1416 1013 1565 1082 quibusdan

413 1123 425 1150 e
442 1102 565 1170 proferri
582 1104 677 1156 solent
696 1104 879 1172 snp.1v.11;
899 1105 1002 1158 neten.
1017 1105 1122 1182 XXlV.
1134 1105 1180 1159 32.
1191 1105 1236 1171 24;
1255 1105 1319 1159 Act.
1333 1105 1480 1170 nune&
1498 1103 1564 1156 lton.

414 1213 426 1240 ἢ
441 1193 520 1248 VIII.
534 1193 634 1246 28·30.
648 1215 660 1240 n

476 1381 578 1450 Sicut
599 1381 698 1450 Rom.
714 1381 780 1450 IX.
809 1382 863 1451 ita
877 1392 914 1453 et
928 1383 1015 1452 locis
1040 1382 1246 1475 quibusdam
1269 1383 1354 1452 aliis
1378 1383 1568 1472 Scripturas

409 1511 477 1557 nou
500 1489 598 1557 modo
622 1489 788 1558 haeretici
806 1493 1001 1560 abutuntur
1016 1491 1061 1559 ad
1077 1515 1178 1560 suum
1195 1514 1346 1560 errorem
1363 1492 1408 1560 de
1424 1489 1568 1558 absoluta

408 1595 723 1688 praedestinatione
754 1603 790 1666 et
820 1599 1061 1688 reprobatione
1091 1599 1389 1689 persuadendum,
1423 1595 1567 1688 quemin

406 1703 500 1772 thesi
524 1701 618 1770 LIV.
646 1705 925 1788 confutavimus;
951 1704 1140 1772 sedetiam
1163 1703 1304 1796 quidam
1327 1705 1497 1772 Doctores
1522 1723 1568 1768 ca-

406 1809 531 1877 tholici
555 1809 598 1876 ad
620 1809 819 1876 testimonia
842 1809 1040 1879 huiusmodi
1058 1833 1126 1878 nou
1142 1817 1235 1879 recte
1259 1819 1465 1901 provocant,
1483 1815 1568 1876 uter

407 1917 453 1983 iis
470 1935 567 1983 snam
580 1915 772 2004 opinionem
785 1917 987 1986 confirment
998 1917 1040 1985 de
1056 1917 1376 2008 praedestinatione
1387 1923 1471 1984 anta
1482 1935 1567 2002 prae

406 2023 484 2091 visa
507 2022 644 2089 merita.
662 2023 805 2091 Accidit
820 2023 869 2108 id,
888 2025 972 2116 quia
995 2048 1119 2114 parum
1145 2031 1230 2092 sunt
1253 2023 1402 2092 solliciti
1419 2032 1461 2090 ut
1474 2019 1566 2110 dispi-

316 2145 318 2150 '
405 2131 502 2198 ciant
523 2131 559 2198 in
583 2131 821 2216 contestibus,
847 2129 888 2199 de
913 2154 982 2222 qna
1004 2132 1172 2200 electione
1195 2139 1231 2199 et
1260 2129 1566 2220 praedestinatione

405 2241 441 2306 iu
465 2237 551 2306 locis
574 2237 726 2328 singulis
750 2261 861 2306 sermo
879 2239 948 2324 sit3
974 2243 1094 2307 utrum
1109 2238 1187 2308 eius
1203 2240 1372 2308 obiectum
1390 2241 1443 2308 sit
1457 2259 1565 2306 revera

404 2347 519 2436 gloria
542 2351 683 2413 aeterua
707 2347 849 2414 seorsim
873 2355 1052 2436 spectata,
1079 2369 1125 2414 an
1149 2347 1265 2436 potins
1288 2347 1418 2414 donum
1441 2343 1565 2434 gratiae

404 2453 461 2522 vel
476 2460 552 2522 tcta
563 2453 671 2522 series
683 2453 849 2520 donorum
862 2473 950 2544 quae
964 2474 986 2519 a
998 2452 1159 2541 gratuita
1171 2453 1290 2542 gratia
1303 2453 1443 2542 incipit;
1459 2457 1563 2518 utrum

401 2562 442 2630 de
466 2561 650 2630 voluntate
675 2559 896 2628 antecedente
920 2582 1051 2628 omnem
1076 2560 1330 2650 praevisionem
1354 2559 1516 2627 iustitiae
1534 2563 1564 2623 et

402 2669 603 2737 sanctitatis
627 2677 767 2757 agatur,
792 2688 837 2733 an
853 2667 895 2734 de
919 2667 1102 2735 voluntate
1126 2673 1366 2758 consequente,
1381 2689 1471 2758 quae
1486 2664 1563 2731 hanc

401 2775 653 2864 praevisionem
687 2781 871 2866 supponat.
897 2773 1073 2844 Videntur
1109 2775 1200 2843 enim
1234 2773 1301 2842 sibi
1337 2773 1560 2863 persuasisse,

396 2885 747 2974 praedestinationem
769 2891 806 2952 et
828 2885 1019 2950 electionem
1042 2885 1080 2950 in
1104 2882 1301 2974 Scripturis
1323 2904 1509 2974 numquam
1522 2901 1563 2946 re

402 2991 487 3058 ferri
502 2991 547 3059 ad
564 2991 661 3060 aliud
677 2991 846 3059 obiectum
863 3011 964 3081 quam
980 2989 1024 3058 ad
1039 2995 1216 3058 aeternam
1232 2989 1382 3078 gloriam
1397 2995 1562 3080 tamqnam

401 3095 570 3166 adfinem
601 3097 757 3166 absolute
787 3097 1069 3187 praedefinitum,
1095 3095 1139 3164 ad
1171 3117 1271 3186 quem
1301 3095 1427 3164 deinde
1449 3093 1562 3163 merita

399 3211 574 3295 tamquam
598 3205 711 3272 media
733 3204 976 3288 decernantur,
994 3209 1037 3272 ut
1058 3201 1128 3292 ipsi
1156 3203 1294 3293 quidem
1310 3203 1466 3272 ordinem
1480 3202 1560 3269 inter

399 3311 578 3380 coelestem
613 3311 761 3401 gloriam
791 3319 829 3380 et
861 3310 987 3380 merita
1020 3311 1159 3401 gratiae
1193 3311 1261 3377 sibi
1292 3315 1557 3399 composuerunt.

398 3418 492 3486 Haec
507 3426 623 3487 autem
647 3441 748 3508 quam
765 3419 857 3487 falsa
872 3419 956 3502 sint,
974 3418 1062 3486 satis
1078 3416 1292 3486 ostendimus
1306 3419 1360 3486 th.
1377 3419 1472 3486 LVI.
1489 3415 1556 3484 LX.

398 3524 524 3593 Paucis
554 3525 827 3593 examinabimus
856 3525 1056 3594 testimonia
1086 3533 1237 3618 quatuor
1264 3525 1302 3592 in
1331 3523 1558 3593 enuntiatione

397 3630 533 3700 theseos
556 3631 722 3718 indiceta3
741 3655 819 3700 nam
843 3633 885 3700 de
907 3631 997 3722 Eph.
1016 3631 1046 3701 1.
1064 3635 1122 3700 45.
1140 3658 1192 3725 sq.
1210 3656 1253 3702 ex
1277 3655 1344 3724 quo
1367 3633 1442 3701 loco
1463 3633 1557 3700 etiam

397 3739 536 3834 qnidam
561 3740 768 3824 velitautur‚
798 3763 866 3810 non
890 3741 1032 3809 videtur
1059 3742 1356 3832 operaepretium
1380 3741 1554 3832 quidquam

397 3847 522 3916 addere
546 3847 603 3932 iis,
629 3869 717 3939 quae
739 3847 861 3937 paucis
883 3847 1068 3937 attigimus
1089 3847 1143 3916 th.
1162 3848 1238 3916 LX.

464 3955 508 4024 1⁰.
535 3955 708 4025 Adfertur
725 3955 806 4044 Sap.
826 3953 889 4022 IV.
909 3953 964 4022 11:
985 3959 1139 4044 ereptus
1161 3961 1228 4038 est,
1246 3977 1289 4022 ne
1303 3953 1441 4023 malitia
1455 3957 1552 4020 muta·

396 4066 451 4130 ret
473 4061 691 4132 intellectum
714 4063 835 4131 eius.»
858 4061 912 4130 Ex
936 4061 993 4130 his
1016 4061 1133 4130 verbi·
1162 4063 1252 4131 aerio
1275 4067 1554 4152 argumentantur

395 4168 432 4235 in
448 4165 541 4236 hunc
564 4169 711 4238 modum:
729 4169 866 4261 qnando
887 4169 984 4237 Deus
1007 4169 1200 4258 praevidet,
1217 4169 1351 4238 iustum
1374 4169 1549 4260 lapsurum,

396 4275 428 4342 si
450 4275 585 4344 diutius
608 4277 756 4360 viveret,
782 4276 882 4344 illum
904 4277 1000 4366 rapit
1022 4282 1132 4344 morte
1154 4275 1360 4364 immatura3
1385 4277 1429 4346 ad
1451 4277 1549 4344 decer·

394 4381 538 4451 nendam
564 4389 706 4452 mortam
730 4383 823 4454 Deus
845 4383 1020 4453 adductus
1043 4389 1109 4469 est,
1127 4383 1304 4475 inquiunt,
1324 4385 1408 4474 qnia
1430 4389 1547 4451 annae·
