3394 5056
612 393 650 412 ..
671 362 711 424 81
733 395 771 410 -

116 471 250 543 confusa
260 469 388 540 notitia
395 469 466 539 Dei
477 468 605 539 rationi
617 469 789 538 humanae
800 492 842 539 ex
856 467 1132 539 consideratione
1143 474 1279 538 creatu·

115 601 224 649 rarum
238 578 413 648 derivata.
438 579 546 647 quta
561 577 756 647 doctrinam
774 578 810 647 S.
829 577 933 646 Pauli
954 577 992 645 in
1009 577 1279 646 Atheniensium

114 689 287 776 Areopago
298 685 512 776 propositam
519 686 599 754 Act.
610 685 729 755 XVII.
741 685 864 754 26-28.
876 683 1049 773 imprimis
1061 682 1126 752 hoc
1137 682 1278 753 univer-

114 816 182 862 sum
196 792 233 860 in
255 813 364 861 cursu
386 813 451 860 suo
465 791 613 881 physico
629 797 667 861 et
681 791 851 861 historico
866 796 921 860 est
936 789 1144 879 dispositum
1160 791 1204 860 ad
1220 796 1276 860 to·

111 907 179 970 tum
189 923 298 990 gemm
309 899 502 969 humanum
513 905 692 991 tamquam
703 900 918 983 terminus,a
932 923 1000 992 quo
1009 899 1169 968 omnibus
1186 897 1275 966 oria·

111 1015 166 1077 tur
179 1007 364 1100 inquisitio
375 1007 454 1076 Dei.
472 1007 540 1077 Est
555 1007 592 1077 id
609 1008 840 1079 intrinsecum
864 1007 1025 1077 ordinato
1049 1005 1133 1076 huic
1156 1007 1278 1076 mundi

111 1117 241 1200 cursui,
265 1115 326 1185 hio
349 1115 432 1184 linis
455 1116 635 1206 proximus
666 1123 702 1186 et
724 1116 825 1186 velut
847 1121 1043 1202 concretus,
1057 1121 1102 1184 ut
1124 1116 1277 1184 humana

110 1225 195 1294 ratio
216 1223 274 1292 his
291 1223 454 1314 operibus
470 1223 662 1292 adtendens
677 1224 815 1317 (utique
838 1224 895 1293 sni
918 1225 988 1292 iam
1012 1227 1163 1314 compos)
1176 1245 1276 1315 quae

109 1339 163 1402 rat
182 1331 304 1400 Deum:
334 1331 456 1401 «fecit
478 1353 522 1400 ex
544 1355 611 1397 aaa
636 1355 730 1398 omae
750 1355 858 1421 penae
882 1333 1053 1398 dominam
1076 1330 1275 1400 inhabitare

110 1463 205 1530 super
226 1440 430 1509 universam
453 1439 579 1508 faciem
602 1444 730 1525 terrae,
757 1439 927 1509 definiens
950 1444 1088 1508 statuta
1119 1444 1275 1530 tempora

109 1555 254 1638 (cursum
276 1549 480 1640 physicum)
496 1555 532 1618 ot
546 1550 713 1618 terminos
728 1548 959 1618 habitationis
976 1571 1093 1620 eorum
1118 1553 1275 1638 (cursum

107 1655 334 1743 historicum),
354 1679 516 1748 quaerere
538 1657 646 1723 Deum
666 1682 683 1719 n
693 1656 757 1749 (cf.
769 1677 876 1746 supra
891 1679 925 1745 p.
938 1654 994 1724 41.
1007 1658 1089 1746 sq.).
1107 1655 1202 1723 Haec
1221 1653 1274 1721 in·

109 1764 243 1856 quisitio
264 1762 413 1832 factoris
429 1785 471 1831 ex
487 1763 756 1848 factitamentis,
775 1769 816 1831 ut
831 1763 989 1854 loquitur
1014 1749 1279 1847 Tertullianus,·

107 1870 251 1940 includit
266 1871 338 1939 iarn
353 1870 509 1962 aliquam
521 1872 701 1939 contusam
716 1876 752 1940 et
767 1871 948 1940 obscuram
963 1869 1127 1938 notitiam
1142 1868 1221 1954 Dei,
1238 1875 1275 1938 et

107 1985 156 2046 est
174 1978 355 2048 evidenter
378 1978 492 2068 prima
515 1977 673 2048 oboriens
695 1978 761 2047 Dei
785 1978 961 2068 cognitio,
988 1998 1077 2070 quae
1098 1999 1167 2046 non
1191 1999 1272 2066 sup-

106 2087 196 2177 ponit
221 2085 330 2154 aliam
360 2087 631 2156 antecedentem.
656 2087 769 2180 Atqui
800 2087 886 2156 haec
920 2087 999 2178 ipsa
1029 2107 1051 2154 a
1080 2085 1190 2154 Paulo
1220 2083 1272 2152 di·

107 2195 190 2264 citur
211 2195 335 2263 oborta
356 2217 399 2264 ex
423 2195 698 2265 consideratione
721 2201 961 2265 creaturarum
977 2195 1015 2263 in
1031 2194 1192 2264 ordinato
1208 2215 1272 2262 suo

107 2325 211 2371 cursu.
235 2301 335 2392 Ergo
358 2302 461 2370 iuxta
482 2301 750 2393 philosophiam,
770 2301 802 2371 si
824 2303 878 2370 ita
900 2303 997 2395 loqui
1020 2303 1076 2370 fas
1099 2309 1165 2387 est,
1190 2322 1270 2391 apo·

106 2410 253 2480 stolicam
276 2416 315 2478 et
336 2409 529 2480 revelatam
551 2409 590 2478 in
615 2410 812 2502 Scripturis
827 2411 892 2481 hoc
908 2411 1113 2480 universum
1131 2408 1269 2480 ordina·

105 2523 168 2586 tum
189 2525 245 2588 est
269 2539 291 2585 a
313 2518 387 2587 Deo
409 2541 473 2608 pro
496 2541 622 2608 genere
645 2519 797 2589 humano
820 2523 864 2590 ad
887 2521 999 2610 ipsam
1032 2519 1180 2609 primam'
1201 2516 1268 2587 Dei

104 2627 255 2696 notitiam
278 2625 500 2696 excitandam
516 2627 676 2718 quamvis
691 2627 806 2697 adhuc
822 2631 1003 2697 obscuram
1017 2633 1054 2697 et
1073 2627 1265 2711 confusam,

104 2757 161 2826 qua
179 2733 339 2804 homines
361 2733 407 2803 ad
430 2734 632 2804 ulteriorem
655 2735 917 2827 inquisitionem
933 2735 1160 2819 inducantur,
1179 2731 1267 2824 quin

104 2841 175 2912 hnic
195 2841 332 2933 primae
353 2841 505 2911 notitiae
527 2842 629 2911 velut
651 2843 805 2912 conditio
828 2847 903 2910 eine
925 2867 995 2935 qao
1017 2867 1086 2909 aaa
1108 2847 1144 2910 et
1167 2839 1267 2910 velut

102 2948 324 3018 necessarium
348 2948 614 3017 fundamentum
637 2955 856 3040 supponatur
878 2949 952 3018 alia
973 2948 1039 3020 Dei
1055 2947 1209 3038 cognitio
1223 2969 1266 3017 ex

103 3055 224 3124 tradita
246 3053 463 3124 revelatione
487 3053 529 3124 da
552 3055 742 3124 existentia
760 3055 839 3126 Dei.

156 3163 277 3232 Prima
298 3161 365 3230 illa
396 3163 544 3233 obscura
565 3169 603 3232 et
626 3165 772 3233 confusa
806 3164 885 3234 idea
907 3185 948 3235 ac
971 3163 1101 3234 notitia
1133 3161 1201 3232 Dei
1222 3184 1266 3232 ex

103 3269 291 3340 mundone
307 3270 352 3340 ad
368 3277 550 3340 creaturas
566 3257 756 3342 communis
770 3279 825 3342 ast
841 3274 1001 3342 omnibus
1015 3271 1152 3344 ratione
1164 3278 1265 3342 uteu-

103 3377 199 3466 tibns;
222 3385 331 3472 atque
353 3377 440 3448 adeo
462 3401 505 3448 ex
527 3377 606 3470 ipsa
627 3379 899 3450 universalitate
920 3381 1141 3470 intelligitur
1164 3381 1265 3451 velut

103 3493 211 3576 sponte
225 3491 262 3556 et
284 3485 513 3555 indeliberata
536 3485 678 3556 oboriri.
703 3487 755 3556 At
777 3489 919 3558 veroin
933 3488 1097 3558 ulteriori
1116 3487 1264 3580 inquisi-

101 3595 184 3662 tione
205 3601 242 3663 et
263 3592 476 3686 expolitione
498 3595 568 3662 iam
591 3593 792 3684 postulatur
815 3595 1007 3686 applicatio
1030 3595 1180 3664 rationis
1206 3595 1263 3666 da·

101 3699 249 3788 liberata,
275 3699 367 3794 quod
383 3702 538 3792 pertinet
549 3701 594 3772 ad
610 3701 761 3774 alterum
777 3705 931 3774 stadium
947 3704 1158 3796 cognitionis
1181 3704 1259 3774 Dei.

102 3807 210 3878 Potest
230 3815 266 3880 et
287 3815 430 3880 tenetur
453 3811 553 3879 homo
575 3816 671 3880 recto
694 3834 761 3881 usu
784 3813 933 3892 rationis
957 3834 1045 3905 quae
1068 3817 1132 3881 est'
1145 3811 1262 3902 imago

102 3913 169 4000 Dei,
181 3915 399 4006 primitivam
420 3915 521 3984 illam
543 3922 580 3986 et
602 3925 724 4009 sponte
747 3919 902 3988 obortam
924 3919 1087 3990 notitiam
1103 3920 1181 3990 veri
1194 3920 1261 3990 Dei

102 4043 139 4089 ex
158 4023 232 4112 ipsa
253 4022 451 4094 visibilium
474 4025 750 4095 consideratione
772 4027 940 4114 excolere;
967 4034 1006 4096 at
1020 4033 1136 4119 potest
1153 4028 1260 4098 etiam

102 4127 135 4195 in
154 4129 214 4200 huo
235 4129 432 4200 deliberata
455 4130 684 4224 inquisitione
700 4155 766 4203 sua
780 4117 885 4226 culpa
901 4134 1058 4206 deficere.
1079 4137 1150 4228 “„Si
1167 4139 1259 4206 forte

103 4239 277 4308 attrectent
298 4262 377 4308 eum
400 4245 464 4308 aut
497 4240 704 4328 inveniant,
730 4241 892 4334 quamvis
914 4265 983 4312 non
1005 4243 1109 4334 longe
1143 4244 1193 4313 sit
1215 4245 1259 4313 ab

103 4361 290 4438 unoquoque
312 4351 484 4435 nostrum3
510 4347 549 4415 in
571 4347 648 4438 ipso
670 4347 761 4418 enim
777 4349 944 4436 vivimus,
963 4373 1141 4422 movemur
1156 4357 1258 4421 etsu-

103 4467 190 4540 uus;
213 4452 306 4522 sicut
326 4459 364 4522 et
395 4453 537 4546 quidam
560 4459 758 4526 vestrorum
791 4462 971 4548 poetarum
1002 4457 1118 4528 dixit:
1143 4457 1258 4548 ipsius

231 4579 390 4632 Fremitu
1096 4583 1114 4638 8
