3444 5054
894 387 933 402 ..
957 355 1016 418 180
1037 387 1075 402 ..

401 463 502 532 nulle
513 463 685 532 mediante
697 469 860 532 creature
875 461 911 530 in
924 462 1060 531 ratione
1075 459 1201 530 obiecti
1212 459 1284 528 visi
1294 479 1331 527 se
1343 458 1502 542 habente,
1513 456 1574 526 sed

401 571 523 641 divina
545 570 697 639 essentia
719 570 917 639 immediate
933 592 981 654 se,
1000 568 1105 653 nude,
1131 567 1225 638 clere
1248 573 1284 636 et
1307 571 1425 656 eperte
1446 565 1497 632 eis
1519 587 1572 632 os·

399 679 575 762 tendente,
595 678 753 770 quodque
778 677 828 746 sio
852 676 1011 746 videntes
1034 676 1152 746 eedem
1176 674 1299 744 divini
1320 673 1473 742 essentie
1495 693 1573 762 per·

401 787 583 869 fruuntur,
602 806 664 854 nec
687 806 755 851 non
772 783 863 876 qnod
885 805 927 852 ex
951 783 1018 852 toli
1042 782 1178 851 visione
1200 789 1238 852 et
1260 781 1429 850 fruitione
1452 802 1573 848 eorum

401 893 536 960 animos
559 891 620 984 qui
636 891 705 958 iem
720 892 954 975 decesserunt,
973 897 1058 960 sunt
1081 913 1162 960 vere
1186 892 1306 959 beetee
1324 896 1361 957 et
1375 889 1505 956 hubent
1520 887 1574 955 vi-

401 1007 474 1068 tem
490 1006 526 1067 et
540 1001 693 1092 requiem
709 1005 904 1068 murram»
915 1005 982 1067 etc.
997 997 1145 1066 Constit.
1158 995 1361 1066 Benedictus
1375 996 1464 1063 Dece
1477 993 1576 1082 (Bul-

401 1102 1572 1197 lor.Romon.T.III.P.II.p.2l4;RsyneldiAnnclesedenn.1338.

402 1238 437 1282 n.
456 1213 489 1281 t.
504 1211 630 1281 Confer
646 1211 695 1281 ibi
711 1237 746 1281 n.
763 1212 797 1282 4.
813 1235 908 1305 seqq.
925 1219 1116 1283 trecentum
1139 1211 1253 1301 ipsius
1268 1209 1450 1280 Pontificis
1465 1209 1575 1278 Bene·

401 1320 491 1388 dicti
514 1320 556 1388 de
578 1320 695 1389 ecdem
719 1323 951 1409 argumento).

450 1427 570 1496 ·Huud
594 1428 656 1496 din
680 1427 871 1518 posthunc
905 1428 1141 1498 definitionem
1169 1427 1259 1496 idem
1283 1425 1448 1494 Pontifex
1479 1425 1575 1494 inter

400 1559 553 1620 errores,
587 1559 672 1627 quos
695 1537 864 1605 Armenes
894 1537 1033 1606 eiurere
1055 1535 1162 1604 iussit
1184 1540 1288 1622 (suno
1313 1531 1451 1620 1341),
1478 1531 1575 1600 hunc

402 1653 557 1714 recenset
579 1651 751 1712 octavum:
780 1673 797 1709 e
812 1644 902 1735 quod
919 1643 1064 1712 Armeni
1081 1643 1215 1727 dicunt,
1235 1641 1327 1734 qnod
1344 1641 1480 1708 enimes
1496 1661 1576 1728 pue

400 1773 519 1818 rorum
543 1750 799 1840 baptizatorum
821 1758 859 1818 et
880 1750 1016 1818 enimse
1039 1749 1187 1818 multum
1210 1751 1442 1840 perfectorum
1463 1747 1575 1814 homi·

400 1879 484 1924 num
489 1907 557 1924 .....
582 1879 651 1925 non
674 1857 845 1925 videbunt
866 1857 932 1925 Dei
954 1857 1158 1940 essentiam,
1184 1856 1268 1949 quie
1288 1855 1389 1924 nullu
1411 1862 1577 1924 creature

400 1984 474 2031 cem
500 1961 618 2030 videre
641 1967 775 2052 potest3
800 1963 860 2032 sed
884 1963 1055 2032 videbunt
1086 1963 1283 2032 cleritatem
1306 1962 1392 2047 Dei,
1418 1983 1509 2053 quse
1532 1962 1576 2030 eb

399 2071 477 2138 eius
498 2070 650 2137 essentie
673 2076 803 2155 menet,
822 2070 918 2140 sicut
932 2071 995 2140 lux
1012 2070 1097 2139 solis
1112 2077 1250 2140 emanet
1266 2092 1287 2138 e
1303 2071 1386 2155 sole,
1404 2075 1576 2137 ettamen

400 2185 539 2247 nonest
554 2179 649 2247 sol...
668 2178 718 2265 (1)
734 2183 771 2248 et
785 2178 822 2246 in
838 2177 903 2247 hoc
918 2177 1054 2263 dicunt,
1073 2177 1163 2270 quod
1187 2177 1351 2248 consistit
1373 2185 1576 2248 sanctornm

400 2285 633 2374 perfectorum
661 2292 697 2352 et
726 2307 911 2374 puerorum
942 2285 1197 2375 baptizatorum
1222 2285 1437 2354 beatitudoe
1465 2283 1575 2376 (apud

466 2421 509 2536 ll)
526 2465 586 2518 Iam
606 2463 635 2517 S.
646 2463 800 2530 Gregorius
818 2465 855 2518 li.
871 2479 954 2532 quem
972 2463 1095 2518 inferius
1113 2463 1217 2532 citabo,
1234 2469 1355 2530 noverat
1368 2464 1485 2532 ailquos
1500 2484 1513 2511 ι
1525 2464 1576 2517 nri-

400 2553 464 2608 nori
483 2554 686 2622 Inquisitionis
705 2555 896 2608 subtilitate»
914 2555 1060 2622 deceptos,
1088 2555 1138 2622 qni
1163 2557 1269 2620 negata
1291 2555 1404 2608 visione
1429 2554 1576 2607 essentiae

400 2643 527 2711 divInae,
539 2643 633 2698 beatis
644 2647 807 2697 assererent
820 2641 993 2696 solummodo
1003 2643 1144 2696 visionem
1155 2642 1301 2696 cleritstis
1311 2658 1328 2694 a
1338 2643 1396 2696 Dec
1407 2642 1575 2698 distInctae.

462 2733 519 2787 Iler
538 2735 612 2786 satis
630 2733 761 2802 squidem
780 2733 874 2799 rideo,
896 2732 1034 2800 quomodo
1052 2732 1246 2786 'lireodoretns
1266 2733 1301 2785 ab
1319 2733 1372 2785 hac
1385 2739 1576 2801 praepostera

400 2822 548 2876 sententia
567 2823 698 2876 excusari
718 2825 817 2890 queat,
838 2822 898 2874 nisi
917 2822 991 2874 torte
1010 2823 1170 2888 explicetur
1189 2836 1309 2887 negasse
1328 2822 1420 2875 solnm
1434 2823 1577 2877 visionem

400 2911 555 2978 sensilem,
576 2911 610 2964 de
634 2927 689 2980 qno
715 2912 787 2967 alibi
811 2910 947 2966 dicemus.
972 2912 1007 2964 In
1034 2909 1148 2976 dialogo
1167 2909 1202 2964 de
1226 2911 1457 2965 iucommutabiii
1476 2912 1575 2966 ’1.Π.

399 3016 427 3067 p.
441 3000 538 3053 12-15.
559 3001 629 3054 haec
648 3005 693 3054 est
711 3001 882 3054 Theodoreti
902 2999 1047 3055 doctriua:
1072 3000 1148 3054 siout
1167 3001 1348 3068 patriarchae
1368 3004 1398 3054 et
1417 3001 1575 3068 prophetae

399 3105 456 3142 non
475 3095 607 3144 usturam
627 3089 756 3144 divinam
775 3089 824 3143 sed
844 3090 945 3157 aliqua
962 3091 1025 3144 eius
1045 3091 1174 3157 symbols
1185 3091 1334 3158 viderunt,
1348 3091 1392 3144 ita
1406 3092 1577 3158 intelligen-

399 3177 465 3230 dum
488 3193 550 3232 esse
577 3179 611 3232 de
637 3181 767 3246 angelis,
795 3180 909 3248 quondo
933 3180 1071 3235 dicuntur
1095 3195 1206 3248 semper
1230 3178 1330 3233 videre
1357 3181 1387 3234 la
1416 3195 1458 3234 sn
1477 3181 1576 3235 Patris

398 3266 515 3340 (liatth.
530 3269 639 3322 xvm.
655 3265 724 3339 10.).
741 3289 754 3316 ι
765 3269 828 3322 lion
843 3271 919 3323 enim
932 3269 1034 3324 vident
1046 3270 1175 3324 divinam
1194 3271 1349 3323 essentiam
1367 3271 1377 3323 i
1415 3271 1576 3324 hcnmsori·

398 3361 486 3424 ptam,
507 3357 835 3427 incomprehensibilem,
850 3361 941 3414 menti
954 3361 1227 3428 incomprehensam,
1242 3364 1273 3414 et
1283 3361 1379 3414 omnia
1393 3360 1575 3427 comprehen-

398 3445 525 3512 dentem;
546 3447 596 3500 sed
610 3444 736 3520 (vident)
750 3451 894 3516 quaedam
905 3451 1029 3518 pierium
1048 3452 1171 3518 ipsorum
1184 3457 1306 3502 emeres
1330 3449 1572 3518 attemperatum

398 3536 426 3589 io
449 3558 502 3610 γαρ
522 3557 568 3594 την
590 3535 665 3591 Seras
690 3539 783 3594 iceras
803 3535 1019 3610 ὄρῶσι....ιὶλλα
1036 3541 1114 3606 δοξαν
1134 3561 1193 3594 τινα
1214 3561 1246 3612 τῃ
1264 3536 1348 3594 αὐτων
1368 3554 1446 3610 φησει
1471 3559 1570 3612 coppas·

400 3645 549 3696 τρουμινην.
567 3627 625 3680 lise
644 3627 799 3697 quidquam
819 3629 967 3697 proficitur
984 3646 1019 3684 er
1039 3645 1080 3697 eo,
1103 3629 1178 3698 quod
1197 3629 1392 3684 'theodoretus
1411 3627 1447 3686 ed
1464 3629 1573 3696 Epiros.

398 3713 438 3766 11.
454 3713 626 3769 r.son1ttit
643 3716 674 3769 in
694 3719 770 3771 coelo
790 3718 927 3772 visionem
948 3717 1022 3772 iacis
1041 3718 1077 3771 erl
1096 3719 1212 3784 {aciem
1234 3735 1300 3772 nam
1320 3717 1350 3771 iri
1362 3717 1405 3770 ibi
1418 3717 1528 3783 inunt,
1544 3721 1575 3770 et

399 3802 436 3857 ati
450 3805 848 3875 1.001.1111.1i..exprssse
866 3807 947 3874 dicit,
960 3808 1184 3874 intelligendum
1203 3825 1265 3862 esse
1283 3807 1317 3862 de
1336 3807 1448 3862 risione
1461 3821 1519 3860 non
1532 3807 1576 3860 ‹ii-

398 3893 484 3950 vinae
503 3896 553 3949 sed
571 3897 711 3952 humanae
725 3901 845 3954 naturae
858 3897 980 3953 Ohristi.
992 3898 1162 3952 Huiusmodi
1176 3914 1300 3954 errorem
1312 3901 1425 3952 constat
1439 3896 1575 3964 delucepe

399 3984 511 4036 merulo
529 3985 607 4038 XIV.
626 3986 705 4040 inter
723 3987 843 4042 Graecos
862 3991 1050 4055 propagatum
1069 3988 1160 4042 inisse
1181 3987 1249 4042 duce
1268 3987 1406 4052 Gregorio
1420 3987 1538 4040 lalana
1557 4000 1574 4037 a

397 4075 552 4140 monachis,
565 4076 655 4141 quise
668 4075 747 4143 ipsos
760 4075 924 4147 ἠσυχαστας
935 4078 1097 4131 vocItantes
1110 4094 1127 4131 a
1142 4093 1192 4131 suo
1206 4081 1400 4145 oppugnatore
1420 4075 1572 4130 Barlaamo

398 4159 470 4214 dicti
489 4167 557 4216 sunt
575 4159 779 4238 ὅμφαλοψυχοι,
797 4164 832 4218 ile
851 4167 957 4234 quibus
976 4167 1039 4231 lege
1058 4167 1208 4220 Potes-ium
1222 4165 1256 4218 cle
1269 4165 1327 4218 Deo
1341 4166 1362 4217 i.
1377 4165 1401 4217 1.
1412 4180 1452 4218 ec.
1468 4165 1569 4220 121³.

399 4251 430 4302 et
446 4250 587 4304 silatum
607 4250 642 4306 sle
661 4253 797 4308 (lonssur.
812 4255 884 4308 1.11.
902 4271 926 4309 c.
939 4255 983 4308 17.
995 4271 1025 4309 n.
1038 4257 1064 4308 ii.
1079 4254 1180 4310 Simile
1199 4253 1312 4322 aliquid
1330 4254 1484 4308 Psiauitis
1503 4254 1573 4307 istis

397 4337 471 4406 lug.
490 4339 629 4396 steuchus
647 4343 814 4410 iiugubinns
840 4347 1012 4400 commentus
1035 4349 1081 4400 est
1106 4344 1140 4398 ‹ie
1160 4347 1223 4400 luce
1242 4349 1273 4398 et
1289 4344 1385 4410 ricus
1402 4359 1420 4398 a
1438 4343 1496 4398 Deo
1515 4358 1571 4397 ιιι-

397 4433 485 4482 nante
502 4429 653 4498 opuscolo
672 4433 757 4486 rebus
775 4433 917 4500 incorpcr.
937 4431 1021 4506 (opp.
1036 4433 1081 4488 ed.
1096 4433 1179 4488 Parte
1193 4434 1273 4488 1578.
1286 4433 1319 4487 I.
1331 4434 1357 4488 I.
1368 4449 1397 4500 p.
1412 4433 1458 4486 tt.
1472 4431 1542 4504 tt).
