3292 5062
515 379 553 394 ..
577 347 636 408 175
657 379 695 394 ..

46 453 166 522 mediate
188 452 323 522 tribuit
345 452 578 550 cognitionem
601 451 670 534 sni,
696 473 735 518 eo
759 451 835 540 ipso
859 449 1022 538 cognosci
1048 454 1089 516 ut
1112 448 1149 516 in
1165 469 1202 518 se

45 573 98 646 sst3
113 563 168 630 sed
191 561 355 644 dicimus,
376 561 488 630 ideam
512 583 573 628 seu
597 559 861 650 perceptionem,
880 579 982 650 quam
994 579 1089 624 mens
1107 556 1145 624 in
1166 579 1202 626 se

43 671 178 736 efformet
199 675 237 736 et
261 669 430 735 informat
452 669 495 734 ab
519 667 595 756 ipso
611 667 700 734 Esse
715 665 836 733 divino
853 671 1031 755 tamquam
1046 665 1089 732 ab
1106 663 1195 732 obie-

44 786 83 842 cto
99 775 305 858 immediato,
332 797 399 841 non
425 797 521 862 posse
545 795 615 840 non
637 795 711 840 csse
736 772 970 861 cognitionem
993 771 1070 854 Dei,
1096 769 1199 839 utin

44 889 135 949 secet.
154 881 189 970 l)¹
202 881 300 964 Quia
323 882 433 948 omnis
456 881 661 950 intellectus
684 879 898 947 naturaliter
912 900 1123 967 cognoscens
1140 878 1200 945 ha-

44 989 84 1054 bet
103 989 281 1077 proprium
304 988 475 1057 obiectum
495 987 562 1054 sibi
584 989 909 1075 proportionatam,
934 1007 995 1074 per
1021 985 1111 1075 quod
1138 1007 1200 1053 seu

44 1096 185 1164 menius
208 1095 412 1184 analogiam
435 1095 571 1186 reliqua
594 1095 709 1162 omnia
732 1091 926 1183 cognoscit,
945 1091 1079 1162 idcirco
1103 1093 1200 1162 solus

44 1203 218 1272 intellectus
242 1204 390 1272 divinus
412 1225 474 1292 pro
488 1202 620 1271 obiecto
641 1201 904 1292 proportionale
919 1205 1025 1292 atque
1041 1198 1119 1268 ideo
1135 1223 1199 1290 pro

45 1311 151 1378 obiecto
163 1310 364 1378 immediato
377 1311 579 1380 intuitionis
596 1311 701 1380 habet
716 1311 872 1380 divinam
888 1309 1088 1379 essentiam:
1107 1309 1200 1377 omni

45 1439 106 1485 vero
126 1419 327 1487 intellectui
350 1425 465 1487 creato
498 1419 592 1487 sicut
614 1420 785 1488 obiectum
820 1418 1122 1508 proportionatum
1146 1417 1200 1484 ita

46 1526 188 1594 obiectum
211 1527 453 1595 immediatum
476 1525 679 1594 intuitionis
702 1532 757 1594 est
779 1525 914 1616 aliquid
938 1529 1106 1610 creatum;
1134 1547 1198 1592 nec

46 1631 98 1698 nisi
111 1633 297 1702 secundum
311 1633 387 1702 eius
403 1633 601 1722 analogiam
617 1639 721 1724 atque
737 1632 814 1700 ideo
830 1632 982 1701 mediata
1000 1631 1200 1720 cognitione

47 1740 130 1807 Deum
151 1741 355 1830 intelligere
379 1748 504 1831 potest.

96 1847 256 1916 Doctrina
279 1849 366 1916 haec
387 1847 530 1937 integra
545 1853 601 1917 est
616 1848 679 1918 SS.
698 1849 844 1917 Patrnm
859 1847 900 1916 ll.
919 1872 969 1918 oc.
988 1847 1200 1938 eandemque

48 1957 216 2044 compendio
241 1957 373 2045 repetit
397 1953 433 2024 S.
454 1956 615 2024 Thomas.
638 1957 888 2047 «Impossibile
911 1963 988 2039 est,
1008 1955 1098 2048 quod
1134 1955 1197 2022 ali-

50 2063 108 2151 qnis
127 2063 327 2132 intellectus
352 2069 492 2132 creatus
515 2087 576 2154 per
607 2087 671 2132 sua
701 2064 880 2134 naturalia
912 2065 1099 2132 essentiam
1133 2063 1200 2131 Dei

50 2169 152 2238 rideat.
170 2171 336 2260 Cognitio
359 2172 450 2239 enim
474 2171 660 2261 contingit,
689 2173 878 2242 seeundum
903 2171 995 2263 qnod
1020 2169 1199 2259 cognitum

51 2287 88 2341 at
106 2279 136 2343 in
158 2287 398 2368 cognoscente.
416 2276 604 2367 Cognitum
626 2285 743 2348 autem
767 2286 821 2348 est
842 2281 879 2346 in
904 2285 1130 2367 cognoscente
1149 2299 1199 2345 se-

53 2383 171 2452 eundum
193 2387 333 2455 modum
357 2388 608 2474 cognoscentis.
626 2388 726 2455 Unde
742 2387 933 2456 cuiuslibet
956 2385 1197 2476 cognoscentis

54 2492 176 2576 cognitio
197 2501 251 2562 ost
275 2495 465 2563 secundum
490 2495 626 2562 modum
650 2517 733 2563 suae
757 2501 915 2563 naturae.
937 2494 976 2562 Si
999 2494 1114 2583 igitur
1131 2515 1199 2560 mo-

57 2595 101 2662 lus
120 2601 241 2666 acardi
264 2601 419 2670 alicuius
442 2602 493 2669 rei
516 2603 677 2691 cognitae
700 2603 845 2671 excedat
879 2603 1016 2670 modum
1051 2607 1199 2670 naturae

56 2707 273 2791 cognoscentis,
288 2714 426 2796 oportet
449 2708 539 2798 quod
564 2708 718 2797 cognitio
742 2709 841 2776 illius
865 2708 917 2776 rei
941 2709 991 2775 sit
1014 2729 1122 2800 supra
1139 2731 1198 2774 na·

57 2815 141 2876 uram
161 2813 259 2882 illius
277 2816 576 2903 cognoscentis...
594 2815 825 2907 Relinquitur
840 2838 936 2905 ergo,
964 2816 1054 2906 quod
1075 2838 1198 2904 eogno-

58 2935 123 2982 scere
137 2922 242 3006 ipsam
258 2922 347 2988 Erae
363 2921 557 2990 subsistens
581 2923 631 2991 sit
653 2923 880 2992 connaturale
904 2923 970 2991 soli
999 2921 1197 2991 intellectui

58 3019 157 3108 divino,
169 3033 204 3094 et
219 3027 312 3118 quod
328 3029 376 3096 sit
392 3049 499 3117 supra
511 3029 716 3098 facultatem
733 3011 930 3098 naturalem
943 3030 1132 3098 cuiuslibet
1147 3029 1200 3096 in-

58 3128 187 3200 tellectus
198 3137 322 3220 creati,
338 3138 420 3228 qnia
435 3137 535 3204 nulla
550 3145 711 3206 creatura
733 3143 788 3206 est
803 3161 905 3206 suum
921 3161 999 3219 ease,
1019 3137 1078 3204 sed
1094 3137 1200 3205 habet

60 3257 105 3300 are
112 3241 375 3331 participatum
391 3243 427 3312 S.
440 3243 506 3310 Th.
520 3245 551 3312 1.
564 3269 596 3336 q.
610 3245 664 3312 12.
680 3267 713 3314 a.
724 3243 759 3312 4.
777 3245 832 3312 Cf.
853 3245 983 3313 Suarez
995 3244 1195 3335 Metaphys.

61 3341 237 3433 disp-XXX.
249 3357 337 3419 sect.
349 3351 414 3420 XI.
424 3375 460 3420 ιι.
472 3353 527 3439 18;
539 3353 580 3422 de
589 3355 661 3423 Deo
670 3355 695 3422 l.
707 3355 757 3420 II.
769 3377 798 3422 c.
807 3354 840 3420 9.
852 3353 1028 3422 Videlicet
1039 3353 1132 3422 Deus
1145 3361 1200 3422 est

61 3449 143 3535 ipsum
153 3457 236 3524 Esse
249 3459 394 3526 inomni
407 3459 501 3528 linea
514 3462 738 3550 perfectionis
754 3469 860 3553 atque
876 3461 953 3529 ideo
968 3461 1146 3528 infinitum
1162 3466 1199 3528 et

63 3555 317 3646 simplicissimum
333 3572 369 3633 at
384 3589 425 3634 ex
441 3589 506 3633 sua
522 3569 674 3636 essentia
695 3568 890 3638 necessario
911 3569 1068 3658 actuale;
1088 3569 1198 3637 omnis

62 3673 187 3737 uectura
207 3697 291 3742 vero
314 3681 369 3743 est
390 3673 496 3742 huius
519 3675 652 3744 infiniti
674 3677 763 3744 Esse
785 3677 936 3766 analoga
962 3677 1196 3762 adumbratio,

63 3789 150 3842 ersus
163 3783 309 3850 essentia
325 3783 435 3851 solum
451 3783 488 3850 in
505 3791 601 3852 statu
619 3785 878 3874 possibilitatis,
895 3807 956 3875 per
971 3785 1116 3853 liberam
1132 3785 1197 3853 Dei

62 3882 228 3956 resonem
243 3891 282 3957 in
299 3899 382 3960 actu
397 3891 585 3959 secundum
607 3891 743 3982 aliquid
760 3891 986 3983 perfectionis
1001 3893 1171 3982 analogoe
1186 3945 1195 3979 ,

64 3991 210 4060 mundum
225 3996 359 4086 gradus
383 4020 465 4066 vero
490 4000 740 4087 perfectionum
766 3999 984 4090 possibilium
1012 4001 1050 4067 in
1076 3999 1196 4068 indefi-

64 4089 274 4172 domnonia
289 4111 373 4174 actu
387 4107 447 4174 sed
463 4107 501 4174 in
517 4107 685 4196 potentia3
706 4113 810 4201 atque
826 4110 879 4176 ita
895 4109 1025 4177 habens
1051 4131 1117 4176 esse
1132 4107 1196 4176 ali-

67 4203 131 4283 ΨΜ
143 4203 380 4304 miticipatum
396 4215 532 4284 omnino
548 4216 697 4286 alterius
710 4217 844 4287 diversi
858 4217 1004 4303 ordinis,
1024 4241 1127 4310 quam
1143 4225 1198 4288 est

70 4301 188 4384 divinum
202 4321 286 4389 Esse
309 4322 520 4393 absolutum.
538 4325 631 4394 Hinc
649 4325 811 4417 quoniam
830 4325 940 4396 omnis
969 4326 1194 4413 intellectus,

70 4422 194 4496 quandiu
207 4431 416 4521 relinquitur
432 4433 469 4500 in
486 4453 548 4501 suo
571 4434 729 4502 naturali
752 4433 851 4502 modo
874 4433 1122 4523 cognoscendi,
1143 4457 1195 4502 co·
