3310 5056
901 340 1085 402 ..122-

889 511 1040 588 SECTlO
1067 515 1110 589 li.

683 659 733 714 DE
751 659 850 716 MODO
868 659 1035 715 NOSTRAE
1054 659 1301 732 cosdumis,

849 750 938 816 Qum
957 750 1051 806 Deus
1070 750 1138 806 SI'I'.

892 919 1045 989 CAPUT
1068 919 1099 990 Ι.

516 1072 559 1117 ΒΕ
577 1071 664 1118 riom
683 1069 886 1118 doemonis
905 1072 961 1116 nri
979 1073 1013 1116 m
1032 1073 1133 1117 ΒΤΔΤΠ
1152 1071 1248 1118 VITAE
1267 1072 1472 1120 rausum.

893 1223 1036 1286 THESIS
1056 1225 1096 1284 X.

513 1348 671 1412 coortam
692 1349 833 1411 Patrem
853 1349 1006 1410 doctrino
1027 1349 1066 1410 de
1086 1348 1232 1411 mediata
1252 1357 1284 1411 et
1304 1351 1479 1428 anserico

784 1455 899 1509 nostra
923 1451 1109 1526 coyoitione
1131 1447 1202 1510 Dei.

475 1610 579 1664 «Siout
596 1611 731 1678 oepItelis
751 1625 830 1664 error
849 1609 1088 1664 Eunomienorum
1108 1611 1219 1664 saeculo
1238 1609 1431 1666 1v.etv.in
1451 1623 1483 1661 eo
1502 1611 1565 1676 eret,

412 1699 515 1768 »qnod
534 1700 587 1753 Dei
606 1700 759 1754 essentiam
778 1701 896 1768 etquid
918 1702 993 1753 Deus
1013 1700 1063 1764 eit,
1085 1717 1102 1753 a
1121 1716 1150 1753 se
1170 1700 1294 1767 perfecte
1319 1697 1516 1766 comprehendi
1533 1699 1567 1750 ia·

411 1794 569 1857 »ctarenn
590 1805 621 1844 eo
640 1793 734 1844 tamen
753 1789 815 1856 ipso
835 1789 963 1843 divinam
982 1793 1113 1842 naturam
1131 1787 1205 1841 ideis
1225 1804 1282 1842 non
1302 1789 1418 1844 aliunde
1437 1789 1568 1844 derivatis

413 1901 425 1930 e
441 1883 471 1933 et
489 1881 662 1947 analogicis,
684 1879 731 1934 sed
750 1877 924 1932 immediatis
942 1881 972 1932 et
991 1878 1124 1946 propriis,
1140 1879 1216 1931 utin
1236 1894 1265 1931 se
1286 1883 1340 1946 est,
1361 1879 1491 1945 intelligi
1510 1893 1568 1944 sup·

413 1991 425 2018 n
442 1971 600 2038 ponebant:
624 1971 668 2024 ita
687 1970 850 2024 defensores
876 1967 1016 2034 dogmatis
1035 1967 1168 2022 catholici
1186 1967 1217 2020 in
1234 1969 1296 2021 tota
1314 1969 1366 2022 hec
1384 1967 1570 2024 controversia

411 2075 496 2114 »nou
515 2062 606 2114 solum
623 2061 711 2114 Deum
730 2076 747 2112 a
765 2060 849 2113 nobis
868 2057 1067 2126 comprehendi
1085 2059 1244 2126 negabant5
1260 2057 1310 2112 sed
1324 2059 1360 2112 ad
1374 2059 1511 2125 dogmatis
1527 2073 1569 2110 er·

412 2170 424 2198 a
441 2149 624 2217 plicationem
643 2152 808 2203 constanter
820 2147 906 2200 etiem
925 2147 1088 2214 tuebantur,
1105 2145 1232 2200 divinam
1246 2148 1399 2200 essentiam
1413 2164 1469 2200 nou
1482 2144 1569 2200 videri

413 2253 459 2290 ee
476 2237 558 2290 nobie
576 2238 681 2291 mentis
699 2237 810 2290 intuitu
829 2237 861 2288 lu
880 2252 910 2289 se
928 2236 1008 2304 ipsa,
1029 2234 1078 2288 sed
1097 2251 1131 2288 ex
1145 2237 1339 2302 praecognitis
1354 2235 1569 2304 perfectionibus

413 2331 651 2394 narentanorum,
673 2329 702 2380 et
726 2329 875 2394 propterea
899 2325 1065 2379 notionibus
1084 2325 1242 2392 analogicis
1261 2326 1406 2394 cognosci,
1427 2325 1494 2393 qnid
1513 2325 1567 2388 sit,

413 2439 426 2466 n
440 2417 528 2485 idque
547 2433 603 2472 non
618 2418 707 2472 solum
721 2417 755 2470 de
769 2417 932 2482 cognitione
946 2431 1022 2470 mere
1040 2415 1190 2483 rationali,
1206 2415 1256 2470 sed
1269 2417 1356 2471 ctiam
1369 2415 1404 2470 de
1413 2415 1569 2482 cognitione

413 2527 425 2557 s
441 2521 525 2576 qnam
543 2522 579 2561 ex
597 2506 775 2562 rerelstlone
794 2504 951 2574 hausimus,
966 2503 1160 2560 affirmandum
1178 2520 1278 2561 esse.»

475 2708 505 2779 1.
532 2707 655 2792 Quoad
678 2709 814 2779 modum
843 2709 1071 2800 cognoscendi
1086 2709 1197 2778 Deum
1220 2707 1259 2777 in
1282 2731 1320 2778 eo
1344 2708 1455 2779 fuisse
1476 2707 1568 2778 fasti·

411 2817 508 2908 gium
524 2817 704 2888 haereseos
719 2819 1024 2903 Eunomicnorum,
1042 2818 1132 2910 quod
1149 2818 1334 2908 perieotea
1350 2839 1386 2886 se
1400 2817 1510 2886 Deum
1526 2815 1571 2884 di·

410 2925 596 3016 vinemque
618 2925 803 2994 essentiam
818 2924 1052 3014 comprehendi
1066 2930 1271 3008 assererent,
1290 2924 1414 2992 Patres
1430 2923 1569 3014 scripto·

410 3053 533 3122 resque
548 3031 789 3118 ecclesiastici,
808 3032 869 3124 qui
886 3055 963 3100 oum
978 3031 1053 3100 illis
1068 3031 1155 3120 ipsis
1171 3052 1294 3099 merus
1314 3035 1567 3113 conseruerunt,

336 3219 341 3230 ·
412 3139 591 3207 unanimes
619 3145 819 3224 testantur,
844 3139 1000 3206 Basilius
1023 3144 1060 3207 et
1083 3137 1275 3227 Gregorius
1296 3137 1405 3226 Nyss.
1432 3138 1468 3205 in
1504 3136 1571 3205 anis

411 3245 579 3314 adversus
593 3246 739 3315 Eunom.
768 3245 889 3334 libris;
917 3245 1111 3335 Gregorius
1137 3246 1225 3314 Neu.
1245 3268 1295 3314 or.
1314 3245 1370 3314 27.
1389 3267 1424 3314 n.
1444 3244 1477 3332 33
1494 3243 1571 3333 Epi·

410 3351 561 3442 phanius
576 3352 711 3422 haeres.
730 3353 785 3420 76.
804 3353 845 3422 Τ.
860 3353 891 3420 Ι.
905 3378 940 3444 p.
955 3353 1033 3422 989.
1053 3352 1129 3440 9903
1149 3351 1384 3441 Hieronymus
1397 3351 1435 3419 in
1446 3349 1568 3422 Metth.

410 3457 474 3526 XI.
494 3457 550 3526 27.
570 3459 612 3527 Τ.
631 3457 713 3528 VII.
732 3481 766 3548 p.
785 3457 845 3545 743
861 3457 1129 3548 Chrysostomus
1153 3458 1190 3526 in
1213 3457 1370 3526 homiliis
1392 3457 1435 3526 de
1452 3457 1571 3526 inconn-

411 3564 637 3654 prehensibili
652 3587 683 3634 e.
701 3589 737 3654 g.
757 3564 847 3634 hom.
859 3565 909 3634 H.
924 3589 959 3634 n.
978 3565 1011 3653 33
1036 3565 1273 3634 Theodoretus
1284 3564 1451 3633 haeretic.
1465 3561 1569 3632 fabul.

410 3669 437 3738 1.
455 3669 499 3739 V.
520 3692 550 3739 c.
569 3669 608 3756 ὃς
634 3669 793 3760 Cyrillus
809 3671 913 3740 Alex.
939 3670 1109 3740 Theseur.
1131 3671 1173 3739 Τ.
1190 3670 1235 3740 V.
1261 3695 1296 3761 p.
1314 3669 1393 3738 200.
1424 3699 1441 3734 a
1458 3670 1571 3738 Ausus

410 3781 464 3846 est
486 3776 586 3844 homo
609 3775 735 3862 dicere,
754 3777 806 3846 eit
821 3777 1090 3868 chrysostomus
1113 3777 1139 3846 l.
1157 3800 1201 3862 c.,
1220 3777 1331 3846 Deum
1346 3777 1397 3847 sio
1412 3777 1518 3862 novi,
1535 3779 1572 3844 ut

410 3881 485 3972 ipse
507 3882 601 3952 Deus
624 3907 660 3953 se
690 3884 815 3974 ipsum.
835 3913 852 3948 n
885 3885 1108 3955 «Erubescat
1129 3884 1324 3953 Eunomius
1352 3891 1488 3953 tentam
1510 3881 1572 3951 sibi

411 3989 575 4058 notitiem
597 3991 716 4060 Petris
738 3998 774 4062 et
794 3991 894 4078 Filii,
921 3996 1088 4084 quantam
1109 3992 1321 4064 alterutrum
1345 3993 1438 4060 inter
1461 4014 1497 4060 se
1517 3990 1571 4056 he·

411 4097 525 4182 beant,
551 4095 747 4166 vindicans.
774 4097 874 4182 Quod
897 4098 929 4166 si
951 4099 1031 4168 inde
1051 4099 1228 4168 contendit
1243 4104 1280 4168 et
1294 4120 1391 4166 susm
1405 4097 1572 4167 insaniam

411 4202 620 4289 consoletur,
648 4205 731 4295 quia
754 4205 914 4296 sequitur
938 4205 997 4294 (in
1020 4212 1121 4275 textu
1142 4205 1298 4294 Matth.)
1322 4221 1354 4273 et
1377 4207 1434 4273 eei
1460 4205 1573 4274 Filiae

408 4309 556 4377 columis
577 4311 738 4396 revelem,
763 4312 861 4381 eliud
877 4317 931 4382 est
946 4317 1093 4383 naturae
1113 4313 1327 4406 aequalitate
1348 4335 1460 4399 nosse,
1478 4310 1571 4382 aliud

408 4419 650 4492 revelationes
676 4419 713 4492 S.
730 4421 924 4513 Hieronym
946 4421 972 4493 l.
993 4445 1022 4494 c.
1048 4421 1124 4493 Hac
1146 4427 1264 4494 eutem
1286 4422 1324 4493 in
1346 4420 1506 4494 doctrino
1527 4421 1570 4492 ei·
