3230 5072
882 379 920 392 -
941 346 1002 410 300
1023 381 1061 394 -

459 448 641 530 Quatenus
663 449 782 542 itaque
805 452 1045 522 consideratur
1070 455 1166 524 Deus
1188 455 1224 524 iu
1241 456 1401 524 omnibus
1415 479 1487 526 esse
1501 481 1558 546 per

390 559 588 638 essentiam,
612 557 845 626 abstrahendo
868 559 911 625 ab
934 559 1134 648 operatione
1166 561 1231 630 Dei
1261 562 1299 628 in
1330 569 1557 646 creatura,a

389 664 486 740 modo
510 687 577 756 quo
600 688 636 733 se
659 667 883 750 manifestat,
909 689 931 734 a
953 667 1054 736 donis
1078 691 1166 760 quae
1190 671 1349 753 confert,
1372 693 1396 737 a
1417 670 1557 760 speciali

389 774 549 854 ratione,
568 796 637 865 qua
660 783 857 844 creaturam
879 775 997 844 elevat
1019 783 1055 845 et
1081 776 1149 844 sibi
1182 775 1377 866 coniungit,
1401 779 1461 846 sed
1488 801 1556 867 ape-

389 887 487 948 etsta
510 882 621 949 solum
643 883 831 950 existentia
854 884 1025 951 essentiae
1048 907 1110 974 per
1133 907 1230 969 seso,
1255 887 1351 954 Dens
1366 885 1556 976 ubiqnene·

389 989 540 1058 cessario
563 997 599 1057 et
621 990 735 1058 eodem
760 991 857 1060 modo
880 998 945 1059 est.
970 991 1057 1061 Cum
1081 993 1146 1061 hac
1181 1015 1265 1062 vero
1298 993 1489 1062 existentia
1522 993 1556 1059 in

388 1097 545 1164 omnibus
567 1121 629 1184 per
652 1100 830 1162 essentiam
863 1120 989 1166 nexum
1012 1103 1087 1181 est,
1115 1105 1155 1166 ut
1178 1098 1286 1166 sitin
1313 1099 1471 1166 omuibus
1501 1123 1557 1188 per

386 1207 597 1294 potentiam,
622 1209 795 1294 quatenus
817 1205 932 1272 omnia
955 1203 993 1272 in
1016 1209 1090 1272 toto
1113 1227 1176 1272 auo
1200 1228 1268 1272 essa
1281 1253 1291 1285 ,
1316 1205 1471 1274 inomni
1499 1226 1557 1272 sna

388 1313 622 1402 perfectione,
648 1311 686 1378 in
711 1311 803 1378 omni
825 1335 887 1380 suo
909 1317 993 1380 actu
1025 1311 1177 1401 pendent
1199 1335 1221 1380 a
1243 1314 1504 1380 conservatione
1525 1318 1557 1380 et

388 1421 524 1490 actione
559 1419 704 1504 divina,
730 1442 818 1511 quaa
852 1427 1004 1488 ceterum
1039 1425 1093 1488 est
1122 1420 1268 1488 realiter
1301 1421 1380 1510 ipsa
1413 1423 1556 1490 meantia

389 1529 512 1596 divina
534 1527 657 1596 intime
686 1551 861 1617 praesens.
887 1528 1028 1596 Pariter
1050 1550 1092 1595 ex
1123 1528 1312 1596 existentia
1342 1529 1380 1596 iu
1404 1529 1555 1596 omnibus

388 1659 449 1727 per
473 1639 651 1704 semeiam
674 1636 929 1726 consequitur,
944 1641 985 1703 nt
1008 1633 1118 1702 sitin
1141 1635 1299 1702 omnibus
1321 1658 1387 1724 per
1403 1658 1554 1724 praem

389 1747 487 1824 cium,
502 1741 694 1832 generatim
718 1741 855 1831 quidem
878 1747 1055 1832 tamquam
1084 1741 1259 1829 inspector
1278 1749 1314 1809 et
1335 1769 1352 1804 a
1370 1741 1492 1809 oculus
1506 1741 1552 1808 lu-

388 1849 500 1918 cidior
516 1873 620 1938 super
643 1849 748 1918 solem
766 1875 783 1910 a
797 1855 918 1916 tanam
943 1847 1011 1916 sibi
1027 1847 1150 1916 intima
1166 1855 1367 1936 praesentas
1382 1857 1553 1917 creaturas

388 1965 464 2026 tum
488 1980 604 2026 omues
627 1965 702 2025 tum
726 1955 898 2044 singulas;
917 1954 1098 2044 speciatim
1122 1977 1205 2023 vero
1228 1955 1363 2024 dicitur
1377 1957 1472 2024 Deus
1486 1978 1551 2023 asso

388 2064 520 2132 alicubi
542 2072 578 2132 et
598 2087 674 2132 esse
705 2063 742 2130 in
773 2061 945 2130 creaturis
970 2085 1035 2150 per
1061 2065 1293 2150 praesentiam
1325 2064 1550 2153 singularem,

388 2173 449 2239 ubi
471 2173 609 2241 sublato
632 2171 732 2240 velut
756 2170 928 2239 velamina
959 2191 1032 2238 sese
1066 2176 1283 2258 praesentem
1313 2171 1464 2238 ostendit
1489 2171 1551 2236 sin·

388 2279 574 2368 galeribus
602 2278 960 2361 manifestationibus,
980 2277 1221 2366 singularibus
1237 2277 1338 2346 donis
1353 2285 1429 2346 tum
1447 2285 1550 2345 trans·

389 2385 553 2453 euntibus
582 2391 658 2452 tum
688 2383 893 2473 praesertim
919 2384 1212 2472 permanentibus,
1239 2383 1414 2474 singulari
1447 2384 1550 2452 eleva·

388 2493 482 2559 tione
515 2498 551 2560 et
584 2491 825 2559 coniunctione
860 2497 1040 2559 creaturae
1074 2514 1189 2559 secum
1223 2491 1318 2581 ipso,
1356 2492 1548 2580 praesertim

389 2605 568 2668 creaturae
591 2598 796 2682 rationalis,
822 2598 880 2666 cui
903 2621 940 2667 se
961 2599 1077 2688 ipsum
1100 2599 1202 2668 velut
1223 2600 1336 2668 tradit
1358 2607 1396 2669 at
1417 2598 1547 2690 speciali

390 2707 487 2774 modo
510 2706 590 2774 unit
614 2713 655 2775 ut
677 2707 846 2774 obiectum
870 2705 975 2792 fidei,
1001 2707 1097 2798 spei,
1123 2707 1331 2792 charitatis,
1357 2708 1499 2778 visionis
1519 2713 1548 2774 et

389 2813 567 2882 beatificae
590 2813 785 2883 fruitionis.

454 2921 546 2990 Hinc
568 2921 790 2989 manifestum
814 2927 879 3004 est,
904 2921 1014 2990 Deum
1038 2922 1166 3013 ubique
1189 2944 1250 3012 par
1274 2928 1471 3005 essuriem,
1487 2943 1546 2989 non

389 3033 503 3096 lcarnaea
527 3031 655 3120 ubique
685 3027 794 3110 eodem
817 3027 911 3095 modo
934 3051 1008 3098 esse
1032 3051 1092 3119 par
1117 3033 1308 3118 potentiam
1337 3036 1375 3098 ot
1402 3053 1545 3119 praessa·

391 3139 487 3202 tiam.
506 3135 564 3204 Sic
587 3135 624 3203 in
648 3135 842 3224 Scripturis
859 3135 991 3204 dieitur
1006 3135 1100 3204 Deus
1117 3135 1262 3225 speciali
1277 3135 1376 3204 modo
1391 3159 1465 3204 esse
1480 3158 1545 3204 cun

387 3241 585 3326 Abrabam,
611 3242 710 3312 Isaac
743 3253 778 3312 et
807 3244 929 3326 Iacob,
956 3267 1033 3311 cum
1062 3241 1206 3332 Moyse,
1232 3243 1354 3328 Iosue,
1380 3245 1543 3321 Gedeone,
1594 3257 1595 3324 ι

388 3347 542 3431 Davide,
569 3347 748 3417 Salomone
771 3357 837 3418 etc.
858 3379 874 3412 ι
891 3347 963 3417 Ero
986 3354 1099 3416 tecum
1132 3357 1169 3417 et
1197 3349 1395 3418 benedicam
1425 3350 1543 3434 tibi;v

392 3457 498 3524 unoli
521 3457 660 3542 timere,
678 3481 741 3547 ego
765 3465 877 3527 tecum
902 3479 978 3524 sum
996 3483 1012 3518 o
1031 3455 1118 3525 Gen.
1141 3457 1276 3526 XXVI.
1295 3457 1329 3526 3.
1346 3459 1403 3544 243
1422 3455 1543 3525 XXXI.

389 3563 423 3632 a.
442 3563 508 3652 ea;
536 3563 647 3632 asoa.
679 3563 748 3634 111.
778 3565 837 3650 1a;
865 3565 968 3632 neue.
1000 3564 1135 3633 xxm.
1165 3564 1376 3653 aa;.10s.1.
1407 3568 1445 3633 a.
1464 3587 1541 3655 sqq,

388 3669 469 3739 Iud.
487 3671 550 3740 VI.
569 3672 630 3758 16,
662 3671 696 3740 2.
722 3671 810 3760 Rag.
830 3669 912 3740 VII.
935 3671 967 3738 3.
994 3670 1034 3757 93
1065 3671 1098 3740 3.
1122 3671 1210 3762 Reg.
1233 3672 1298 3740 XI.
1325 3672 1381 3740 38.
1420 3672 1544 3740 Pariter
1594 3717 1595 3756 3

389 3779 450 3852 ubi
479 3779 574 3848 Deua
603 3801 640 3846 se
671 3779 915 3848 manifestavit
944 3778 1141 3848 visionibus
1179 3779 1420 3868 singularibus
1456 3777 1544 3846 Iacob

390 3885 476 3955 Gen.
487 3885 659 3955 XXVIII.
675 3887 729 3972 1⁷,
744 3885 859 3976 Moysi
874 3886 985 3954 Exod.
1004 3885 1073 3954 111.
1088 3887 1121 3970 5,
1135 3885 1233 3954 locus
1256 3887 1391 3955 dicitur
1407 3915 1424 3950 u
1438 3886 1543 3954 domus
1594 3875 1595 3880 ’

389 3993 454 4061 Dei
476 4001 512 4062 et
534 4000 635 4082 porta
650 3993 749 4078 coeli,
765 4021 782 4056 n
804 4001 935 4062 eterra
957 4003 1091 4063 sancta.
1108 4021 1125 4056 n
1149 3994 1193 4060 In
1215 3992 1441 4083 tabernaculo
1461 3990 1542 4059 etin
1594 3985 1595 3990 ’

389 4099 515 4189 templo
538 4101 670 4168 dicitur
693 4101 787 4168 Deua
809 4101 981 4184 babitare,
1008 4101 1091 4192 quia
1113 4123 1191 4169 eum
1214 4099 1329 4168 locum
1352 4099 1421 4168 sibi
1444 4095 1540 4166 voluit

389 4213 645 4292 consecratum,
670 4209 770 4276 utin
793 4231 832 4276 ec
856 4207 999 4298 speciali
1029 4207 1128 4276 modo
1151 4229 1188 4276 se
1218 4207 1458 4275 manifestaret
1476 4211 1537 4270 tum

389 4313 503 4402 signis
526 4314 759 4400 sensibilibus,
784 4322 859 4384 tum
882 4315 1105 4384 exauditione
1127 4337 1281 4405 precum,
1300 4320 1336 4382 et
1350 4319 1393 4382 ut
1409 4311 1457 4380 ibi
1477 4327 1536 4396 spe

390 4420 473 4488 ciali
496 4421 593 4490 modo
616 4429 862 4510 agnosceretur
885 4445 1060 4512 praesens,
1086 4445 1127 4490 ac
1150 4421 1217 4490 sibi
1239 4419 1415 4512 praesenti
1437 4413 1535 4488 cultu!
