3240 5064
900 347 1079 412 -278-

846 548 990 610 THESIS
1011 547 1128 610 XXIV.

486 673 533 734 De
553 673 742 734 discrimine
763 675 898 753 infinito
919 673 1003 734 entia
1023 673 1126 734 divini
1147 675 1186 734 ab
1207 677 1282 734 cute
1305 672 1492 736 universali.

479 847 491 873 ι
507 827 615 879 Errant
633 827 696 879 sine
715 825 810 892 dubio,
832 827 881 894 qui
901 825 1002 881 docent
1020 825 1113 880 ideam
1127 827 1213 894 entis,
1229 827 1282 880 snb
1295 843 1352 895 qna
1369 827 1564 892 intelligimur,

409 936 422 966 ι
438 913 579 984 quidquid
598 915 840 970 intellectualiter
852 915 1036 985 ccudpimua,
1050 931 1111 970 ersa
1123 915 1215 970 ideam
1234 917 1297 984 nen
1317 921 1405 986 atque
1423 915 1490 969 adeo
1502 931 1563 980 ens,

407 1004 512 1074 equod
531 1006 614 1059 illine
626 1003 706 1060 ideae
726 1007 864 1061 obiectum
882 1011 936 1073 aet,
957 1021 1019 1062 aare
1037 1007 1126 1062 Deum
1144 1007 1213 1062 licat
1232 1008 1323 1062 nolum
1336 1006 1444 1062 directe
1461 1009 1490 1060 at
1503 1021 1564 1059 non·
1605 1066 1606 1080 χ

407 1095 499 1150 »dum
518 1095 620 1152 reflexa
639 1097 794 1162 cognitum.
807 1119 820 1146 ι

470 1282 541 1368 Qui
563 1285 731 1354 rationem
754 1286 859 1370 eutis,
878 1283 969 1376 quod
984 1285 1079 1354 Deus
1094 1291 1159 1370 est,
1177 1285 1216 1353 iu
1232 1283 1474 1376 superioribus
1496 1283 1563 1352 the-

404 1392 501 1462 sibus
524 1393 793 1463 demonstratam
816 1392 1052 1478 intellexerit,
1078 1393 1250 1485 simulque
1274 1392 1427 1460 animum
1450 1391 1562 1460 adver·

402 1498 489 1568 terit
510 1499 555 1568 ad
578 1499 748 1568 rationem
778 1501 890 1582 entis,
916 1499 1006 1591 quod
1028 1498 1322 1590 apprehendimus
1353 1497 1391 1570 in
1414 1499 1563 1566 omnibus

402 1627 634 1698 quaecumque
650 1607 873 1698 concipimus,
893 1607 997 1676 facile
1013 1607 1216 1697 persentiat,
1235 1605 1483 1676 certitudinem
1498 1629 1561 1696 pro

401 1714 587 1804 positionis
618 1737 720 1806 quam
754 1715 994 1798 defendimus,
1021 1715 1057 1782 iu
1086 1713 1373 1804 praecedentibus
1403 1713 1474 1782 iam
1497 1736 1561 1781 csse

401 1821 683 1906 demonstratam,
709 1821 865 1914 hancque
888 1821 1014 1890 thesim
1038 1843 1112 1890 esse
1136 1820 1251 1890 instar
1274 1820 1466 1907 corollarii,
1480 1819 1561 1912 quod

401 1949 443 1996 ex
467 1928 706 2018 superioribus
730 1935 851 2018 sponte
882 1927 1119 2021 consequitur.
1146 1927 1247 2010 Quod
1276 1927 1367 1996 enim
1398 1927 1465 1996 illa
1494 1929 1560 1996 idea
1606 1917 1607 2002 l

401 2035 704 2104 universalissima
727 2033 1050 2126 comprehenditur,
1077 2057 1145 2104 non
1167 2041 1222 2104 est
1251 2057 1313 2104 ens
1335 2033 1478 2128 aliquod
1500 2035 1558 2102 siu·

400 2141 545 2234 gulare,
570 2142 607 2210 iu
632 2165 667 2212 sc
690 2143 981 2230 determinatum,
1008 2142 1068 2212 sed
1095 2150 1150 2210 est
1178 2149 1263 2211 uota
1293 2141 1558 2211 abstractissima

399 2249 576 2320 realitatis
599 2251 674 2320 aive
698 2250 876 2342 possibilis
898 2250 975 2319 aive
997 2249 1149 2319 actualis
1165 2249 1318 2342 (quando
1333 2249 1467 2320 dicitur
1484 2253 1556 2332 aas),

401 2357 458 2426 vel
474 2357 649 2426 realitatis
665 2367 748 2426 actu
764 2357 915 2448 (quando
931 2355 1065 2426 dicitur
1082 2380 1149 2422 esre
1163 2363 1274 2444 actu),
1294 2357 1329 2426 in
1345 2379 1416 2449 qua
1430 2363 1558 2448 praeter

401 2464 650 2554 oppositionem
674 2463 718 2532 ad
741 2463 893 2532 nihilum
916 2463 1011 2531 etad
1026 2485 1095 2532 non
1111 2485 1186 2532 csse
1209 2463 1310 2531 nulla
1332 2471 1387 2532 est
1409 2462 1556 2533 determi-

400 2571 509 2640 natio.
527 2571 615 2640 Eaaa
637 2570 792 2638 divinam
807 2571 844 2638 in
860 2572 937 2662 ipsa
960 2569 1219 2660 simplicissima
1241 2571 1378 2640 ratione
1399 2571 1556 2641 essentiae

400 2699 441 2748 ex
458 2677 705 2746 demonstratis
720 2685 774 2746 εει
789 2677 876 2744 Esse
899 2675 1091 2766 singulare,
1117 2675 1385 2746 determinatum
1409 2675 1555 2746 determi·
1607 2673 1608 2762 1

399 2787 540 2856 natione
563 2809 708 2870 summe,
727 2784 824 2853 ultra
847 2805 949 2876 qnam
965 2783 1138 2854 intensior
1153 2805 1227 2853 esse
1242 2807 1311 2852 non
1326 2791 1451 2874 potest.
1467 2781 1553 2852 Unde
1607 2795 1608 2798 ’

399 2901 498 2984 patet
520 2893 610 2963 illud
633 2918 703 2976 ene,
727 2893 793 2962 aab
814 2892 915 2961 cuius
938 2891 1075 2962 ratione
1098 2893 1213 2960 omnia
1236 2893 1466 2984 concipimus,
1495 2914 1553 2958 non

397 3001 508 3070 solnm
538 3023 606 3070 nou
636 3000 842 3090 cognoscin
871 2999 970 3068 nobis
994 3001 1058 3068 sub
1089 2999 1230 3068 formali
1259 3001 1396 3071 ratione
1426 3001 1553 3070 divinae

396 3109 566 3178 esseutiae
590 3109 683 3178 utin
699 3131 735 3178 se
755 3114 821 3192 est,
847 3108 938 3200 quod
961 3107 1158 3178 adversarii
1181 3107 1331 3178 libenter
1348 3113 1469 3202 utique
1489 3131 1552 3179 oon-

397 3216 544 3304 eedunt;
570 3215 629 3284 aad
652 3215 757 3284 ctiam
781 3237 849 3283 non
872 3235 946 3283 esse
968 3237 1030 3283 ens
1052 3213 1234 3300 divinum,
1260 3223 1404 3310 totaque
1427 3217 1480 3286 sui
1506 3237 1550 3282 ra·

396 3322 492 3390 tione
514 3323 559 3391 ab
581 3329 659 3391 ente
682 3321 803 3390 divino
826 3344 899 3390 csse
923 3321 1115 3390 diversum.

463 3427 554 3498 Sane
577 3427 766 3497 discrimen
787 3436 842 3496 est
864 3427 1052 3495 maximum
1068 3427 1114 3496 1⁰.
1133 3427 1171 3496 in
1194 3429 1270 3518 ipso
1293 3429 1404 3516 modo,
1424 3451 1487 3523 quo
1500 3449 1550 3496 ens

397 3541 582 3626 utrumque
605 3533 830 3626 concipimus.
854 3533 1032 3624 Conceptu
1060 3537 1203 3623 proprio
1227 3539 1316 3602 entia
1348 3537 1447 3606 uobis
1468 3535 1550 3606 exhi·

398 3643 500 3710 betur
522 3643 559 3710 id
583 3641 673 3733 quod
703 3651 757 3710 est
780 3641 818 3708 iu
841 3641 993 3724 creatis,
1019 3641 1191 3732 siquidem
1213 3665 1256 3710 ex
1280 3643 1337 3710 his
1371 3643 1549 3712 immediate

397 3749 498 3818 illum
520 3749 768 3836 abstrahimus;
786 3756 860 3816 tum
884 3769 967 3816 vero
982 3769 1024 3816 ex
1047 3751 1176 3818 creatis
1199 3749 1423 3818 conclsdendo
1446 3773 1548 3842 perve-

397 3855 512 3925 nimus
534 3855 579 3924 ad
602 3855 825 3946 cogitandum
847 3855 961 3946 ipsum
978 3857 1068 3924 ane
1082 3857 1287 3946 complure,
1305 3859 1508 3950 principium
1520 3865 1548 3926 et

397 3961 528 4032 iontem
550 3963 662 4032 totius
687 3987 755 4030 esre
776 3964 886 4034 creati
901 3969 938 4032 et
953 3964 1116 4034 creabilis
1131 3965 1195 4052 (1).
1210 3963 1294 4034 Ideo
1309 3989 1379 4035 non
1401 3967 1548 4036 habemus

459 4173 502 4248 (1)
522 4177 624 4232 ιΙΙΙιιᾱ
643 4179 717 4247 quod
737 4182 829 4247 prtmc
847 4183 1014 4236 intellectus
1035 4183 1162 4250 concipit
1180 4186 1264 4252 quai
1281 4187 1468 4254 moduinum,
1480 4184 1506 4238 et
1519 4185 1544 4235 in

395 4266 471 4334 quod
489 4283 585 4322 ennea
603 4271 799 4336 coemptiones
821 4273 961 4336 resolvit,
982 4277 1027 4326 ast
1050 4289 1108 4326 m.
1131 4273 1213 4328 Unda
1230 4281 1354 4343 oportet,
1375 4277 1448 4346 qnod
1465 4287 1543 4330 annea

395 4357 470 4410 aliae
488 4359 685 4426 wneaptienaa
703 4359 870 4416 intellectu·
891 4361 1071 4430 accipiantur
1090 4378 1126 4416 ex
1138 4363 1287 4420 additione
1304 4366 1342 4420 ad
1363 4383 1421 4423 m.
1435 4361 1543 4420 &aaa

395 4461 451 4499 uon
469 4453 565 4514 potant
586 4447 654 4502 adali
670 4449 784 4516 aliquid
803 4451 888 4518 qnasi
905 4457 1043 4506 extranee
1060 4459 1199 4510 namra..
1214 4457 1284 4523 quia
1296 4457 1541 4524 qualitatum
