3292 5062
571 408 607 420 -
630 377 670 436 99
692 408 727 418 -
824 427 827 434 .

81 491 148 550 tnnc
168 481 272 549 totins
293 481 430 550 ordinis
453 479 686 571 metaphysici
710 481 948 570 intelligibilis
971 483 1234 551 fundamentum

80 597 129 656 est
148 595 181 657 et
200 589 392 656 subsistens
416 587 607 676 exemplar,
632 597 707 656 tum
732 611 838 656 cansa
871 589 1015 656 luminis
1050 589 1235 657 rationalis

79 721 139 790 qno
154 719 231 764 vera
247 695 493 785 intelligimus.
512 695 570 764 Ita
598 695 837 784 argumentari
856 695 976 763 videas
992 697 1234 785 Angustiuum

78 803 100 870 l.
116 803 161 870 11.
177 801 216 870 de
237 801 349 868 libero
372 801 520 870 arbitrio
544 809 619 890 (per
643 805 781 888 totum);
808 800 962 870 Cont'ess.
982 802 1007 870 l.
1026 803 1107 870 VII.
1127 827 1156 872 c.
1177 803 1230 890 17;

78 911 114 977 de
131 930 205 978 vera
229 907 332 996 relig.
353 931 389 974 n.
408 907 463 974 52.
479 908 511 975 2.
531 931 621 1000 sqq.;
641 907 861 1000 Soliloquior.
882 907 906 975 l.
921 907 951 976 Ι.
964 931 992 976 o.
1012 910 1045 976 5.
1064 910 1096 996 83
1115 911 1156 979 de
1172 910 1234 978 Or-

75 1012 148 1080 dine
167 1011 258 1078 1.11.
277 1034 308 1078 c.
329 1009 383 1078 16.
402 1015 468 1078 etc.
499 1010 553 1078 Of.
574 1012 733 1080 Lessinm
753 1013 794 1080 de
818 1014 962 1102 perfect.
983 1011 1095 1080 divin.
1121 1013 1146 1080 l.
1166 1014 1229 1082 VI.

76 1143 103 1187 c.
118 1119 148 1186 4.
164 1141 197 1185 n.
215 1117 271 1184 39.
292 1141 367 1209 sqq.

134 1227 300 1295 Scholion.
328 1225 429 1294 Sient
452 1225 645 1294 doctrinam
677 1224 940 1316 Scripturarnm
972 1226 1130 1295 videmus
1162 1249 1232 1294 nm·

72 1333 226 1422 piissimis
249 1332 314 1402 SS.
336 1333 480 1398 Petrum
502 1331 795 1420 explicationibus
812 1332 1035 1417 declaratam,
1058 1342 1095 1400 ut
1112 1333 1153 1401 de
1172 1357 1229 1422 ge·

74 1443 167 1510 nnino
188 1440 363 1510 catholico
386 1439 570 1508 intellectu
593 1439 692 1507 nulla
715 1440 880 1508 videatur
903 1463 976 1509 esse
1000 1464 1096 1530 posse
1131 1441 1231 1509 dubi-

74 1551 162 1631 tatio,
186 1549 238 1618 ita
258 1549 401 1617 eandem
418 1549 621 1638 Scripturas
646 1553 682 1616 et
704 1549 846 1616 Petrum
865 1549 1071 1633 doctrinam,
1086 1571 1128 1618 ne
1146 1549 1231 1642 quid

74 1655 291 1740 desideretur,
318 1653 463 1722 Scholee
487 1655 653 1723 Doctores
677 1656 848 1723 communi
873 1678 1039 1724 consensu
1064 1656 1137 1724 suis
1160 1656 1231 1724 dis·

73 1763 301 1851 putationibus
337 1763 584 1848 vindicarunt,
618 1763 767 1832 tradunt
797 1764 888 1832 enim
924 1763 1022 1831 volnt
1052 1762 1231 1834 doctrinae

74 1879 184 1958 capnt,
211 1871 270 1938 cui
294 1891 489 1959 repugnare
523 1869 623 1936 nefas
647 1871 718 1954 sit,
743 1869 808 1937 Dei
839 1869 1057 1937 existentiam
1095 1871 1260 1970 ratione„

73 1984 152 2045 certo
162 1977 396 2048 demonstrari
408 1999 518 2066 posse.
533 1976 631 2044 Inter
644 1976 913 2044 innumerabiles
933 1977 1067 2044 consuli
1085 1983 1231 2066 possunt

74 2085 104 2152 S.
115 2085 259 2154 Thomas
283 2085 359 2176 (qni
387 2084 579 2173 opinionem
597 2083 788 2173 oppositam
816 2084 856 2152 de
876 2085 978 2152 verit.
999 2109 1032 2174 q.
1053 2083 1106 2151 10.
1122 2107 1155 2151 a.
1172 2085 1227 2152 12.

73 2196 244 2284 manifesto
275 2195 437 2283 soleam,
462 2201 554 2263 cont.
584 2201 680 2283 gent.
700 2194 729 2262 I.
750 2217 780 2262 c.
801 2194 856 2261 12.
887 2217 1030 2260 errorem
1053 2195 1229 2284 appellere

73 2325 127 2368 non
139 2303 345 2390 dubitavit);
363 2303 467 2372 Alex.
486 2302 568 2370 Hal.
588 2302 620 2369 1.
640 2303 678 2369 Ρ.
699 2302 858 2370 Summae
870 2328 903 2392 q.
919 2302 951 2369 2.
968 2327 1012 2370 m.
1029 2302 1062 2369 2.
1081 2323 1135 2368 aa.
1157 2303 1225 2390 1-4;

73 2432 109 2476 n.
124 2410 152 2478 3.
170 2432 226 2480 aa.
246 2411 280 2478 1.
299 2411 333 2497 2;
352 2411 488 2479 Albert.
514 2411 561 2479 Μ.
583 2409 724 2479 Summe
739 2408 847 2478 theol.
867 2436 899 2501 q.
920 2410 974 2478 14.
996 2434 1040 2478 m.
1061 2410 1091 2478 1.
1120 2434 1228 2502 usque
1315 2413 1317 2416 ’

72 2515 107 2584 ed
120 2542 149 2608 q.
162 2518 216 2586 17.
234 2517 321 2608 Opp.
337 2517 379 2585 Τ.
391 2517 508 2606 XVII3
527 2517 563 2586 S.
583 2517 716 2586 Bonav.
733 2517 764 2584 l.
780 2518 863 2585 dist.
883 2517 915 2584 3.
935 2539 967 2583 a.
980 2517 1011 2584 1.
1024 2543 1057 2609 q.
1073 2517 1105 2586 2.
1125 2517 1158 2584 3.
1173 2518 1226 2586 Ex

73 2625 309 2694 recentioribus
334 2625 562 2693 consulantur
579 2624 712 2693 Grillius
736 2625 776 2693 de
796 2625 867 2692 Deo
884 2625 1004 2692 Traet.
1022 2625 1124 2692 VIII.
1144 2649 1173 2693 c.
1190 2627 1224 2692 ὅ.

71 2752 98 2796 ιι.
114 2733 142 2819 7;
159 2731 328 2800 Bellarm.
348 2732 389 2800 de
406 2737 500 2822 grat.
515 2737 551 2800 et
566 2733 627 2801 lib.
646 2733 771 2800 arbitr.
786 2731 812 2798 l.
827 2732 890 2801 IV.
906 2755 935 2800 c.
951 2732 984 2818 2;
999 2731 1142 2818 Melina,
1158 2732 1225 2800 Va·

71 2837 176 2924 lentie,
203 2840 349 2922 Suarez,
375 2841 534 2932 Vasquez
559 2841 594 2908 in
621 2840 651 2907 l.
672 2840 710 2906 P.
731 2840 772 2908 de
798 2839 882 2926 Deo;
908 2839 1033 2908 Franc.
1060 2839 1102 2909 de
1125 2841 1225 2929 Lugo

70 2945 144 3038 disp.
169 2949 269 3018 XIV.
297 2973 326 3019 c.
346 2949 381 3017 2.
398 2955 465 3019 etc.

123 3056 297 3126 Postremo
321 3057 433 3148 quoad
458 3057 610 3125 valorem
626 3055 931 3124 demonstrationis
947 3056 1131 3124 rationalis
1147 3080 1223 3126 con·

71 3163 211 3232 ferentur
234 3163 312 3232 lata
335 3164 372 3231 in
395 3163 461 3232 bac
484 3187 521 3233 re
552 3163 695 3232 iudicia.
721 3165 755 3231 A
779 3163 950 3232 facultate
974 3164 1162 3234 Serbonica
1185 3165 1225 3232 de

71 3269 212 3336 noordoto
238 3271 425 3359 apostolico
451 3270 538 3338 1348
562 3271 653 3339 inter
669 3277 803 3339 ceteras
818 3270 934 3340 theses
950 3271 1086 3340 Nicolai
1100 3272 1140 3341 de
1156 3273 1222 3341 Ou-

71 3376 203 3446 triconrt
224 3377 332 3446 etiam
357 3385 538 3469 sequentes
572 3384 656 3446 sunt
682 3378 889 3448 damnatae:
921 3380 1042 3449 uItem
1066 3381 1220 3467 (dixit),

71 3485 146 3572 qnod
167 3485 267 3554 nulla
290 3495 405 3574 potest
434 3511 507 3555 esse
538 3488 787 3556 demonstratio
810 3492 949 3575 sumpta
971 3509 1013 3555 ex
1036 3488 1224 3556 existentia

71 3593 159 3659 unins
174 3594 238 3676 rei,
256 3595 404 3664 effectus
426 3595 470 3663 ad
489 3617 626 3662 cansam
645 3603 708 3664 ant
722 3618 741 3663 e
755 3617 933 3664 convorso.
954 3621 970 3656 n
992 3623 1008 3658 a
1026 3594 1114 3663 Item
1132 3597 1222 3687 quod

70 3701 223 3770 nescimus
245 3701 438 3786 evidenter,
465 3704 548 3793 quia
572 3703 620 3771 sit
642 3703 749 3787 Deus,
776 3703 1006 3792 intelligendo
1029 3727 1089 3793 per
1111 3704 1221 3772 Deum

70 3827 118 3875 ens
139 3809 391 3877 nobilissimum
410 3837 426 3870 n
446 3810 516 3896 (Du
534 3809 662 3878 Plessis
685 3809 914 3900 d’Argentree
937 3811 1103 3880 Collectio
1125 3810 1220 3878 Indi-

70 3913 184 3982 ciornm
199 3923 267 3986 etc.
288 3917 330 3983 Τ.
349 3917 379 3984 I.
400 3941 434 4006 p.
453 3917 559 4002 355.).
578 3917 757 3986 Professor
780 3918 1092 4008 Argentoratensis
1114 3941 1135 3984 a
1158 3941 1220 3986 sno

69 4015 221 4111 Episcopo
254 4025 467 4112 approbante
498 4023 668 4114 Gregorio
699 4025 796 4094 XVI.
824 4026 985 4113 (litteris
1019 4026 1222 4115 apostolicis

69 4123 114 4192 20.
127 4127 203 4198 Deo.
224 4129 342 4213 1834.)
359 4130 476 4198 iussus
499 4137 553 4198 est
576 4133 792 4202 subscribere
815 4133 862 4219 (8.
883 4133 977 4222 Sept.
999 4133 1114 4218 1840.)
1138 4133 1222 4202 hnic

70 4231 165 4301 thesi:
185 4236 451 4304 «Ratiocinatio
474 4239 539 4305 Dei
563 4237 784 4308 existentiam
809 4263 886 4308 onm
911 4241 1121 4309 certitudine
1143 4262 1219 4329 pro·

71 4339 137 4409 bere
153 4343 254 4412 valet.
270 4371 286 4404 n
305 4343 561 4432 Propositiones
574 4345 656 4415 huic
671 4347 826 4436 geminas
843 4349 982 4418 iubente
1007 4347 1043 4416 S.
1070 4347 1218 4436 Congre-

71 4448 192 4532 gatione
214 4449 346 4520 Indicis
363 4449 417 4518 12.
432 4450 513 4520 Deo.
534 4451 633 4520 1855.
652 4453 694 4520 D.
713 4453 868 4544 Bonetty
880 4455 1045 4544 suscepit:
1064 4453 1165 4542 Prop.
1182 4453 1230 4520 2.·
