3230 5072
535 383 573 398 ..
594 351 654 413 427
675 383 713 396 ..

42 461 128 523 creto
144 456 346 546 pertinente
357 455 401 524 ad
416 460 533 524 actum
549 456 710 546 primum;
726 455 785 524 sed
798 455 882 547 quia
894 461 1090 526 creaturam
1101 457 1211 538 libare

40 563 87 629 ita
107 568 272 632 acturam
295 583 389 647 esse,
414 562 556 654 aliquod
580 585 701 632 verum
724 569 799 647 est,
825 567 862 630 et
884 585 981 632 omne
1004 587 1144 649 verum,
1170 571 1213 632 nt

40 668 210 738 obiective
233 692 269 738 se
299 668 422 753 habet,
449 669 568 737 subest
590 668 757 738 scientiae
788 669 959 739 infinitae.
985 670 1085 740 Unde
1108 670 1214 739 facile

39 777 269 862 concedimus,
288 777 470 846 scientiam
493 777 639 846 mediam
662 783 763 846 actus
786 779 851 846 snb
868 779 1066 848 conditione
1082 779 1209 863 futuri,

39 883 235 952 conditione
266 884 450 954 verificata
476 884 624 953 evadere
654 884 836 953 scientiam
860 884 1008 953 visionis
1031 891 1132 953 actus
1155 885 1213 974 ab·

38 989 147 1059 solute
172 992 303 1077 futuri.
328 991 380 1059 At
401 990 467 1060 hoc
489 1013 558 1058 non
583 991 762 1080 significat
785 991 905 1060 videre
928 997 1047 1060 actum
1078 990 1213 1081 peccati

37 1100 70 1166 in
93 1099 215 1192 aliquo
239 1101 378 1170 decreto
404 1100 648 1186 antecedente3
675 1100 734 1168 sed
764 1099 961 1188 significat,
997 1099 1087 1189 quod
1116 1100 1212 1168 Deus

37 1213 165 1294 actum,
185 1208 261 1278 sive
279 1209 341 1300 qui
356 1210 448 1277 foret
471 1209 535 1276 sub
559 1207 755 1277 conditione
779 1209 853 1277 sive
870 1207 931 1299 qui
945 1207 1103 1275 absolute
1127 1207 1208 1291 erit,

37 1311 69 1378 in
84 1313 165 1402 ipsa
182 1313 333 1382 veritate
355 1319 457 1383 actus
472 1318 648 1405 tamquam
665 1315 702 1382 in
716 1313 865 1382 termino
886 1314 1074 1402 cognoscit,
1093 1315 1210 1403 cogni·

37 1427 135 1488 turus
159 1422 284 1508 alium,
310 1421 340 1492 si
364 1427 528 1491 creatura
551 1427 607 1510 (ut
629 1425 759 1512 potest)
783 1421 892 1490 alium
916 1427 1071 1511 poneret.

99 1528 140 1596 Si
162 1530 305 1598 tandem
328 1530 510 1620 permissio
533 1536 725 1620 spectatur,
752 1533 794 1597 ut
817 1537 871 1597 est
893 1529 930 1596 in
954 1535 1036 1598 actu
1060 1529 1210 1598 secundo

37 1645 70 1702 et
84 1639 334 1724 concomitans,
350 1639 461 1710 huius
477 1660 560 1707 sane
578 1637 818 1728 permissionis
835 1638 1013 1706 decretum
1029 1644 1211 1706 aeternum

40 1745 202 1832 supponit
212 1745 283 1812 iam
295 1747 333 1814 in
341 1747 413 1814 Deo
426 1746 657 1835 cognitionem
668 1745 798 1814 liberae
811 1744 1110 1814 determinationis
1122 1768 1212 1815 crea

38 1857 146 1920 turae.
174 1855 255 1924 Non
278 1854 368 1922 enim
391 1854 444 1922 ita
468 1877 504 1922 se
527 1855 633 1922 habet
655 1853 740 1922 haec
764 1854 956 1944 permissio,
983 1859 1024 1922 ut
1039 1855 1133 1923 Deus
1156 1877 1211 1924 ra·

39 1954 126 2022 tione
150 1957 253 2047 prius
275 1957 438 2026 decernat
459 1958 660 2048 permittere
683 1959 721 2025 in
737 1967 820 2026 actu
844 1958 992 2027 secundo
1016 1963 1209 2048 peccatum,

42 2063 166 2132 atinde
189 2071 367 2156 tamquam
390 2086 555 2134 excausa
578 2071 747 2156 sequatur
771 2065 862 2134 visio
886 2066 1033 2155 peccati:
1052 2067 1111 2134 sed
1128 2066 1211 2135 dum

41 2169 126 2238 Deus
145 2172 245 2240 videt
260 2179 295 2240 et
310 2172 395 2240 licet
412 2173 531 2241 videat
553 2179 750 2241 creaturam
774 2173 874 2242 donis
898 2173 1120 2242 naturalibus
1136 2196 1212 2242 con-

43 2281 247 2349 servationis
271 2281 494 2366 facultatum,
521 2280 708 2367 libertatis,
735 2304 923 2350 concursus
948 2281 1074 2365 divini,
1100 2305 1122 2349 a
1144 2305 1211 2373 quo

43 2384 73 2450 in
94 2388 230 2477 agendo
253 2387 392 2478 pendet,
410 2389 519 2457 libere
542 2388 634 2458 velle
658 2389 757 2458 abuti
781 2389 825 2458 ad
849 2389 1092 2457 offendendum
1117 2411 1210 2458 crea·

43 2497 142 2560 torem
165 2517 208 2562 ac
231 2495 405 2562 dominum
428 2519 542 2582 suum;
573 2495 654 2564 vult
676 2503 792 2564 tamen
816 2494 901 2564 haec
924 2496 1015 2564 dona
1037 2518 1106 2584 non
1131 2497 1210 2564 sub-

43 2599 175 2670 trahere
198 2601 269 2688 (1),
294 2607 331 2670 et
353 2602 498 2682 auxiliis
523 2603 776 2672 sufficientibus
800 2603 972 2672 concessis
995 2625 1063 2670 non
1095 2605 1211 2672 utenti

45 2704 107 2772 elia
128 2708 307 2776 adiutoria
322 2731 390 2776 non
414 2710 610 2793 concedere,
629 2709 720 2800 quod
735 2715 789 2778 est
804 2710 919 2799 ipsum
942 2710 1118 2778 decretum
1135 2733 1210 2799 per-

45 2812 211 2882 missionis
226 2817 373 2906 peccati,
389 2823 431 2885 ut
445 2817 550 2906 paulo
566 2822 647 2886 ante
663 2817 930 2906 explicavimus.
948 2816 1062 2908 Atqui
1078 2815 1109 2886 si
1125 2817 1211 2886 haec

46 2918 90 2987 ita
110 2923 252 3008 habent,
278 2947 346 2992 non
369 2925 407 2992 in
430 2925 568 2994 decreto
591 2925 830 3015 permissionis
854 2925 953 2994 videt
973 2926 1068 2992 Deus
1092 2945 1210 3014 pecca·

46 3031 122 3114 tum3
142 3031 202 3099 sed
219 3031 301 3098 dum
317 3035 435 3099 actum
459 3031 593 3119 peccati
616 3031 778 3098 futurum
793 3031 831 3098 in
848 3031 926 3120 ipsa
941 3035 1041 3099 actus
1059 3031 1211 3099 veritate

48 3139 225 3223 cognoscit,
252 3137 410 3207 decernit
433 3137 534 3206 illum
558 3138 775 3228 permittere.

104 3243 359 3336 Consequenter
375 3244 491 3334 igitur
506 3245 551 3312 ad
567 3244 799 3332 cognitionem
816 3250 957 3312 actuum
973 3243 1010 3311 in
1026 3244 1103 3334 ipsa
1120 3244 1211 3312 obie-

49 3348 132 3418 ctiva
156 3374 275 3420 eorum
293 3353 457 3436 veritate,
477 3351 559 3422 vult
582 3351 721 3446 quidem
737 3351 833 3420 Deus
849 3352 1006 3420 absolute
1030 3352 1111 3420 illos
1135 3374 1211 3442 per·

50 3455 185 3546 mittere;
212 3459 298 3526 haec
323 3480 405 3526 vero
428 3457 609 3547 permissio
632 3480 701 3525 non
725 3457 882 3547 impedit,
909 3458 1092 3550 quominus
1116 3459 1212 3526 Deus

50 3563 218 3634 voluntate
242 3565 465 3634 antecedente
490 3565 657 3633 creatoris
681 3572 717 3633 et
740 3566 929 3636 salvatoris
954 3566 1211 3660 hominumue

52 3669 218 3741 voluntate
241 3671 404 3740 absoluta
426 3671 644 3760 legislatoris
667 3695 725 3740 eos
747 3679 849 3742 actus
873 3673 963 3742 nolit
986 3696 1059 3742 esse
1075 3697 1115 3742 ac
1132 3695 1211 3763 pro·

102 3903 140 3979 (1)
152 3908 211 3961 Hoc
221 3911 251 3960 et
261 3921 315 3960 non
327 3907 386 3960 alio
399 3921 485 3959 sensu
496 3907 719 3974 intelligendum
730 3924 791 3962 csse
805 3913 938 3976 putemus
948 3907 1033 3963 suh.
1043 3909 1069 3960 2.
1080 3906 1149 3961 dist.
1162 3909 1210 3960 37.

58 3997 246 4058 q.2.a.a.1bi
265 3997 341 4049 enim
359 3997 474 4050 refellit
492 4012 548 4062 eoa,
571 3999 620 4064 qui
640 4001 749 4063 negant
767 4013 931 4051 concursum
951 3998 1013 4064 Dei,
1033 4013 1067 4050 ac
1085 3998 1112 4050 si
1129 4012 1214 4051 causa

56 4087 161 4140 secunda
180 4089 273 4141 solnm
292 4087 404 4139 ratione
424 4087 650 4140 conservationis
671 4089 762 4141 aDeo
782 4087 928 4155 penderet,
944 4087 975 4139 in
990 4087 1099 4153 agendo
1119 4091 1214 4140 autem

57 4167 199 4230 formaliter
215 4178 345 4243 spectata
365 4180 442 4228 essct
453 4174 659 4244 independens.
678 4175 758 4229 Unde
772 4177 827 4228 ait:
844 4191 925 4228 unon
940 4179 1066 4245 oportet,
1088 4177 1121 4229 ut
1137 4177 1214 4230 Deus

59 4259 84 4310 td
100 4266 200 4318 melum
219 4265 366 4332 cooperari
386 4265 508 4333 dicatur,
533 4267 665 4333 quamvis
688 4265 811 4320 actionis
830 4266 913 4319 illius
929 4282 1014 4320 causa
1037 4267 1092 4335 sit,
1108 4268 1139 4320 in
1158 4282 1215 4334 qua

58 4353 143 4407 nalum
160 4355 314 4421 consistit,
334 4354 484 4407 secundum
503 4355 579 4421 qaod
598 4356 696 4422 influit
716 4355 894 4423 apamiense,
916 4371 1006 4421 poue,
1029 4364 1054 4408 et
1077 4371 1167 4424 opere,
1188 4362 1213 4406 et

60 4439 181 4508 quidquid
195 4442 384 4508 perfeetionis
401 4442 435 4494 in
455 4449 556 4508 apeme
567 4451 626 4494 esta
642 4442 685 4496 ibi
704 4443 741 4496 ad
760 4445 786 4496 2.
