3454 5068
941 501 977 512 -
1000 465 1061 527 626
1083 499 1120 511 -

443 583 514 646 tam
538 581 713 646 aeternam
739 573 962 666 apprehendi,
983 575 1044 667 qui
1060 573 1131 642 Deo
1146 585 1266 662 sponte
1281 569 1490 640 crediderint
1510 585 1542 636 et
1559 594 1616 636 aa·

442 685 571 750 milium
592 684 732 774 pretias
754 685 874 750 merito
898 681 1116 750 credulitatis
1139 681 1372 770 acceperint...
1393 680 1548 768 priorem
1563 703 1617 746 co-

444 792 521 858 lunt
544 789 771 857 obedientiam
795 813 986 880 essequam
1008 792 1175 879 qratiam,
1200 793 1243 856 ut
1267 789 1410 854 initium
1431 788 1560 854 solutis
1578 809 1618 852 ea

445 923 480 966 eo
504 901 567 990 qai
590 898 759 982 solvatur,
783 921 852 966 nou
883 921 925 966 ex
955 921 994 966 co
1018 897 1224 968 credendum
1248 895 1298 966 sit
1320 903 1438 981 stare,
1465 895 1527 988 qui
1551 893 1619 962 sal-

445 1015 518 1097 vat;
545 1014 580 1076 et
602 1006 761 1075 voluntas
785 1007 931 1072 dominia
954 1005 1093 1072 divinae
1114 1007 1254 1095 pretias
1275 1005 1345 1072 siti
1365 1005 1487 1094 pariae
1510 1025 1616 1093 opera,

445 1141 512 1186 non
536 1115 656 1206 gratia
679 1113 746 1182 sibi
770 1112 955 1183 humanam
979 1112 1145 1206 subiiciat
1160 1113 1378 1208 voluntatem
1395 1139 1412 1175 a
1430 1110 1481 1201 (h.
1501 1133 1533 1180 e.
1551 1133 1616 1178 non

446 1226 563 1317 gratia
586 1223 789 1314 praeveniat
811 1229 847 1291 et
870 1221 1035 1291 voluntas
1059 1223 1254 1314 sequatur).
1273 1221 1403 1291 Eadem
1418 1219 1617 1288 luculenter

444 1341 655 1404 enarrantur
678 1332 717 1401 in
739 1330 888 1422 epistola
910 1329 1054 1415 Hilarii,
1072 1335 1109 1400 et
1123 1329 1160 1398 in
1177 1329 1399 1420 responsione
1421 1327 1618 1418 Augustini

446 1447 595 1534 utroque
618 1439 656 1508 in
679 1439 798 1510 libello
821 1439 863 1509 de
885 1439 1064 1509 Praedest.
1084 1437 1148 1508 SS.
1168 1443 1204 1507 st
1220 1437 1262 1506 de
1277 1437 1376 1507 Dono
1390 1459 1526 1528 persev.

512 1550 545 1634 t)
565 1577 581 1613 ι(
600 1549 722 1618 crata
746 1554 920 1616 vocatos»
947 1546 1061 1636 igitur
1084 1569 1152 1615 non
1175 1545 1360 1615 dicuntae
1384 1567 1501 1629 sensu,
1527 1545 1618 1634 qnod

445 1656 536 1724 nihil
560 1653 745 1746 praecedat
767 1653 884 1723 meriti
909 1654 1020 1744 ipsam
1043 1653 1257 1722 vocationem
1289 1653 1333 1722 ad
1364 1651 1617 1743 plenitudinem

446 1763 538 1834 fidei.
564 1764 653 1832 Nam
676 1762 787 1854 ipsam
802 1762 907 1831 etiam
923 1763 1139 1832 vocationem
1162 1765 1342 1830 externam
1358 1783 1420 1851 per
1437 1759 1617 1851 evangelii

446 1870 738 1963 praedicationem
761 1869 886 1939 docent
907 1893 981 1940 esse
1006 1869 1194 1939 secundum
1210 1869 1464 1960 praevisionem
1484 1897 1501 1932 a
1518 1867 1617 1936 meri·

446 1985 562 2048 torum
574 1976 823 2048 credulitatis»
839 1983 906 2070 (ep.
917 1977 1080 2068 Prosperi
1092 1980 1198 2066 n.t¹›.).
1214 1977 1281 2047 Sed
1292 1979 1486 2068 praealtam
1497 1974 1618 2045 dicunt

447 2086 674 2169 vocationem,
686 2085 848 2176 quianon
860 2084 1037 2174 praecedit
1051 2086 1222 2155 sanctitas
1234 2083 1353 2154 attale
1365 2083 1540 2168 meritum,
1552 2103 1617 2174 quc

445 2193 642 2264 efficiantur
658 2192 759 2282 digni
775 2192 967 2277 vocatione,
984 2193 1073 2284 quod
1089 2199 1208 2262 nostro
1224 2217 1290 2262 usu
1306 2192 1471 2285 loquendi
1487 2191 1616 2261 dicere·

447 2309 511 2370 tur
526 2301 732 2392 praecedere
757 2300 917 2368 meritum
935 2299 976 2368 de
993 2323 1146 2391 congruo
1162 2324 1230 2370 non
1246 2306 1361 2370 tamen
1377 2300 1418 2370 de
1435 2297 1616 2388 condigno.

511 2409 579 2478 Hic
601 2407 692 2478 idem
715 2430 833 2477 eorum
857 2430 978 2477 seusus
1013 2409 1197 2498 colligitur
1221 2431 1263 2477 ex
1287 2408 1438 2500 epistola
1467 2405 1611 2488 Hilarii,

446 2519 507 2612 qui
529 2515 729 2589 testimonia
762 2515 966 2607 Scripturas
990 2516 1130 2586 abillis
1154 2517 1207 2587 ita
1236 2517 1406 2608 explicari
1439 2515 1515 2602 ait,
1545 2518 1617 2582 out

445 2649 487 2696 ex
511 2625 567 2693 his
590 2647 665 2694 eam
688 2623 840 2713 gratiam
864 2623 1039 2714 accipiant
1063 2623 1311 2709 commendari,
1338 2647 1407 2716 qua
1430 2621 1614 2713 unnsquis-

447 2755 514 2825 que
531 2746 613 2824 poat
634 2731 842 2799 volantatem
865 2731 1034 2818 iuvatur;
1061 2731 1118 2800 vel
1141 2733 1300 2800 referunt
1322 2731 1366 2800 ad
1389 2731 1502 2822 ipsam
1523 2751 1616 2796 ecco·

448 2842 585 2922 tionem,
609 2863 697 2932 puae
706 2854 908 2930 praestatur
925 2837 1113 2930 indigetes
1132 2865 1168 2908 n.
1187 2841 1220 2908 7.
1238 2838 1379 2908 Etenim
1398 2867 1415 2903 r
1432 2863 1502 2907 uon
1518 2861 1618 2928 nega·

445 2947 478 3016 ri
501 2948 653 3038 gratiam
677 2947 913 3036 (gratuitam),
932 2947 963 3016 si
977 2945 1175 3037 praecedere
1192 2947 1330 3015 dicatur
1346 2949 1431 3015 tolie
1446 2949 1616 3031 uoluntas,
1725 2961 1726 3027 ξ

447 3081 534 3149 quoe
558 3071 691 3126 tantum
713 3053 875 3124 medicum
892 3055 1072 3146 'peamau
1097 3060 1305 3126 nouantem
1329 3055 1520 3149 quidquam
1544 3056 1618 3148 ipss

445 3167 515 3234 iam
540 3164 690 3234 valeat»
716 3164 763 3232 ib.
783 3185 818 3232 n.
838 3163 872 3232 2.

514 3273 543 3356 c)
567 3271 691 3364 Itaque
721 3292 762 3338 ex
787 3293 903 3338 eorum
935 3271 1110 3341 sententia
1139 3271 1233 3339 Deus
1264 3269 1546 3361 praedestinavit
1574 3271 1617 3340 ed

447 3378 557 3446 vitam
580 3384 757 3446 aeternam
782 3399 850 3462 cos,
877 3400 961 3468 quos
984 3378 1134 3468 primum
1158 3377 1232 3446 suis
1256 3377 1394 3446 viribus
1422 3377 1618 3447 credituros

446 3491 484 3555 et
506 3485 665 3576 deinceps
687 3508 749 3577 per
772 3485 944 3555 auxilium
968 3487 1106 3578 gratiae
1129 3487 1254 3576 dignos
1277 3486 1444 3556 electione
1460 3493 1566 3579 atque
1581 3485 1617 3554 iu

447 3614 486 3662 eo
509 3592 643 3678 merito,
670 3591 760 3684 quod
783 3615 851 3661 non
873 3599 990 3682 potest
1012 3593 1133 3662 haberi
1156 3595 1231 3663 sine
1247 3592 1379 3662 auxilio
1395 3594 1546 3684 gratiae,
1563 3616 1617 3662 cx·

448 3722 607 3770 cessuros
630 3723 705 3769 esse
728 3701 916 3792 praevidit.
1036 3693 1039 3700 ⁴

515 3807 550 3895 d)
573 3808 689 3878 Huius
712 3808 767 3877 sui
783 3809 912 3878 erroris
928 3810 1158 3881 defensionem
1176 3811 1388 3902 quaerebant
1402 3832 1445 3879 ex
1458 3831 1510 3894 eo,
1529 3809 1616 3902 qnod

447 3916 598 4007 gratiam
621 3917 902 4006 praevenientem
926 3941 1023 3988 omne
1054 3919 1241 4004 meritum,
1267 3939 1369 4011 quam
1393 3917 1618 4008 Augustinus

449 4023 621 4114 copiosius
644 4030 680 4094 et
702 4023 910 4115 diligentius
926 4027 1098 4096 adversus
1116 4027 1327 4120 Pelagianos
1344 4026 1528 4096 vindicare
1544 4045 1617 4094 coa

447 4137 525 4200 ctus
548 4138 624 4217 est,
649 4132 770 4202 Patres
795 4134 1007 4204 vetustiores
1030 4134 1145 4203 minus
1175 4135 1304 4204 diserte
1339 4133 1615 4216 inculcaverant

448 4239 539 4307 unde
561 4238 631 4330 ipsi
654 4241 845 4330 putabant,
872 4265 959 4333 quae
982 4243 1026 4311 ab
1049 4243 1252 4332 Augustino
1275 4241 1547 4333 proferebantur
1568 4247 1617 4307 te·

447 4347 610 4416 stimouia
633 4346 837 4439 Scripturas
867 4350 944 4418 aad
975 4351 1291 4420 manifestationem
1315 4349 1458 4420 divinae
1481 4347 1617 4438 gratiae

447 4455 707 4544 praevenientis
730 4478 827 4525 omae
861 4457 1022 4527 meritum
1053 4457 1265 4548 electorum,
1290 4481 1311 4528 a
1334 4457 1433 4528 nullo
1456 4475 1616 4549 umquam

449 4561 763 4634 ecclesiasticorum
788 4565 840 4635 ita
862 4565 972 4640 fuisse
995 4565 1187 4639 intellecta.
1205 4594 1221 4630 n
