3464 5058
906 379 943 394 -
964 345 1025 407 cto
1045 377 1083 392 ·-

410 480 507 542 rem;
534 461 649 524 tamen
679 454 852 523 differunt
880 450 1067 521 secundm
1099 450 1268 518 rationem
1301 448 1565 540 intelligendi...

411 991 534 1060 deinde
556 989 680 1059 electio
704 994 754 1076 (et
776 987 900 1056 deinde
923 985 1225 1077 praedestinatio),
1244 984 1327 1076 quia
1343 985 1444 1074 prius
1459 991 1512 1052 eet
1526 984 1572 1052 in·

409 1098 639 1187 telligendum
662 1095 798 1188 aliquid
830 1095 986 1185 separari
1008 1119 1030 1163 a
1052 1093 1142 1162 malo
1166 1094 1240 1162 sive
1264 1115 1286 1159 a
1308 1092 1446 1162 malitia
1479 1113 1574 1184 qnam
1706 1149 1707 1176 ,

409 1205 520 1294 dirigi
544 1206 580 1272 in
605 1205 718 1288 finem,
744 1211 779 1272 et
802 1203 853 1271 sic
878 1209 974 1292 patet
996 1201 1187 1271 diversitas
1209 1209 1246 1270 et
1268 1201 1400 1269 ardus

476 1312 581 1380 Hisce
615 1310 740 1401 positis
763 1315 860 1400 patet
892 1309 1071 1399 responsio
1095 1309 1138 1376 ad
1161 1313 1407 1397 argumentum
1438 1306 1574 1376 ductum

409 1441 451 1490 ex
476 1419 541 1486 bac
564 1419 724 1488 doctrina
756 1417 792 1486 S.
820 1417 994 1502 Thomas,
1023 1416 1114 1509 quod
1139 1415 1284 1484 formari
1314 1422 1431 1505 potest
1460 1416 1575 1486 huius·

410 1525 514 1594 modi.
544 1525 650 1594 quta
678 1524 715 1593 S.
736 1523 802 1592 Th.
823 1524 854 1592 1.
883 1549 916 1616 q.
940 1523 995 1590 23.
1020 1546 1053 1591 a.
1075 1524 1109 1592 4.
1139 1530 1176 1592 et
1203 1522 1286 1590 aliis
1313 1521 1353 1590 ll.
1377 1546 1427 1592 oc.
1458 1523 1576 1594 electio

408 1633 586 1725 praecedit
608 1631 971 1722 praedestinationem.
989 1631 1100 1723 Atqui
1125 1630 1249 1700 electio
1265 1631 1366 1702 iuxta
1383 1631 1420 1700 S.
1440 1631 1509 1700 Th.
1528 1635 1578 1700 est

410 1741 570 1810 absoluta
593 1739 757 1810 voluntas
781 1740 873 1824 finis,
899 1761 969 1831 qna
991 1740 1086 1808 Deus
1109 1739 1286 1831 aliquibus
1301 1761 1384 1829 praa
1400 1739 1484 1808 aliis
1502 1739 1577 1808 vult

408 1855 582 1918 aeternam
607 1847 770 1936 salutem,
796 1847 1068 1938 praedestinatio
1090 1854 1144 1916 est
1166 1846 1258 1916 ratio
1274 1846 1408 1916 ordinis
1425 1848 1464 1915 in
1480 1847 1576 1916 illum
1709 1902 1710 1932 ,

410 1957 523 2041 finem,
550 1957 611 2048 qui
633 1957 717 2025 ordo
739 1965 793 2026 est
815 1978 876 2046 per
898 1955 1035 2046 gratias
1065 1954 1219 2024 efficaces
1248 1963 1285 2023 et
1315 1955 1453 2024 merita.
1486 1955 1577 2044 Ergo
1709 1969 1710 1978 ¹

409 2064 512 2133 iuxta
536 2064 572 2132 S.
592 2063 659 2134 rh.
680 2064 846 2133 voluntas
869 2063 1030 2132 absoluta
1044 2069 1206 2132 aeternae
1222 2062 1350 2131 salutis
1366 2062 1442 2132 sive
1458 2065 1578 2134 electio

409 2171 453 2242 ad
476 2172 625 2262 gloriam
647 2195 709 2262 per
733 2193 768 2240 ee
792 2179 981 2261 spectatam
1004 2171 1182 2261 praecedit
1204 2171 1460 2240 ordinationem
1484 2172 1528 2242 ad
1543 2172 1577 2240 li·

408 2303 508 2364 nem,
534 2286 570 2348 et
592 2279 735 2370 proinde
759 2280 864 2348 etiam
889 2279 1140 2369 praevisionem
1164 2277 1360 2368 gratiarum
1384 2286 1420 2348 et
1442 2280 1577 2349 merito

408 2410 498 2470 rum,
524 2409 610 2479 quae
628 2396 711 2455 eunt
726 2387 839 2456 media
854 2387 898 2455 ad
915 2387 1027 2456 finem.
1045 2386 1300 2476 Respondetur:
1319 2384 1499 2477 distinguo
1515 2387 1576 2471 M,

408 2494 544 2580 electio,
559 2495 591 2564 si
609 2515 651 2564 ea
666 2494 884 2585 intelligitur
908 2494 1069 2562 absoluta
1086 2493 1251 2563 voluntas
1266 2493 1400 2583 gloriae
1415 2518 1479 2585 per
1495 2518 1530 2565 se
1544 2503 1579 2564 et

409 2603 551 2672 seorsim
568 2609 756 2692 spectatae,
774 2603 875 2672 iuxta
890 2601 999 2670 sith.
1020 2600 1195 2691 praecedit
1211 2601 1574 2691 praedestinationem,

408 2711 439 2780 si
462 2707 547 2778 haec
570 2707 785 2798 intelligitur
811 2708 1084 2799 praedestinatio
1107 2708 1313 2798 incompleta
1347 2713 1508 2800 spectata
1537 2709 1577 2778 ud

409 2817 562 2909 gratiam
584 2823 621 2886 et
649 2817 791 2901 merita,
817 2841 901 2906 stepo
933 2815 1137 2886 malesco
1165 2823 1322 2908 spectata
1348 2817 1519 2908 complete
1540 2825 1579 2886 ut

409 2925 566 2992 absoluto
589 2947 790 3015 consequens
811 2924 981 3004 volutatus,
1006 2945 1076 3015 qna
1097 2924 1192 2992 Deua
1216 2924 1382 2994 beneficia
1416 2945 1577 3016 superna·

408 3030 542 3101 turelia
566 3030 702 3120 gratiae
726 3029 831 3100 simul
854 3038 890 3100 et
913 3031 1046 3121 gloriae
1071 3031 1151 3100 vult
1173 3031 1351 3124 aliquibus
1375 3054 1459 3121 prae
1483 3031 1575 3114 aliis,

408 3137 584 3207 antecedit
606 3137 957 3226 praedestinationem
974 3139 1158 3207 eorundem
1174 3139 1427 3221 beneficiorum,
1445 3136 1577 3206 satte-

410 3249 530 3336 ts'nquo
546 3245 613 3327 M,
630 3245 725 3314 notio
748 3243 930 3314 electionis
953 3253 1006 3313 est
1028 3246 1136 3336 prior,
1156 3245 1239 3338 qnia
1255 3248 1370 3316 minus
1392 3248 1498 3339 plena
1520 3269 1577 3316 seu

408 3359 570 3421 constans
593 3351 817 3441 paucioribus
841 3351 946 3434 notis,
965 3349 1104 3418 concedo
1119 3353 1186 3435 M.,·
1202 3355 1380 3443 praecedit
1402 3361 1576 3448 tamquam

407 3465 508 3528 actus
531 3459 719 3527 secundum
743 3481 844 3527 suum
868 3458 1054 3527 terminum
1077 3458 1212 3529 ratione
1229 3460 1432 3547 distinctus,
1451 3485 1496 3531 ax
1512 3483 1576 3554 quo

407 3561 632 3651 intelligatur
655 3561 818 3653 consequi
841 3561 1117 3652 praedestinatio
1140 3569 1316 3656 tamqnam
1340 3572 1442 3634 actus
1458 3589 1576 3637 eccun-

407 3669 487 3738 dum
505 3668 612 3738 alium
628 3669 814 3738 terminum
831 3672 966 3740 ratione
982 3671 1184 3757 distinctus,
1203 3695 1287 3761 napo
1303 3673 1353 3740 M.
1364 3673 1473 3742 Porro
1489 3671 1576 3766 quod

406 3775 550 3846 dicitur:
566 3777 690 3846 electio
701 3784 756 3846 est
767 3778 927 3847 absoluta
940 3779 1104 3848 voluntas
1119 3786 1279 3848 aeternae
1295 3779 1423 3850 salutis
1434 3787 1574 3872 etprae-

406 3883 595 3954 destinatio
607 3892 662 3955 est
671 3887 833 3956 voluntas
842 3889 1037 3977 gratiarum
1051 3888 1315 3973 acmeritornm,
1327 3887 1504 3981 distinguo
1516 3915 1573 3971 m„

406 3991 530 4061 electio
553 3993 745 4086 adaequate
760 4001 918 4086 spectata
932 3996 1033 4064 iuxta
1050 3993 1085 4064 S.
1108 3995 1174 4064 Th.
1193 4003 1247 4066 eet
1263 3997 1427 4066 voluntas
1443 3998 1575 4088 gloriae

404 4099 561 4185 seorsim,
585 4107 622 4170 et
643 4103 916 4192 praedestinatio
939 4109 993 4171 eet
1015 4103 1211 4194 gratiarum
1234 4111 1271 4174 et
1293 4107 1507 4191 meritorum,
1525 4104 1575 4173 its

405 4210 534 4274 utnon
558 4206 762 4278 includatur
785 4211 821 4280 in
845 4211 1012 4280 electione
1035 4219 1111 4288 tota
1133 4211 1240 4282 series
1261 4213 1503 4283 benedmornm
1518 4234 1572 4284 su·

403 4314 694 4405 pernaturalium,
712 4341 795 4408 nepo
811 4343 854 4387 m.
865 4318 1002 4388 Electio
1018 4327 1054 4388 et
1069 4319 1343 4410 praedestinatio
1361 4327 1508 4412 possunt
1522 4320 1570 4390 in·

402 4421 593 4514 adaequate
617 4425 767 4514 spectari
793 4425 890 4494 modo
913 4425 988 4512 illo,
1007 4447 1074 4518 quo
1089 4426 1232 4514 dicitur,
1251 4427 1489 4519 susidistinpuo
1512 4453 1568 4506 ss„

412 566 628 653 Propositum
651 561 740 631 dicit
762 561 896 628 firmam
920 557 1115 627 voluntatis
1138 557 1412 648 conceptionem,
1437 555 1567 646 proedo
1704 579 1705 604 ³

410 674 556 739 stitutio
581 693 656 739 cum
681 667 902 758 conceptione
925 666 1013 735 dicit
1036 665 1384 756 praeordinationem,
1403 669 1438 732 et
1461 663 1569 730 electio

409 777 580 870 quandam
615 776 869 845 discretionem.
896 771 1091 842 Secundum
1125 792 1209 860 ergo
1243 771 1307 838 hoc
1341 776 1462 860 patet,
1488 768 1570 860 quod

406 887 619 974 propositum
653 889 707 952 est
724 885 827 972 prius
850 881 1038 950 secundum
1062 879 1233 947 rationem
1268 877 1516 967 intelligendi,
1539 885 1572 945 et
