3240 5064
896 335 1074 399 ..254-

858 523 1003 586 THESIS
1023 523 1110 586 xxt.

511 647 558 712 De
579 648 811 714 distributione
831 668 870 712 ao
890 651 1007 714 ordine
1026 649 1187 713 sonando
1208 652 1246 712 irs
1266 649 1464 714 tractatione

793 749 832 812 de
853 752 1022 812 attributis
1042 751 1179 812 diuinis.

471 903 623 972 «Recepto
641 917 727 974 penes
748 903 896 971 theologos
916 904 1087 959 distributio
1117 903 1325 959 attributorum
1350 901 1512 956 divinorum
1540 899 1571 954 iu

405 993 567 1060 enepotius
579 997 609 1046 et
622 994 797 1062 affirmatius
817 993 1032 1050 tundamentum
1052 995 1183 1052 hebetiu
1205 995 1271 1062 ipss
1288 993 1450 1047 tutrtusscs
1460 991 1571 1046 rotinus

404 1103 417 1130 s
434 1083 649 1150 sttributoruus,
669 1087 733 1138 uta
751 1084 835 1140 uobis
850 1086 1066 1154 concipiuntur:
1091 1099 1143 1140 nec
1160 1087 1256 1140 umen
1276 1081 1437 1136 divisiones
1454 1081 1528 1134 stiae
1542 1079 1570 1132 iu

405 1172 581 1226 »attribute
601 1173 731 1226 absoluto
749 1181 780 1228 et
797 1174 920 1226 relativo
940 1173 978 1226 od
998 1181 1091 1238 retra,
1113 1170 1347 1240 improprietates
1369 1171 1511 1224 absolutus
1531 1166 1571 1221 di·

404 1283 417 1312 s
432 1263 518 1317 virae
534 1265 720 1318 reuertisset
734 1265 765 1318 iu
780 1265 920 1318 attributo
935 1264 1068 1319 strictius
1087 1261 1173 1332 dictu,
1189 1260 1382 1317 excluduntur
1394 1264 1446 1314 sut
1465 1273 1516 1314 sur
1529 1271 1570 1312 cs·

405 1373 418 1400 ι
433 1355 500 1408 rent
520 1353 628 1422 optimo
643 1353 790 1408 rationes

470 1510 618 1594 Quando
629 1511 768 1602 agimus
780 1512 822 1582 de
835 1511 1064 1584 distinctione
1079 1511 1333 1604 proprietatum
1343 1516 1380 1580 et
1393 1507 1569 1601 perfectio·

402 1639 485 1686 uum
510 1617 709 1688 divinarum
737 1621 781 1688 ab
810 1621 963 1690 essentia
992 1625 1028 1690 et
1057 1621 1100 1690 dc
1130 1619 1383 1712 proprietatum
1418 1616 1566 1708 ipsarum

403 1723 592 1816 partitione
615 1747 655 1794 ac
678 1726 926 1799 distributione
941 1727 1158 1820 iuquasdam
1182 1726 1283 1797 velut
1304 1725 1508 1815 categorias,
1534 1722 1567 1792 id

401 1855 483 1902 sane
505 1831 662 1924 intelligi
683 1857 752 1903 nou
775 1841 890 1927 potest
904 1835 975 1904 nisi
998 1836 1040 1906 de
1062 1835 1217 1906 essentia
1237 1843 1274 1906 et
1302 1834 1566 1926 perfectionibus

399 1940 586 2010 secuudum
609 1943 764 2026 modum,
791 1965 858 2034 quo
880 1965 902 2009 a
924 1945 1024 2013 nobis
1057 1948 1327 2035 cognoscuntur.
1357 1941 1565 2031 Principium

398 2069 482 2137 ergo
504 2048 638 2118 ordinis
660 2072 728 2118 nou
750 2057 867 2141 potest
888 2051 1023 2122 desumi
1038 2076 1080 2122 ex
1098 2051 1309 2143 perfectione
1323 2051 1402 2134 Dei,
1422 2055 1464 2116 ut
1478 2051 1514 2114 iu
1535 2067 1565 2113 se

401 2171 463 2239 est,
487 2156 547 2226 sed
569 2179 611 2226 ex
635 2157 825 2228 intrinseco
847 2181 940 2228 uexu
963 2159 1146 2245 obiectivo,
1173 2182 1240 2252 quo
1269 2157 1496 2250 perfectiones
1518 2176 1563 2224 se·

399 2266 551 2354 cundum
573 2273 733 2335 nostrum
757 2268 985 2358 cognoscendi
1008 2269 1146 2338 modum
1168 2291 1243 2336 sese
1265 2267 1459 2357 excipiunt.

466 2374 541 2444 Iam
564 2374 598 2443 1⁰
611 2397 655 2444 ex
677 2375 926 2444 demonstratis
957 2376 993 2444 iu
1024 2375 1265 2468 superioribus
1295 2374 1475 2456 thesibus,
1497 2377 1562 2440 tam

401 2481 653 2574 perustionem
677 2503 779 2574 quam
802 2480 840 2549 iu
864 2481 1077 2553 revelatione
1099 2505 1168 2550 uon
1203 2481 1274 2550 nisi
1297 2479 1387 2550 ideis
1408 2502 1451 2550 ex
1479 2497 1562 2548 crea·

402 2591 494 2662 turis
517 2591 709 2682 desumptis
733 2591 985 2683 quadamtenus
1015 2589 1245 2682 assequimur,
1272 2587 1359 2681 quid
1383 2589 1469 2656 Deus
1496 2587 1562 2664 sit,-

307 2737 316 2774 ·.
402 2704 438 2767 et
460 2705 643 2790 propterea
665 2698 794 2790 duplex
817 2705 872 2768 est
895 2698 955 2768 vie
977 2696 1206 2788 cognoscendi
1229 2695 1369 2766 divinas
1393 2693 1560 2787 perfectio·

401 2829 462 2878 ues
485 2827 556 2874 nna
578 2830 655 2876 oum
678 2807 791 2876 altera
813 2829 914 2891 nexa,
940 2829 1002 2896 per
1025 2805 1228 2895 negationes
1258 2804 1428 2874 videlicet
1447 2805 1560 2894 imper·

402 2912 611 2998 feetiouum,
641 2921 677 2983 et
698 2937 760 3004 per
783 2913 1030 2982 affirmationes
1059 2911 1325 3004 perfectionum.
1358 2909 1560 2982 Distributio

401 3045 485 3112 ergo
508 3021 710 3092 divinarum
734 3021 988 3113 perfectionum
1004 3020 1179 3111 generalis
1195 3020 1232 3088 in
1250 3041 1320 3105 ecs,
1339 3041 1428 3112 quae
1442 3041 1499 3111 per
1510 3039 1560 3084 ue·

400 3129 559 3219 gationes
578 3134 614 3198 et
632 3149 691 3198 ees
710 3151 799 3220 quae
816 3151 876 3219 per
891 3127 1139 3202 affirmationes
1161 3129 1371 3210 efferuntur,
1394 3127 1560 3215 desumpta

402 3241 457 3306 est
467 3259 510 3305 ex
523 3235 598 3326 ipso
610 3241 728 3304 nostro
742 3235 971 3326 cognoscendi
983 3235 1093 3319 modo,
1109 3234 1166 3304 cni
1178 3233 1289 3303 omnis
1302 3233 1432 3302 divisio
1443 3253 1557 3312 corum,

403 3365 491 3435 quae
517 3344 555 3412 iu
578 3343 650 3410 Deo
674 3365 780 3411 uuum
804 3349 948 3412 suntet
972 3341 1240 3425 indistinctum,
1258 3341 1454 3411 necessario
1482 3339 1558 3408 inni·

402 3451 505 3520 titur.
523 3449 651 3518 Mirum
674 3471 759 3539 ergo
782 3459 847 3534 est,
866 3450 1079 3520 recentiores
1102 3448 1268 3542 quosdam
1290 3447 1557 3539 theologoshuuc

401 3555 683 3625 distributionem
706 3557 799 3646 apud
823 3556 887 3626 SS.
906 3557 1030 3626 Patres
1047 3559 1264 3650 frequentem
1279 3565 1317 3627 et
1331 3560 1426 3649 apud
1438 3557 1557 3628 scholae

400 3663 591 3753 Magistros
614 3663 848 3733 universalem
872 3665 1069 3756 improbare
1092 3665 1248 3735 voluisse
1270 3665 1373 3736 velut
1395 3688 1484 3736 mere
1510 3687 1557 3732 er-

402 3773 587 3842 trinsecem
611 3793 653 3840 ex
677 3773 908 3862 grammatica
931 3775 1042 3842 forma
1064 3775 1243 3844 nominum
1273 3771 1508 3867 desumptam,
1529 3775 1557 3839 et

401 3889 443 3950 ut
465 3881 553 3972 ipsis
577 3881 715 3974 quidem
739 3881 893 3968 videtur,
920 3881 1153 3952 mechanicam
1177 3907 1245 3953 uon
1269 3907 1352 3954 vero
1375 3909 1417 3955 ex
1436 3884 1555 3953 ¹intriu-

400 4011 477 4058 seco
499 3990 697 4080 organismo
720 3989 901 4059 doctrinae
925 3991 1205 4062 efflorescentem.
1220 3992 1555 4084 Quaequamimpru·

401 4097 523 4166 deuter
546 4099 641 4168 dicta
664 4099 748 4184 sint,
767 4105 809 4169 ut
824 4099 1062 4188 intelligatur,
1082 4101 1175 4170 ratio
1191 4099 1298 4171 huius
1314 4099 1555 4172 distributionis

401 4205 506 4297 paulo
530 4205 737 4296 diligentius
760 4207 979 4297 inspicienda
1001 4215 1066 4278 est.
1602 4271 1603 4322 q

467 4313 511 4382 Iu
534 4313 612 4404 ipse
634 4314 865 4406 inquisitione
889 4340 935 4382 ors
958 4317 1049 4383 Deus
1072 4320 1132 4400 sit,
1152 4340 1196 4387 ex
1219 4322 1461 4388 creaturarum
1481 4311 1554 4384 limi·
1602 4341 1603 4410 q

401 4419 631 4513 rationeque
653 4429 911 4512 cognoscuntur
935 4429 978 4494 nt
1001 4447 1057 4492 ens
1080 4429 1280 4518 contingens
1302 4434 1339 4496 et
1354 4451 1411 4494 eres
1428 4427 1470 4494 ab
1484 4426 1552 4502 olio,
1602 4411 1603 4492 i
