3224 5068
512 409 550 422 ·
571 375 632 439 309
653 409 691 422 -

29 481 124 549 lectus
146 477 295 549 divinus
318 485 372 550 est
394 449 546 550 actualis
569 481 708 549 infinita
732 479 989 570 comprehensio
1019 482 1190 550 essentiae

29 587 162 672 deicae,
181 589 351 657 veritatis
374 588 546 674 infinitae,
569 610 716 680 quacum
741 585 944 655 intellectus
967 586 1041 678 ipse
1064 587 1190 656 identi-

29 693 147 776 ficatur,
167 698 205 761 et
222 693 261 760 in
278 713 345 784 qua
362 692 665 784 comprehenditur
682 691 792 759 omnis
816 690 962 760 veritas:
990 691 1042 758 ita
1066 691 1190 758 volun·

27 800 204 868 tusdivina
221 807 277 870 est
292 801 442 869 actualis
464 801 607 869 infinita
630 800 772 868 dilectio
790 805 831 884 vet
853 821 949 867 amor
973 800 1191 868 necessarius

27 910 179 977 essentiae
204 907 349 978 divinae
372 915 414 976 ut
438 909 517 976 boni
540 908 684 992 infiniti,
711 931 856 1000 quocum
880 929 976 975 amor
999 907 1072 997 ipse
1095 907 1190 975 iden·

27 1015 180 1084 dicatur.
199 1016 296 1099 Quia
319 1017 456 1102 bonurn,
475 1016 595 1107 inquo
620 1039 715 1084 amor
739 1017 775 1084 in
799 1015 902 1104 plene
918 1013 1098 1083 essentiali
1117 1017 1189 1083 suf·

27 1122 163 1190 ficientia
179 1129 218 1192 et
236 1123 452 1192 beatitudine
477 1123 701 1214 conquiescit,
721 1121 900 1190 infinitum
924 1129 990 1207 est,
1010 1127 1112 1191 actus
1128 1122 1190 1191 ille

28 1229 259 1298 substantialis
283 1254 350 1297 non
374 1231 567 1299 necessario
590 1230 695 1298 habet
718 1253 781 1320 pro
812 1231 944 1299 obiecto
976 1231 1100 1297 bonum
1125 1230 1189 1297 ali-

28 1339 101 1426 quod
122 1338 395 1428 participatum
423 1345 537 1428 potest
558 1345 673 1406 tamen
697 1338 759 1406 ille
782 1337 873 1406 idem
897 1339 1057 1405 infinitus
1089 1343 1190 1406 actus

28 1445 192 1514 volitionis
217 1446 391 1536 respicere
422 1445 511 1513 bona
535 1445 767 1536 participata,
795 1452 836 1514 ut
857 1445 1009 1514 habeant
1039 1446 1188 1514 existen·

28 1551 96 1617 liam
112 1553 155 1619 ab
171 1553 254 1643 ipso
270 1554 368 1636 bono,
386 1553 589 1642 peripsum,
609 1557 644 1620 et
661 1552 704 1620 ad
721 1553 835 1641 ipsum
856 1554 980 1620 bonum
998 1551 1187 1620 infinitum.

29 1657 80 1726 llic
99 1667 217 1729 autem
244 1666 423 1750 respectus
438 1667 474 1728 et
491 1660 576 1728 haec
599 1659 800 1726 terminatio
824 1660 867 1728 ad
892 1661 981 1726 bona
1004 1659 1107 1726 finita
1122 1681 1190 1727 non

29 1773 224 1852 potestesse
250 1789 311 1858 per
334 1773 449 1835 actum
473 1765 654 1834 volitionis
679 1765 942 1854 superadditum
975 1771 1011 1832 et
1034 1766 1189 1834 acciden-

30 1872 125 1960 talem,
144 1875 181 1943 id
207 1873 301 1942 enim
325 1874 362 1941 in
386 1873 554 1942 volitione
578 1871 751 1955 absoluta,
771 1871 1009 1956 substantiali,
1028 1873 1190 1941 immuta-

31 1977 78 2046 bili
98 1989 298 2072 repugnat:
330 1981 389 2050 sad
413 1980 523 2049 solum
547 1980 625 2069 ipsa
649 1980 849 2048 substantia
876 1982 941 2048 sub
957 1982 1094 2050 ratione
1119 1984 1187 2050 for-

30 2085 106 2170 unli,
132 2095 312 2178 quatenus
336 2093 391 2155 est
413 2086 553 2154 infinita
577 2087 752 2170 volunta-s,
780 2094 894 2177 potest
916 2087 1114 2156 immediate
1129 2111 1191 2177 per

32 2213 57 2258 se
75 2193 181 2283 ipsam
207 2193 262 2282 (h.
281 2217 311 2262 a.
330 2193 427 2261 nullo
452 2195 659 2283 interposito
683 2194 753 2261 alio
770 2201 851 2263 actu
869 2193 1064 2280 volitionis)
1081 2195 1189 2286 respi-

31 2320 88 2366 cere
108 2307 142 2369 et
164 2301 272 2370 velut
288 2324 323 2368 se
343 2301 548 2391 protendere
573 2301 616 2369 ad
640 2303 764 2369 bonum
787 2301 1037 2391 participatum
1062 2303 1191 2393 absque

32 2403 89 2471 ulla
109 2407 161 2475 sui
186 2408 406 2488 mutatione,
433 2407 526 2475 sicut
549 2430 641 2475 nnus
673 2414 773 2478 actus
796 2408 1001 2496 intelligens
1033 2408 1190 2476 divinam

32 2513 195 2582 essentiam
221 2513 329 2583 simul
352 2514 575 2602 protenditur
598 2515 642 2582 ad
683 2515 798 2582 omnia
832 2514 1089 2604 intelligibilia.
1117 2516 1191 2584 Hoc

33 2627 88 2704 cst,
112 2622 203 2712 quod
230 2621 284 2688 ait
306 2622 342 2690 S.
371 2619 565 2709 Gregorius
588 2621 795 2710 Nysscnus:
824 2653 839 2686 c
866 2623 962 2688 nullo
988 2625 1191 2712 interposito

32 2725 118 2792 medio
142 2728 314 2797 voluntas
339 2729 591 2814 (substantiva)
615 2729 659 2796 ad
676 2730 926 2818 praestitutum
951 2729 1052 2798 finem
1075 2737 1188 2797 traus-

33 2833 80 2898 llu
95 2856 133 2904 ac
155 2836 261 2906 velut
282 2835 505 2926 protenditur
525 2833 657 2922 (ἀμεσως
682 2859 733 2900 roa
758 2831 948 2922 βουληματος
965 2861 1035 2928 προς
1053 2859 1085 2902 το
1112 2859 1191 2900 κατα

33 2943 155 3029 eubaea
171 2943 260 3015 τελος
284 2941 532 3030 μεθισταμενου).
560 2942 701 3010 Clarum
725 2951 780 3011 est
802 2944 928 3033 igitur,
955 2945 1089 3029 inDeo,
1116 2967 1189 3034 spe·

34 3055 109 3118 ctata
130 3053 241 3120 etiarn
259 3053 426 3121 volitiona
449 3051 561 3120 libera
578 3073 665 3143 quac
688 3053 876 3120 terminum
893 3053 999 3120 habet
1014 3055 1058 3122 ad
1075 3060 1188 3138 extra,

35 3177 85 3224 non
105 3182 177 3230 esse
202 3159 395 3251 potentiam
418 3159 546 3250 agendi
570 3165 606 3228 ct
629 3169 768 3248 actum,
795 3161 854 3230 scd
878 3184 951 3231 esse
975 3169 1090 3231 actum
1114 3168 1191 3230 tan·

35 3271 92 3332 tum
113 3269 215 3337 cuius
238 3269 311 3335 alia
333 3277 438 3360 atque
455 3269 526 3366 alia
549 3276 666 3358 potest
688 3292 762 3337 essa
786 3271 1000 3354 terminatio,
1020 3293 1107 3362 quae
1124 3293 1192 3338 non

35 3373 112 3440 actui
132 3375 200 3465 ipsi
226 3375 286 3444 scd
310 3377 465 3460 obiecto,
493 3377 537 3444 ad
562 3378 651 3468 quod
676 3377 892 3468 porrigitur,
909 3378 1054 3469 ¹aliquid
1078 3377 1188 3446 addit.

35 3477 132 3571 Atque
147 3483 200 3552 ita
217 3484 352 3552 clarum
375 3490 440 3568 est,
459 3507 526 3552 nou
551 3507 649 3574 posse
674 3485 710 3552 in
726 3485 797 3553 Deo
814 3486 949 3575 concipi
974 3486 1189 3575 compositio·

37 3607 97 3654 nen
117 3613 157 3658 cx
180 3592 341 3682 potentia
365 3593 491 3681 agendi
514 3601 549 3660 et
572 3599 654 3661 actu
678 3592 800 3660 libero.

88 3695 137 3763 Ex
160 3697 267 3767 dictis
291 3697 490 3787 colligitur,
518 3705 687 3790 quantum
712 3700 761 3766 sit
777 3698 964 3768 discrimen
988 3699 1080 3766 inter
1105 3697 1191 3764 voli-

39 3801 145 3871 tiouem
168 3807 327 3874 divinam
342 3813 379 3874 ct
394 3805 581 3874 volitiones
605 3815 755 3890 nostras,
782 3807 874 3876 iuter
897 3812 1065 3875 rationem
1088 3805 1191 3873 liber-

40 3910 109 3978 tatis
129 3914 288 4000 divinae,
315 3919 350 3983 et
372 3919 512 3983 nostrae
537 3937 597 3983 seu
622 3914 815 3984 universim
839 3923 976 3982 creatae
1000 3913 1189 3982 libertatis.

41 4011 152 4088 Volitio
173 4029 296 4092 nostra
317 4023 477 4092 accidens
500 4031 554 4090 est
573 4031 608 4091 et
623 4023 834 4092 modificatio
858 4022 1086 4105 substantiae,
1106 4041 1193 4112 quae

44 4129 229 4206 potestesse
253 4130 310 4198 vel
333 4153 400 4197 non
424 4153 510 4214 csse,
536 4137 746 4218 potestesse
771 4129 842 4197 ulia
865 4137 970 4220 etque
994 4128 1078 4196 alia.
1103 4127 1193 4194 Dum

44 4235 212 4303 eremesa
234 4234 486 4303 determinatus
517 4233 647 4324 aliquis
671 4241 772 4302 actus
808 4233 1004 4302 voluntatis
1027 4237 1191 4314 nostrae,

46 4333 105 4401 eius
127 4341 326 4412 terminatio
356 4343 400 4410 ad
430 4342 601 4410 obiectum
625 4349 678 4408 cst
701 4341 732 4408 ei
756 4339 966 4422 intrinseca,
1001 4337 1195 4407 necessaria

47 4460 99 4508 nou
118 4446 232 4516 libera.
250 4449 409 4518 Eatenus
433 4471 515 4538 ergo
540 4469 602 4515 nos
626 4447 736 4514 libera
760 4471 879 4514 sumus
900 4448 1092 4530 voluntate,
1112 4467 1193 4536 qua-
