3280 5070
891 433 931 451 -
951 403 1014 468 dib
1033 433 1073 451 -

396 515 478 588 vult
499 513 602 584 finem
625 509 760 604 gloriae
782 513 944 580 aeternae
968 507 1103 579 adultis
1113 507 1321 597 formaliter
1334 523 1376 577 aa
1391 511 1576 598 punina

392 648 459 717 pro
491 621 612 690 liberio
641 620 774 686 canitia
804 616 1174 708 (supernaturalibus).
1199 615 1297 706 Ergo
1325 616 1428 688 Deus
1451 615 1577 684 adultis

396 733 499 803 linem
517 727 652 820 gloriae
667 735 828 796 aeternae
845 723 1003 792 obuoluto
1019 724 1213 794 intentione
1229 749 1299 794 non
1315 724 1399 794 vult
1415 711 1489 794 nisi
1504 747 1576 814 enp-

397 837 525 930 positis
548 843 599 924 (et
613 832 757 926 proinde
772 832 960 923 praevisis)
978 832 1113 902 meritis
1129 831 1510 924 (supernaturalibus).
1527 829 1576 898 Gi.

397 945 559 1020 Lennium
582 947 667 1013 sect.
686 943 718 1010 b.
739 963 775 1008 n.
794 937 851 1009 84.
870 937 910 1009 Si
926 938 1009 1009 ordo
1032 939 1176 1010 anobis·
1192 941 1400 1032 suppositus
1418 941 1457 1008 in
1475 939 1580 1008 inten-

399 1056 495 1126 tione
518 1052 642 1123 divine
663 1071 705 1121 ax
731 1069 803 1118 sesa
834 1048 1051 1120 necessarius
1074 1071 1149 1119 ease
1175 1060 1347 1140 negetur,
1372 1048 1494 1118 multo
1514 1047 1579 1116 eri·

398 1161 541 1236 deutius
563 1183 631 1230 non
654 1163 710 1230 ast
738 1157 957 1227 necessarius
985 1156 1068 1227 ordo
1092 1157 1270 1242 inversus,
1298 1167 1341 1227 ut
1363 1157 1467 1226 Deus
1490 1155 1581 1246 prim

399 1271 558 1340 abaciaco
582 1267 764 1338 vuluntate
782 1265 870 1334 velit
896 1264 1086 1356 praemium
1101 1273 1138 1334 et
1153 1263 1277 1336 deinde
1305 1265 1451 1334 memte.
1470 1262 1509 1332 Si
1525 1285 1578 1330 aa·

399 1383 469 1450 tem
493 1375 576 1447 orda
600 1373 657 1444 hic
680 1396 748 1443 non
771 1379 826 1442 est
847 1371 1075 1456 necessarius,
1100 1393 1142 1441 ex
1167 1371 1230 1440 illo
1258 1371 1441 1463 principio
1466 1393 1528 1462 per
1547 1391 1580 1438 se

400 1491 575 1578 spectato,
605 1481 833 1577 quantumvis
863 1479 1077 1551 auctoritate
1105 1478 1314 1550 Aristetelis
1345 1479 1576 1561 communias.

400 1591 492 1666 nibil
516 1591 696 1682 probatur,
714 1586 797 1680 quia
819 1587 863 1657 ad
887 1610 958 1657 rem
981 1609 1047 1656 non
1073 1587 1238 1678 pertinet.
1261 1585 1360 1656 Unde
1375 1610 1461 1656 curn
1476 1608 1520 1656 ex
1534 1607 1579 1654 re

400 1723 475 1772 rum
501 1695 639 1768 nataris
665 1695 762 1764 Deus
776 1693 900 1764 saltem
924 1717 1031 1788 aeque
1048 1696 1159 1786 possit
1175 1695 1444 1786 praedestinare
1458 1693 1578 1764 electus
1631 1775 1632 1780 ,

401 1829 482 1880 auor
505 1804 550 1872 ad
578 1801 768 1892 praemium
800 1801 896 1872 vitae
927 1808 1088 1873 aeternae
1116 1802 1310 1894 suppositis
1339 1809 1378 1874 at
1408 1800 1578 1894 praevisis

400 1911 548 1994 meritis,
567 1929 608 1976 ac
631 1907 816 1978 voluntate
838 1909 1063 1980 antecedente
1086 1909 1336 2001 praevisionem
1361 1910 1574 1994 meritorum
1631 1919 1632 2004 ᾖ

399 2016 492 2092 nibil
507 2023 562 2085 est
577 2013 763 2107 reliquum,
779 2038 881 2110 quam
900 2025 940 2088 ut
954 2017 1182 2086 intentionem
1198 2016 1357 2087 divinans
1373 2015 1575 2108 colligamus
1631 2027 1632 2090 l

399 2149 443 2198 ex
466 2123 524 2208 iis,
550 2143 638 2214 quae
660 2121 760 2194 nobie
782 2124 858 2216 ipse
873 2125 915 2196 da
938 2149 1002 2196 sua
1025 2124 1209 2195 voluntate
1225 2124 1449 2195 misericordi
1464 2133 1501 2194 et
1514 2120 1576 2192 eal·

400 2231 506 2306 vilica
528 2250 614 2322 arga
635 2252 747 2322 genus
778 2231 968 2304 humanum
992 2233 1217 2304 manifestare
1244 2232 1373 2303 voluit.
1399 2233 1480 2302 Iarn
1502 2251 1574 2300 vem

398 2361 440 2410 ex
465 2339 571 2408 verbo
595 2339 659 2409 Dei
683 2349 719 2410 et
733 2362 777 2411 ex
801 2343 964 2434 operibus
987 2341 1052 2412 Dei
1074 2341 1111 2410 in
1135 2341 1256 2412 ordine
1278 2341 1423 2432 gratiae
1448 2343 1575 2412 constat

399 2445 605 2530 certissima,
619 2445 729 2516 Deum
741 2449 966 2520 antecedente
983 2449 1165 2520 voluntate
1181 2447 1273 2518 valle
1289 2471 1409 2518 omnes
1426 2447 1572 2518 bomine·
1631 2439 1632 2468 ¹

399 2553 517 2624 salvos
540 2552 618 2623 lieri
641 2559 679 2624 et
699 2555 870 2628 neminem
893 2557 1028 2650 perire,
1054 2565 1091 2628 at
1113 2557 1189 2627 ideo
1212 2555 1374 2626 omnibns
1397 2557 1524 2626 offerre
1542 2561 1572 2624 et

399 2662 484 2733 dare
500 2664 684 2754 (quantam
697 2685 740 2734 ex
752 2689 789 2738 ae
804 2671 872 2754 est)
888 2665 1101 2737 adiutorium
1119 2665 1366 2750 neceesarium,
1385 2672 1431 2736 ut
1449 2663 1572 2757 possint

345 2793 348 2801 ’
399 2790 516 2839 omnes
539 2768 631 2840 salvi
654 2769 744 2859 deri,
770 2796 849 2844 oum
876 2773 1070 2844 intentione
1094 2795 1134 2843 ac
1157 2771 1320 2842 mandato
1342 2781 1380 2841 et
1396 2772 1569 2844 commina-

398 2874 555 2947 tionibus
585 2883 622 2945 et
651 2877 963 2967 obtestationibus,
989 2888 1030 2950 ut
1059 2879 1117 2949 bis
1146 2878 1336 2950 adiutoriis
1366 2881 1571 2950 utantnret
1631 2877 1632 2904 ³

398 2983 603 3072 salventur;
629 2983 774 3080 ideoque
797 2988 927 3059 nemini
951 2987 1042 3059 velle
1073 3009 1202 3078 negare
1225 2986 1568 3079 praedestinationem
1631 2993 1632 3056 l

397 3089 443 3160 ad
466 3089 615 3181 gloriam
637 3093 862 3164 antecedente
885 3094 1081 3180 voluntate,
1107 3093 1168 3164 sed
1192 3093 1305 3163 solum
1332 3099 1569 3188 consequenter

397 3197 443 3267 ed
459 3198 658 3290 praevisum
675 3201 804 3272 malum
822 3203 1000 3273 maritum.
1013 3201 1065 3272 ao
1077 3202 1154 3294 ipso
1171 3210 1320 3288 constat,
1337 3201 1566 3272 discretionem

396 3306 491 3377 iuter
507 3313 619 3376 totum
634 3331 816 3380 numerum
834 3311 1174 3403 praedestinatarum
1197 3333 1238 3381 ac
1253 3310 1399 3402 proinde
1414 3317 1497 3381 antu
1510 3303 1566 3376 aal-

396 3413 590 3486 venderam
617 3421 655 3488 et
683 3416 779 3488 inter
808 3425 922 3488 totum
952 3441 1136 3489 numerum
1163 3420 1429 3510 reprobatorum
1452 3439 1493 3486 ae
1517 3413 1566 3482 da
1631 3479 1632 3496 .

396 3521 625 3592 mnandorum
648 3545 717 3592 non
739 3547 814 3596 esse
837 3527 968 3597 iactam
991 3527 1237 3598 antecedenter
1254 3525 1315 3596 aad
1331 3528 1565 3620 consequenter
1631 3577 1632 3604 p

396 3629 441 3701 ad
464 3631 629 3723 praevisa
650 3633 777 3704 monita
800 3635 890 3704 bona
903 3657 975 3728 ,per
997 3635 1151 3728 gratiam
1178 3643 1282 3728 parta
1297 3639 1335 3706 et
1348 3627 1564 3707 meritamala

394 3736 507 3811 libero
529 3739 679 3811 arbitrio
703 3749 896 3814 contracta.

460 3845 516 3918 Ex
539 3845 598 3918 his
627 3854 728 3941 patet
756 3849 936 3942 responsio
959 3851 1004 3921 ad
1022 3851 1224 3921 arationem
1247 3845 1558 3920 fundamentalem
1631 3859 1632 3878 ¹

395 3954 609 4042 sententiae,
635 3979 738 4050 quam
761 3957 1022 4048 impugnamus.
1047 3957 1175 4028 Aiunt:
1200 3958 1458 4030 masticans
1477 3958 1560 4022 aute·

396 4061 489 4132 eadit
510 4061 716 4134 electionem
731 4063 933 4150 mediorum,
952 4087 1015 4135 neo
1038 4071 1155 4156 potest
1182 4088 1259 4136 esse
1275 4063 1398 4135 efficax
1413 4063 1559 4136 voluntas

395 4168 587 4240 mediorum
602 4170 673 4242 nisi
688 4194 731 4242 ex
746 4171 972 4243 antecedente
987 4172 1173 4244 voluntate
1196 4173 1327 4244 efficaci
1349 4171 1443 4242 fiais:
1459 4169 1499 4239 ad
1512 4185 1556 4234 rc

393 4275 497 4348 lenda
520 4279 612 4349 enim
634 4279 750 4350 media
773 4279 920 4375 quisque
935 4288 1097 4352 movetur
1119 4280 1251 4352 efficaci
1273 4279 1456 4351 voluntate
1476 4271 1552 4343 linis·

393 4385 508 4481 aequi
529 4388 648 4480 gloria
669 4397 813 4460 aeterna
836 4391 1015 4461 beatorum
1037 4387 1320 4482 estdnis,que1n
1345 4387 1441 4456 Deus
1459 4385 1552 4453 ineo·

394 4494 461 4585 dit,
485 4497 613 4569 merita
635 4521 755 4570 eorum
778 4505 865 4569 sunt
887 4497 1001 4569 media
1023 4497 1069 4568 ad
1095 4497 1211 4568 linem
1228 4497 1325 4589 argo
1347 4485 1550 4566 sceatta
