3292 5062
550 335 731 398 ..129-

56 441 182 528 quanta
204 439 281 507 sint
301 439 357 508 bis
381 441 555 532 quinque,
580 439 805 530 responderet
826 462 894 508 non
922 463 996 510 esse
1028 463 1135 510 unum
1167 463 1230 510 nec

54 544 159 612 duo...
186 568 262 614 esse
285 551 404 614 antem
426 547 540 616 decem
564 569 632 615 nou
656 546 803 630 diceret,
829 567 891 616 nec
914 547 1071 637 affigeret
1093 547 1228 618 intelle·

54 657 142 719 ctum
167 651 426 744 interrogantis
449 654 492 722 ad
516 654 552 722 id
577 653 668 745 quod
691 653 841 745 quaerit.
863 679 879 715 n
1283 734 1284 738 Ἰ

113 757 278 826 Ulterius
301 759 458 830 examine
481 760 702 849 singulorum
725 767 951 849 conceptuum
967 760 1226 846 affirmantium,

53 885 165 932 eorum
190 867 361 956 originem
384 891 427 936 ex
450 867 624 936 creaturis
644 875 681 936 et
696 867 990 956 imperfectionem
1014 868 1230 936 demonstrat

53 969 137 1038 idem
154 971 398 1040 Nazianzenus
415 972 793 1042 n.13.Proetermissis
809 973 1005 1040 nominibus
1022 974 1227 1064 metaphori-

53 1075 109 1160 cis,
120 1085 163 1146 ut
174 1079 314 1169 qnando
326 1080 419 1149 Deus
435 1081 566 1150 dicitur
581 1081 688 1170 ipris,
707 1081 782 1164 lua,
796 1085 878 1164 eta,
897 1081 1227 1172 considerandoper·

55 1183 219 1254 sectiones
234 1185 342 1276 ipsus,
368 1209 455 1279 quae
478 1188 723 1278 exprimuntur
745 1188 1038 1278 appellationibus
1061 1190 1225 1279 propriis,

55 1292 267 1375 ebur-itatem,
284 1297 505 1382 sapientiam,
524 1297 710 1372 iustitiam,
729 1295 950 1376 intellectum,
973 1295 1124 1376 Verbum,
1142 1299 1227 1368 haec

56 1399 175 1482 omnia,
194 1401 316 1493 iuquit
331 1403 536 1492 Gregorius,
555 1403 766 1493 concipimus
782 1424 849 1470 nou
862 1409 903 1470 ut
915 1403 951 1472 in
968 1402 1040 1472 Deo
1053 1410 1147 1490 sunt,
1167 1404 1226 1474 sed

59 1507 301 1578 :intellectum
327 1511 464 1602 quidem
487 1511 547 1603 qui
571 1511 665 1580 inest
687 1510 807 1594 alicui,
826 1515 862 1578 et
876 1512 976 1579 cuius
1001 1519 1085 1578 eunt
1109 1519 1225 1579 motus

55 1623 86 1682 et
100 1617 331 1708 cogitationes
356 1619 412 1688 vel
436 1619 563 1688 tacitae
581 1619 637 1688 vel
654 1641 737 1688 voce
755 1617 920 1708 prolatoe;
940 1618 1092 1687 Verbum
1109 1618 1223 1710 qualo,

56 1725 121 1794 nisi
144 1737 204 1794 ant
227 1725 407 1818 quiescens
430 1727 467 1795 in
489 1728 589 1796 nobis
611 1734 675 1796 aut
698 1727 905 1817 profusum?
929 1727 1145 1818 sapientiam,
1171 1728 1223 1798 iu·

57 1835 196 1919 stitianr,
222 1835 430 1904 charitatem
454 1836 538 1928 quid
562 1835 631 1904 nisi
656 1835 797 1904 habitus
820 1841 857 1904 at
878 1835 1122 1925 dispositiones
1149 1835 1224 1906 lau·

58 1941 193 2028 debiles,
219 1966 309 2037 quae
332 1967 395 2014 nos
418 1944 609 2014 informant
623 1955 660 2012 et
675 1943 885 2012 immutant?
910 1943 949 2012 Si
972 1955 1087 2013 autem
1108 1945 1151 2012 ab
1168 1944 1224 2013 his

59 2052 206 2120 omnibus
228 2051 427 2120 recedentes
450 2053 610 2120 volumus
634 2053 793 2120 divinum
818 2052 1004 2121 secundum
1030 2073 1066 2120 se
1091 2052 1221 2138 videro,

61 2169 216 2248 quantum
233 2160 314 2228 fieri
330 2165 454 2249 potest,
475 2161 665 2251 partialem
689 2159 861 2252 quandam
883 2162 1224 2248 repraesentationem

62 2289 98 2331 ee
120 2267 205 2333 birca
225 2265 544 2334 adumbrationibus
568 2268 778 2358 colligentes,
798 2289 884 2358 quae
900 2265 984 2334 haec
1007 2265 1165 2334 molitio?
1182 2287 1224 2332 ea

63 2373 110 2438 to
123 2377 185 2440 erit
201 2389 233 2440 et
250 2399 317 2440 aon
336 2375 427 2454 baec,
445 2383 510 2444 aut
531 2375 696 2467 quomodo
719 2374 805 2442 haec
829 2373 943 2442 omnia
966 2373 1123 2442 simulet
1147 2395 1221 2463 por·

65 2481 141 2550 lecte
163 2481 430 2574 unumquodque
453 2504 571 2551 eorum
585 2488 648 2551 ‘est
671 2505 776 2550 unum
802 2482 891 2551 illud
915 2488 1044 2549 natura
1060 2480 1218 2571 simplex,

63 2597 94 2654 et
112 2589 196 2680 quod
218 2590 476 2678 repraesentari
500 2614 568 2658 non
592 2589 761 2679 potestis
780 2589 870 2658 Vide
885 2589 996 2657 Basil.
1016 2599 1136 2658 contra
1152 2587 1222 2658 Eu·

64 2717 138 2762 nom.
147 2697 172 2764 l.
182 2695 213 2764 I.
225 2721 261 2765 n.
274 2696 329 2766 13.
342 2697 397 2785 143
408 2721 461 2788 ep.
473 2698 552 2766 234.
563 2697 641 2785 2353
652 2698 684 2768 N
685 2721 803 2788 ysaen.
815 2697 1080 2766 contraEunom
1095 2695 1218 2766 1.x11.

64 2825 92 2890 p.
106 2803 269 2872 taceat.

119 2913 236 2981 Totam
262 2914 353 2983 hauc
375 2913 702 3010 demonstrationem
725 2912 875 3002 originis
907 2911 1062 2980 idearum
1086 2915 1220 2978 nostra-

66 3028 182 3090 mmet
204 3021 376 3090 mediatae
405 3028 543 3090 tantum
575 3019 787 3110 cognitionis
817 3020 1018 3088 divinorum
1042 3041 1081 3087 ac
1106 3040 1220 3086 conse·

66 3128 184 3213 quentis
206 3127 288 3197 inde
311 3127 494 3217 analogiae
519 3135 747 3218 conceptuum
770 3133 989 3209 nostrorum,
1015 3147 1102 3217 quae
1126 3125 1219 3214 apud

67 3229 119 3300 Pl'.
135 3233 169 3302 iu
192 3236 433 3304 controversia
451 3235 670 3303 Eunomiana
693 3234 821 3326 ubique
844 3234 1009 3317 recurrit,
1028 3233 1221 3323 perlectum

67 3359 125 3407 csse
144 3341 330 3431 exemplar,
349 3341 393 3410 ad
410 3342 499 3433 quod
523 3341 683 3411 doctrina
704 3340 740 3408 S.
755 3341 905 3408 'thomae
928 3347 965 3408 et
979 3339 1219 3428 theologorum

68 3442 191 3518 Scholae
213 3471 379 3538 expresso
393 3453 459 3532 est,
477 3447 583 3518 facila
598 3453 755 3538 apparet.
774 3449 930 3537 Legatur
953 3469 1006 3516 ex.
1021 3469 1077 3536 gr.
1089 3445 1219 3514 suno-

69 3575 124 3624 ιιι
143 3556 182 3625 de
204 3557 369 3626 Potentia
391 3582 424 3649 q.
443 3558 476 3624 7.
498 3578 530 3626 a.
550 3560 583 3626 5.
613 3557 793 3626 tornator
815 3555 905 3648 quod
928 3555 1049 3622 nullus
1072 3555 1218 3622 effectus

68 3661 217 3755 adaequat
240 3665 409 3732 virtutem
433 3665 536 3755 primi
560 3663 717 3753 agentis,
744 3662 834 3754 quod
857 3662 952 3729 Deus
974 3668 1084 3730 est...
1110 3659 1219 3728 Nulla

68 3789 133 3859 crgo
147 3773 256 3840 forma
271 3771 423 3840 alicuius
445 3773 591 3841 effectus
606 3770 720 3840 divini
737 3773 791 3838 est
805 3791 865 3858 per
880 3769 1021 3836 eandem
1037 3766 1216 3852 rationem,

68 3901 121 3966 qua
139 3889 190 3950 est
211 3881 249 3948 iu
272 3881 412 3962 effectu,
431 3879 468 3947 in
484 3879 568 3947 Deo:
586 3877 815 3946 nihilomiuus
839 3881 974 3966 oportet
997 3875 1088 3965 qnod
1105 3874 1152 3940 sit
1168 3873 1218 3942 ibi

68 4007 114 4073 per
139 3990 304 4080 quendam
335 3988 471 4056 modum
501 3986 689 4072 altiorem,
715 3991 751 4053 et
774 3984 855 4052 inde
879 3990 954 4066 est,
980 3981 1071 4073 quod
1103 4002 1219 4049 ornnes

69 4091 187 4180 formae,
205 4118 293 4188 quae
318 4102 402 4164 sunt
424 4095 461 4163 in
485 4092 636 4164 diversis
658 4093 842 4162 effectibus
865 4089 1053 4158 distinctae
1076 4095 1111 4156 et
1127 4087 1217 4156 divi·

71 4221 114 4268 sae
133 4203 173 4272 cd
194 4204 356 4287 invicem,
382 4203 419 4270 in
441 4225 482 4272 eo
506 4201 677 4270 uniuntur
700 4199 793 4269 sicut
816 4198 854 4265 in
878 4219 947 4266 uua
970 4197 1106 4265 virtute
1131 4217 1217 4263 com·
1246 4239 1254 4258 .

71 4311 184 4380 muni...
209 4321 245 4380 et
268 4311 498 4401 perfectiones
520 4331 635 4378 rerum
659 4314 854 4376 creatarum
878 4304 1118 4372 assimilantur
1143 4302 1215 4370 Deo

73 4417 233 4486 secuudum
257 4417 395 4485 unicam
418 4426 453 4485 et
475 4415 666 4506 simplicem
690 4412 875 4482 essentiam
898 4411 985 4480 eius.
1010 4409 1216 4480 Intellectus

189 4547 342 4600 Fraudis»
1056 4538 1074 4590 0
