3292 5062
912 372 950 386 -·
975 340 1031 400 184
1053 371 1092 386 -

481 445 549 516 Sed
567 446 601 532 t)
618 446 712 536 apud
728 445 877 513 Paulum
892 443 990 512 illam
1007 443 1176 513 visionem
1188 444 1290 531 sacis
1305 444 1499 534 adfaciem
1517 465 1586 511 esse

416 555 631 634 intuitiones,
657 551 768 621 multu
791 551 905 620 adhuc
928 551 1060 620 clarius
1083 558 1139 620 est
1159 575 1202 620 ex
1226 552 1466 641 parallelismo
1490 574 1585 619 mem·

414 661 579 746 brorum;
603 660 793 750 opponitur
802 657 895 727 enim
917 657 1002 727 haec
1026 659 1118 727 visio
1141 659 1336 748 cognitioni
1360 659 1535 728 mediatae
1555 665 1588 726 ct
1622 717 1623 720 ,

412 767 628 859 analogicae.

479 876 703 944 Potissimum
712 897 795 944 vero
803 879 834 960 c)
846 873 904 943 hic
914 897 1036 944 sensus
1049 875 1308 943 demonstratur
1314 897 1357 943 ex
1364 875 1481 944 altero
1488 899 1583 944 mem·

413 986 486 1053 bro.
504 982 684 1052 Praesenti
707 982 798 1050 enim
822 981 1017 1071 cognitioni
1034 1003 1121 1072 qnae
1136 989 1192 1050 est
1207 1005 1250 1048 ec
1265 995 1383 1071 purte,
1399 985 1586 1073 opponitur
1622 981 1623 990 ’

412 1093 503 1162 visio
527 1093 663 1176 futura,
690 1114 759 1184 qua
782 1113 1012 1180 cognoscemus
1033 1090 1152 1172 Deam,
1166 1093 1255 1156 sicat
1277 1093 1412 1180 cogniti
1433 1117 1549 1158 umas
1566 1119 1585 1156 u

410 1201 494 1268 Deo.
516 1200 594 1268 Non
617 1206 733 1290 potest
755 1199 967 1289 comparatio
991 1197 1149 1289 intelligi
1172 1198 1215 1266 de
1237 1199 1456 1292 aequalitate
1480 1201 1586 1292 peris
1622 1207 1623 1216 ’

411 1308 538 1376 ationis
554 1307 591 1376 in
608 1313 730 1376 nostra
745 1309 833 1377 etin
849 1307 973 1376 divina
988 1308 1134 1395 visione;
1153 1304 1213 1374 sed
1229 1311 1346 1376 nmen
1361 1307 1459 1378 clare
1475 1309 1585 1399 expri-

411 1415 522 1484 mitur
546 1416 713 1506 perfectio
729 1423 868 1485 nostrae
887 1415 1035 1484 visionis
1050 1415 1115 1484 Dei
1131 1415 1226 1484 utin
1242 1437 1280 1484 se
1294 1421 1361 1500 est,
1379 1421 1492 1508 atque
1505 1416 1584 1484 adeo
1622 1447 1623 1452 ¹

410 1525 582 1594 essentiae
604 1530 640 1592 et
662 1525 773 1592 totius
797 1523 1024 1613 perfectionis
1047 1545 1136 1614 qnae
1161 1523 1198 1590 in
1214 1523 1286 1592 Deo
1301 1531 1366 1591 est.
1384 1521 1492 1605 Quod
1513 1523 1583 1615 qni·

410 1632 486 1702 dem
509 1633 616 1700 etiam
639 1631 858 1722 intelligitur
873 1655 915 1700 cx
932 1629 1149 1722 oppositione
1174 1631 1217 1700 acl
1233 1629 1483 1721 coguitionem,
1501 1653 1583 1723 quae
1622 1631 1623 1640 ’

409 1747 464 1808 est
487 1763 528 1806 en
548 1753 662 1826 purte.
681 1737 784 1807 Sicut
798 1761 840 1808 cx
856 1761 896 1808 eo
914 1738 1005 1830 qnod
1026 1739 1220 1828 praesentis
1244 1738 1340 1806 vitae
1362 1739 1521 1829 cognitio
1536 1745 1585 1808 est

409 1847 561 1916 mediata
582 1853 618 1915 et
641 1845 825 1935 analogica
848 1850 924 1936 (per
952 1847 1135 1938 speculum
1158 1849 1196 1916 in
1218 1849 1445 1939 aenigmate),
1473 1869 1581 1916 conss

409 1955 550 2046 quitur,
576 1953 667 2045 quod
690 1953 807 2022 eadem
831 1954 986 2043 cognitio
1010 1961 1065 2024 est
1087 1978 1129 2022 ec
1147 1970 1270 2045 parte:
1295 1955 1347 2025 ita
1370 1956 1406 2024 in
1432 1977 1474 2024 eo
1498 1953 1582 2047 quod

409 2061 532 2130 futura
556 2061 647 2130 visio
671 2068 725 2130 cst
742 2061 843 2149 sarie
859 2059 905 2128 ad
917 2061 1064 2150 faciem,
1082 2063 1295 2148 continetur,
1314 2062 1405 2156 qnod
1430 2085 1495 2154 per
1508 2083 1581 2129 ean·

408 2166 483 2236 dem
508 2189 752 2258 cognoscemus
775 2168 897 2254 Deum,
913 2168 1007 2238 sicut
1030 2169 1221 2259 etcogniti
1245 2191 1377 2254 snmus,
1402 2168 1442 2236 ln.
1457 2192 1490 2238 e.
1512 2187 1581 2258 per-

330 2362 335 2371 ,
407 2274 516 2358 lecta,
544 2283 585 2343 ut
608 2275 646 2342 in
669 2297 706 2343 se
728 2282 795 2344 est.
821 2274 1026 2344 Necessario
1048 2297 1132 2365 ergo
1155 2275 1246 2345 visio
1264 2276 1365 2365 facie
1387 2273 1436 2342 ccl
1454 2275 1580 2363 facien

406 2403 511 2472 penes
533 2379 682 2450 Paulum
714 2381 935 2473 intelligitur
960 2383 1053 2452 visio
1074 2383 1141 2452 Dei
1163 2383 1364 2454 immediata
1386 2383 1425 2452 in
1450 2405 1488 2452 se
1511 2382 1579 2472 ipso

406 2491 578 2558 sauciolo
603 2492 787 2558 intuitiva.

472 2595 601 2664 Eodem
626 2619 729 2666 sensu
754 2597 787 2664 2.
806 2595 885 2666 Cor.
900 2597 946 2668 V.
966 2597 1044 2666 6-8.
1076 2600 1334 2689 «peregrinari
1354 2619 1377 2665 a
1399 2597 1574 2666 Dominus

405 2708 442 2772 et
467 2703 679 2772 «ambulare
697 2727 763 2792 per
779 2701 883 2792 fidem
900 2731 917 2766 n
943 2705 980 2772 in
1005 2704 1082 2774 vita
1105 2703 1293 2794 praesenti,
1319 2701 1575 2794 apposituro,

405 2812 496 2905 quod
520 2811 558 2880 in
581 2813 659 2880 vita
681 2813 808 2880 futura
832 2811 903 2881 erit
934 2819 1102 2902 perpetua
1129 2815 1361 2902 apr-carentia
1391 2809 1446 2878 acl·
1467 2811 1575 2880 Docti·

404 2945 517 2986 παθη»
543 2929 580 2988 et
603 2927 719 2988 status
744 2920 952 2986 uvicionirn
971 2919 1035 3006 (l).

470 3025 512 3094 In
536 3025 602 3095 hac
634 3026 769 3096 visione
802 3025 976 3094 intuitiva
998 3023 1163 3094 Christus
1185 3024 1280 3094 Dens
1298 3025 1372 3114 ipse
1388 3023 1492 3094 docet
1505 3045 1574 3092 con·

404 3133 509 3202 stitui
531 3138 568 3202 et
584 3133 686 3202 finem
711 3133 943 3204 beatitudinis
959 3138 996 3202 et
1011 3155 1203 3225 supremam
1227 3131 1473 3202 excellentiam
1490 3149 1575 3199 crea·

402 3245 505 3310 turae
528 3241 726 3310 rationalis:
756 3241 878 3310 «beati
904 3241 1031 3310 mundo
1055 3239 1171 3324 corde,
1197 3240 1358 3332 qnoniam
1382 3239 1452 3332 ipsi
1473 3239 1573 3307 Mum

403 3347 608 3418 videbunt»
633 3347 763 3418 Matth.
778 3349 823 3418 V.
839 3349 872 3436 ὃς
891 3349 999 3418 adico
1028 3348 1137 3434 vobis,
1156 3347 1238 3440 qnia
1260 3345 1379 3437 angeli
1401 3369 1519 3416 eornm
1540 3341 1572 3410 in

367 3453 378 3483 l
403 3457 508 3527 coelis
532 3477 666 3546 semper
690 3455 812 3526 vident
834 3455 959 3524 taciem
984 3455 1104 3524 Patris
1128 3456 1207 3541 mci,
1232 3455 1292 3547 qni
1310 3455 1348 3523 in
1364 3453 1472 3525 coelis
1493 3461 1569 3523 estu

405 3565 454 3633 ib.
469 3561 607 3632 XVIII.
628 3562 683 3632 10.

469 3669 522 3740 3¹⁰.
548 3669 656 3739 Porro
672 3669 737 3740 hcc
755 3670 833 3760 ipsa
849 3669 984 3741 visione
1000 3669 1201 3739 continetur
1213 3675 1390 3761 tamqnam
1402 3667 1570 3738 resultans

272 3826 281 3846 .
403 3776 563 3848 formalis
585 3777 732 3846 effectus
755 3800 897 3868 reguum
921 3777 1099 3860 coelorum,
1116 3775 1303 3844 consolatio
1318 3798 1361 3845 ex
1378 3775 1472 3844 omni
1493 3773 1569 3840 fleta

401 3997 483 4051 Vertl
503 3997 539 4052 cd
559 3997 688 4052 lltteram
708 4001 818 4065 potest:
840 4011 887 4050 cre
906 3995 943 4050 ad
962 4012 993 4050 os
1012 3997 1115 4064 loquar
1132 3989 1259 4069 (loquor)
1278 3996 1310 4048 in
1328 4009 1361 4048 cc
1374 3991 1427 4066 (el)
1439 3999 1470 4048 et
1483 4005 1566 4046 secun

402 4085 467 4140 dnm
487 4087 629 4140 vlrlonem
649 4093 678 4141 et
696 4103 753 4140 uon
771 4087 803 4140 ln
821 4086 1043 4154 acnlgmatlbns,
1058 4089 1088 4138 et
1101 4083 1322 4141 slmllltndinem
1335 4085 1452 4139 Domini
1466 4079 1567 4138 vitslnt

399 4173 519 4246 (vlderc
538 4173 638 4247 solet).

464 4261 508 4338 (l)
525 4265 583 4319 Ὀτι
601 4261 772 4336 ι’νδημουντις
794 4263 818 4318 ir
833 4287 866 4334 τῳ
877 4285 980 4336 sepner
1000 4261 1231 4336 interpungendum
1246 4284 1292 4317 ruo
1303 4276 1395 4336 κυριου·
1408 4267 1454 4316 tra
1465 4275 1563 4316 turrea<

399 4377 452 4426 γαρ
463 4375 666 4427 πιριπατουμιν,
675 4351 703 4410 c'c
718 4359 761 4410 δια
774 4353 863 4416 irlocs'
878 4351 1025 4428 θαρρουμιν
1039 4358 1074 4420 δι,
1086 4377 1128 4408 και
1140 4349 1295 4428 interceptus
1308 4357 1413 4424 μαλλον
1428 4349 1561 4421 lacessens

400 4438 427 4497 ir
449 4463 495 4496 ruo
516 4463 648 4516 σωματος,
662 4465 705 4498 aar
726 4443 871 4516 latapetra·
895 4463 957 4516 προς
977 4465 1022 4496 res
1042 4463 1137 4516 raptor.
