3292 5062
908 401 946 416 -
968 368 1028 431 116
1049 399 1087 414 -

409 478 537 552 fideiin
549 477 708 569 Appeud.
719 476 764 546 ad
777 476 896 546 Traet.
906 474 948 544 de
958 471 1174 546 Traditioue.
1188 460 1247 542 Ita
1262 475 1448 564 composita
1457 474 1533 544 Dei
1544 474 1596 542 lo·

410 589 505 659 cutio
528 588 566 655 in
590 584 785 675 Scripturis
808 584 937 675 ubique
959 581 1181 672 exprimitur:
1210 581 1341 650 «salus
1362 581 1511 651 initium
1537 603 1594 651 ac-

411 696 504 786 cepit
532 694 693 764 enarrari
715 715 777 783 per
799 691 1043 761 Dominum...
1069 695 1288 759 contestante
1310 689 1382 758 Deo
1413 690 1537 780 signis
1561 697 1598 760 et

411 802 584 895 portentis
606 801 694 870 Heb.
712 800 761 868 H.
780 799 814 870 3.
832 799 867 886 45
886 799 918 868 si
941 797 1029 866 mihi
1044 819 1112 866 nou
1129 797 1241 867 vultis
1257 798 1406 884 credere,
1424 799 1598 888 operibus

413 909 543 982 credite
566 909 617 978 Io.
635 909 681 976 X.
700 908 755 996 383
775 908 934 976 Lazarus
956 909 1116 974 mortuus
1139 910 1207 989 est,
1233 909 1270 974 et
1291 905 1426 995 gaudeo
1445 913 1597 997 propter

414 1040 488 1102 vos,
503 1022 545 1086 ut
557 1015 735 1086 credatis»
750 1021 817 1084 etc.
833 1013 884 1084 Io.
895 1015 961 1082 XI.
973 1013 1029 1082 15.
1042 1041 1058 1077 a
1073 1013 1180 1082 Fides
1196 1013 1287 1082 enim
1302 1020 1425 1082 nostra
1440 1014 1519 1082 uisi
1535 1036 1597 1084 au·

414 1126 492 1195 ditu
515 1145 585 1191 non
608 1127 746 1192 constat
769 1128 804 1192 et
827 1123 921 1206 visu,
941 1149 957 1184 n
976 1120 1029 1190 ait
1047 1119 1084 1190 S.
1103 1119 1276 1188 Maximus
1300 1122 1390 1208 (eive
1414 1121 1514 1191 alius
1538 1145 1597 1192 ve·

413 1238 535 1302 taetus
553 1237 675 1300 auctor
702 1254 804 1300 serm.
822 1231 860 1299 in
875 1229 1050 1320 Epiphan.
1068 1253 1104 1298 n.
1122 1227 1155 1298 3.
1172 1229 1210 1296 in
1226 1229 1386 1321 Append.
1400 1230 1491 1322 Opp.
1511 1233 1596 1302 Arn-

415 1340 506 1408 bros.
524 1339 697 1408 serm.10.
714 1339 769 1408 ed.
786 1338 919 1427 Maur.)

458 1447 605 1516 Locutio
628 1453 745 1515 autem
768 1446 835 1514 Dei
850 1445 1036 1516 veritatem
1051 1467 1119 1514 non
1135 1447 1205 1514 iam
1220 1444 1417 1516 intellectui
1432 1447 1593 1534 exhibet,

416 1561 457 1626 ut
479 1577 553 1625 eam
576 1554 615 1622 in
637 1577 674 1623 se
696 1554 901 1644 intelligat3
929 1554 989 1622 sed
1013 1559 1055 1621 ut
1076 1575 1151 1622 eam
1177 1561 1320 1644 propter
1341 1556 1597 1626 auctoritatem

416 1663 483 1734 Dei
505 1660 697 1734 revelantis
720 1663 787 1733 fide
811 1661 1074 1754 supernaturali
1090 1661 1221 1731 credat.
1240 1663 1356 1732 Huius
1372 1663 1490 1754 igitur
1514 1666 1598 1735 fidei

418 1771 590 1840 obiectum
613 1770 824 1858 (materiale)
848 1776 931 1840 sunt
953 1791 995 1839 ea
1018 1769 1132 1838 omnia
1154 1774 1191 1838 et
1213 1769 1299 1856 sola,
1324 1791 1412 1862 quae
1427 1772 1597 1862 explicite

419 1877 477 1949 vel
500 1877 670 1968 implicite
693 1877 732 1946 in
753 1879 819 1948 Dei
842 1877 1018 1948 locutione
1040 1877 1284 1946 enuntiantur.
1302 1877 1415 1970 Atqui
1431 1879 1598 1949 doctrina

419 1987 461 2054 de
490 1985 679 2054 existentia
707 1986 774 2054 Dei
803 1985 1050 2078 multipliciter
1077 1985 1115 2052 in
1139 1985 1243 2053 verbo
1273 1984 1339 2053 Dei
1370 1989 1596 2056 enuntiatur:

420 2092 532 2184 primo
557 2093 697 2184 quidem
720 2091 846 2160 directe
868 2099 904 2162 et
926 2115 969 2162 ex
992 2097 1120 2162 natura
1142 2091 1333 2160 intrinseca
1355 2091 1549 2162 locutionis
1562 2095 1598 2162 in

424 2200 552 2292 quavis
574 2199 807 2288 revelatioue3
834 2201 957 2270 deiude
979 2223 1063 2270 vero
1086 2199 1191 2268 stiam
1213 2200 1337 2286 reflexa
1357 2205 1393 2270 et
1420 2218 1463 2270 ex
1485 2202 1596 2292 signi-

421 2307 583 2376 ficatione
606 2309 813 2394 verborum,
840 2309 915 2378 sive
939 2331 1016 2378 cum
1040 2331 1076 2378 se
1098 2308 1193 2376 Deus
1216 2312 1459 2394 utaeternum,
1484 2333 1597 2379 neces

425 2413 519 2482 sario
542 2414 748 2484 existentem
769 2416 907 2486 revelat
927 2415 1040 2486 Exod.
1058 2415 1128 2484 ΠΙ.
1154 2414 1209 2482 14.
1238 2413 1303 2502 15;
1331 2415 1439 2507 Apoo.
1457 2417 1488 2485 Ι.
1509 2419 1545 2486 4.
1563 2417 1593 2503 83

422 2521 487 2592 IV.
512 2521 545 2588 8.
563 2527 630 2590 etc.
649 2571 657 2607 ,
676 2521 753 2591 sive
776 2545 853 2592 oum
876 2522 1093 2614 praecipitur
1116 2521 1258 2590 diserte:
1278 2549 1295 2587 a
1312 2521 1535 2592 accedentem
1556 2523 1596 2592 ad

422 2630 534 2698 Deum
558 2629 697 2700 credere
720 2635 867 2721 oportet,
894 2628 1324 2722 quiaestheb.X1.6.
1346 2630 1421 2700 Hoc
1443 2631 1482 2699 in
1505 2634 1594 2722 Apo·

424 2735 508 2806 stoli
522 2741 624 2806 textu
639 2743 782 2828 propter
795 2737 982 2806 nonnullas
1005 2737 1248 2826 theologorum
1272 2736 1520 2824 dissensiones,
1539 2737 1596 2830 qui

424 2841 490 2909 hac
513 2841 551 2908 iu
574 2841 775 2932 quaestione
799 2841 902 2931 paulo
927 2842 1032 2912 aliter
1055 2841 1261 2934 loquuntur,
1287 2841 1356 2910 duo
1380 2842 1594 2914 animadver-

424 2953 559 3016 tantur.
585 2953 621 3034 α)
638 2949 755 3018 Sermo
779 2949 830 3018 ibi
852 2955 906 3018 est
928 2951 972 3019 de
995 2950 1074 3034 fide,
1101 2970 1188 3040 quae
1203 2949 1252 3016 sit
1267 2949 1594 3020 fundamentumiu-

427 3053 661 3138 stificatiouis,
688 3063 729 3125 ut
744 3055 937 3126 Concilium
961 3057 1075 3147 ipsum
1092 3055 1192 3124 Trid.
1211 3077 1295 3124 sess.
1312 3055 1375 3124 VI.
1395 3077 1471 3146 cap.
1490 3057 1525 3126 6.
1544 3057 1594 3125 de·

427 3159 590 3248 claravit;
616 3163 767 3254 adeoque
784 3187 852 3232 non
867 3171 985 3255 potest
999 3165 1086 3233 fides
1103 3162 1261 3260 intelligi
1278 3161 1401 3231 latiori
1418 3185 1525 3233 sensu
1538 3185 1595 3254 pro

427 3267 651 3358 persuasione
681 3275 718 3339 et
747 3272 876 3341 notitia
907 3273 973 3342 Dei
1003 3271 1145 3340 aliunde
1175 3291 1278 3363 quam
1310 3291 1353 3338 ex
1383 3271 1595 3342 revelatione

426 3374 587 3444 derivata
615 3377 676 3463 (oi.
706 3379 848 3468 Propos.
875 3379 931 3448 23.
972 3381 1064 3449 inter
1096 3380 1279 3448 damnatas
1310 3379 1354 3446 ab
1376 3376 1498 3448 Innoo.
1531 3377 1591 3446 XI.

430 3503 520 3551 auno
534 3482 663 3570 maa).
681 3485 714 3572 t)
727 3485 784 3556 Ab
798 3489 967 3579 Apostolo
983 3487 1199 3580 praecipitur
1213 3487 1299 3556 fides
1314 3485 1352 3554 in
1367 3485 1434 3554 Dei
1450 3487 1594 3556 existen·

428 3588 514 3658 tiam
536 3595 712 3683 tamquam
735 3595 922 3664 veritatem
944 3595 1147 3664 distinctam
1162 3596 1206 3662 ab
1223 3594 1305 3662 aliis
1321 3591 1403 3662 fidei
1419 3594 1590 3664 articulis.

494 3695 589 3786 Ergo
612 3699 686 3768 eine
708 3699 814 3768 dubio
836 3702 1025 3772 existentia
1047 3701 1112 3770 Dei
1136 3701 1337 3770 continetur
1354 3699 1393 3768 iu
1411 3703 1518 3770 verbo
1533 3699 1593 3770 Dei

431 3803 599 3888 revelato,
624 3825 665 3874 ao
688 3807 832 3896 proinde
855 3809 923 3878 fide
946 3809 1209 3900 supernaturali
1234 3807 1405 3878 credenda
1427 3813 1493 3876 est.

496 3911 547 3981 H.
571 3913 726 3984 Evidens
748 3915 814 3984 Dei
837 3916 1020 3985 existentis
1036 3917 1285 3986 demonstratio
1300 3922 1336 3985 et
1352 3919 1508 4008 cognitio
1525 3938 1593 4008 pro·

432 4017 555 4087 cedens
576 4041 619 4088 ex
640 4019 771 4088 lumine
793 4022 943 4092 rationis
966 4023 1105 4091 minime
1121 4023 1277 4114 impedit,
1297 4025 1481 4115 quominus
1498 4023 1591 4094 iutel-

431 4125 544 4194 lectus
567 4125 697 4196 lumine
713 4129 974 4220 supernaturali
996 4131 1078 4200 fidei
1107 4131 1313 4200 illustratus
1345 4155 1386 4202 ec
1419 4135 1592 4202 roboratus

433 4253 476 4300 ex
499 4231 695 4303 voluntatis
725 4237 1040 4327 supernaturaliter
1074 4239 1246 4308 excitatae
1281 4239 1426 4331 imperio
1458 4238 1593 4310 veritati

433 4338 542 4408 eidem
565 4343 780 4412 assentiatur
797 4359 942 4433 propter
972 4348 1211 4413 auctoritatem
1233 4347 1300 4414 Dei
1322 4348 1518 4417 revelantis.
1542 4346 1590 4416 ui-

434 4449 489 4516 cet
518 4446 609 4515 enim
632 4451 668 4535 a)
691 4450 862 4520 obiectum
891 4453 1071 4523 materiale
1101 4453 1150 4522 sit
1183 4476 1289 4523 uuum
1320 4454 1501 4548 idemque,
1527 4455 1591 4524 eius
