3240 5064
535 339 574 354 ..
593 308 656 370 225
677 341 715 355 ..

36 416 200 506 quomodo
223 415 398 488 intuitiva
419 417 512 486 visio
534 419 707 489 essentiae
730 419 809 505 Dei,
835 441 903 489 non
927 417 976 488 sit
998 439 1083 490 vero
1107 441 1214 492 sensu

37 524 297 615 comprehensio
321 525 504 595 essentiae.

95 631 185 702 Cum
210 634 371 726 vasquez
389 635 462 704 fere
486 636 665 728 conspirat
687 637 869 722 Petavius,
889 635 950 729 qni
973 637 1150 728 propriam
1170 659 1211 706 ao

36 740 215 810 formalem
238 742 409 811 rationem
431 742 863 835 incomprehensibilitatis
878 744 945 813 Dei
961 745 1102 814 tandem
1117 744 1155 814 in
1172 765 1212 814 eo

35 849 142 936 pouit,
169 849 264 941 quod
286 849 371 920 licet
394 849 488 919 beati
504 852 658 941 perfecte
680 857 718 921 et
740 857 909 944 quantum
925 851 970 921 ed
986 851 1208 942 comprehen-

37 957 163 1024 sionem
187 958 276 1027 satie
310 958 421 1045 foret,
440 959 585 1029 videant
620 959 736 1028 omnia
758 982 847 1053 quae
870 960 909 1028 in
931 957 1004 1028 Deo
1027 967 1112 1030 sunt
1129 961 1219 1050 sor-⁴

35 1066 186 1148 naliter,
209 1089 312 1136 anon
334 1073 451 1136 tamen
475 1073 690 1158 cognoscunt
712 1067 899 1154 universa,
926 1089 1013 1160 quae
1036 1068 1132 1138 Deus
1155 1068 1209 1137 in·

36 1173 136 1242 finita
153 1174 194 1246 vi
217 1198 282 1244 sua
309 1197 491 1266 procreare
517 1183 643 1269 potest.
665 1177 772 1248 »Neo
800 1177 875 1246 sine
903 1177 1051 1270 quadam
1079 1177 1212 1246 acerbi-

38 1286 107 1350 tate
124 1281 352 1372 reprehendit
380 1283 562 1374 theologos
577 1297 597 1371 ,'
612 1283 673 1380 qui
708 1284 752 1352 ad
787 1305 905 1353 veram
929 1284 1099 1354 rationem
1122 1305 1214 1353 com·

36 1388 275 1476 prehensionis
293 1419 311 1456 o
335 1397 517 1482 praeterea
539 1381 747 1484 requirunt,
767 1399 808 1462 ut
829 1397 932 1462 tanta
961 1393 1011 1462 sit
1040 1391 1211 1484 perfectio

37 1497 267 1584 cognitionis,
301 1507 433 1592 quanta
466 1504 521 1569 est
554 1499 592 1568 in
622 1500 754 1571 obiecto
790 1501 960 1592 perfectio
995 1501 1209 1592 cognoscibi-

37 1603 174 1694 litatis3
213 1607 271 1678 vel
306 1613 348 1676 ut
380 1615 452 1678 tam
487 1607 669 1699 perspicue
710 1615 850 1701 tamque
892 1609 1049 1699 perfecta
1089 1609 1209 1700 cogni·

39 1713 128 1782 tione
150 1714 410 1806 perspiciatur,
429 1737 532 1808 qnam
566 1738 609 1784 ex
640 1738 714 1786 sese
745 1715 914 1806 postulat.
946 1743 962 1780 n
988 1716 1063 1786 Hoc
1086 1715 1212 1786 deinde

41 1819 204 1890 Petavins
228 1821 329 1891 velut
351 1822 450 1892 aliud
473 1844 582 1914 agens
605 1845 644 1891 eo
667 1821 846 1909 deflectit,
864 1845 905 1892 ac
929 1821 960 1890 si
983 1822 1140 1914 theologi
1164 1822 1210 1891 ad

41 1925 214 1997 formalem
237 1929 410 1998 rationem
433 1927 749 2018 comprehensionis
782 1951 845 2020 per
879 1952 953 2000 sese
987 1929 1211 2020 postularent

41 2035 282 2128 aequalitatem
305 2037 539 2128 ontologicom
573 2060 634 2106 seu
669 2037 708 2106 in
743 2037 880 2106 ratione
904 2039 1000 2128 ,entis
1031 2037 1126 2106 inter
1156 2059 1209 2107 co·
1279 2071 1282 2076 ·

43 2144 226 2230 guitionem
249 2151 287 2214 et
308 2146 480 2215 obiectum
503 2145 798 2237 comprehensum
817 2146 908 2216 unde
933 2145 1007 2236 ipse
1030 2145 1132 2217 velut
1149 2168 1211 2236 per

44 2249 276 2322 deductionem
310 2254 355 2322 ad
384 2254 574 2322 absurdum
608 2253 805 2339 concludit,
835 2254 937 2323 iuxta
966 2252 1209 2344 theologorum

44 2359 303 2450 explicationem
324 2361 395 2430 iam
413 2391 430 2426 a
448 2361 640 2454 quemlibet
663 2361 897 2432 substantiam
932 2362 975 2430 ab
1002 2361 1100 2430 nullo
1135 2361 1208 2430 alio

46 2488 140 2558 quam
166 2491 187 2536 a
209 2469 282 2538 Dec
306 2469 548 2561 comprehendi
572 2493 694 2560 posse,
720 2492 760 2539 eo
783 2469 875 2562 quod
911 2469 1021 2538 omnis
1054 2468 1211 2560 cognitio

45 2581 349 2670 quantumcumque
373 2579 528 2669 perfecta
551 2579 711 2650 accidens
734 2585 799 2665 est,
819 2585 924 2670 atque
948 2577 1079 2648 idcirco
1102 2577 1209 2668 longo

47 2685 135 2754 abest
167 2686 358 2758 intervallo
393 2689 436 2756 ab
471 2686 671 2757 substantia
696 2715 712 2751 s
739 2687 862 2757 Petav.
888 2687 931 2756 de
964 2687 1036 2756 Deo
1067 2685 1093 2754 1.
1121 2685 1208 2756 VII.

48 2813 73 2859 c.
90 2792 123 2860 3.
140 2800 175 2862 et
195 2795 231 2862 4.

105 2901 154 2970 At
174 2902 337 2973 doctrina
358 2903 483 2972 horum
507 2903 750 2994 theologorum
773 2909 878 2996 atque
902 2903 996 2972 inter
1012 2923 1069 2972 eos
1083 2899 1211 2970 Didaci

49 3005 130 3077 Ruiz
144 3009 207 3098 (De
231 3010 380 3080 scientia
401 3011 468 3081 Dei
480 3011 570 3103 disp.
589 3011 684 3099 VI.),
703 3035 804 3105 quem
821 3011 990 3080 Petavius
1006 3008 1211 3078 nominatim

51 3113 231 3208 impugnat,
256 3117 361 3210 longe
384 3119 458 3188 alia
478 3125 554 3208 est;
581 3142 767 3212 eorumque
792 3119 940 3188 maxime
964 3139 1047 3188 vero
1065 3117 1102 3186 S.
1119 3115 1210 3186 Tho·

51 3245 113 3292 mee
133 3225 307 3317 principia
328 3226 367 3293 in
391 3226 611 3296 concilianda
633 3227 767 3296 visione
804 3226 977 3296 essentias
1000 3225 1066 3295 Dei
1101 3223 1211 3294 sicuti

52 3339 112 3418 est,
136 3356 211 3403 cum
234 3334 389 3404 eiusdem
420 3334 592 3404 essentiae
621 3333 1039 3426 incomprehensibilitate
1068 3355 1130 3402 nos
1159 3353 1211 3402 se·

54 3463 189 3530 qurnur.

108 3547 304 3640 Explicatio
328 3555 444 3619 autem
466 3549 519 3619 ita
542 3549 658 3618 habet.
684 3549 784 3619 Visio
817 3549 881 3618 ille
914 3550 1017 3618 beate
1050 3547 1212 3618 admittit

55 3655 171 3742 gadas
191 3657 230 3724 in
252 3657 487 3742 indefinitum,
505 3657 560 3726 ita
582 3664 624 3727 ut
645 3681 778 3748 semper
795 3657 868 3725 alia
882 3663 920 3726 et
935 3657 1007 3725 alio
1021 3654 1211 3748 perfectior

56 3761 95 3828 sit
113 3765 307 3854 possibilis,
334 3765 620 3858 quemadmodum
644 3771 726 3834 ectu
751 3767 788 3834 in
814 3765 925 3836 beatis
947 3765 1123 3834 mentibus
1146 3785 1210 3854 pro

56 3867 188 3942 diserds
210 3873 380 3964 gradibus
403 3871 590 3943 charitatis
621 3873 713 3944 visio
746 3873 854 3942 habet
887 3872 1046 3942 diversos
1076 3869 1211 3962 gradus

57 3981 263 4066 perfectionis
290 3981 424 4070 (S.'Ph.
442 3981 475 4050 1.
495 4008 529 4074 q.
548 3982 603 4052 12.
627 4005 660 4050 a.
676 3983 739 4070 6.).
765 3983 844 4052 Non
860 3987 1057 4073 spectamus
1080 3982 1211 4052 directe

60 4087 172 4172 gradus
200 4089 425 4182 perfectionis
457 4092 494 4158 in
528 4090 606 4182 ipsa
633 4091 783 4162 eutitate
815 4091 986 4176 visionis,
1014 4113 1081 4182 quo
1112 4089 1211 4159 modo

61 4189 139 4264 Dens
166 4197 343 4288 cognoscit
372 4197 479 4266 etiam
509 4197 681 4266 obiectum
712 4197 851 4266 finitum
882 4197 1019 4266 visione
1049 4195 1209 4282 infinita3

64 4301 110 4370 sed
136 4311 325 4394 spectamus
351 4303 389 4372 in
420 4304 555 4374 visione
583 4305 764 4373 beatorum
798 4303 931 4394 gradus
960 4302 1144 4395 possibiles
1174 4300 1212 4368 in

64 4405 260 4484 indefinitum
286 4411 537 4504 perfectiores,
567 4417 739 4504 quatenus
767 4411 862 4482 Deus
893 4409 1065 4481 obiectum
1096 4407 1212 4478 infini-

183 4539 340 4596 Frosmliss
1034 4535 1068 4594 1⁵
