3230 5072
528 391 566 406 ..
586 359 644 422 381
667 391 705 406 ..

29 462 156 532 ationis
176 463 218 533 in
243 463 542 556 comprehensione
572 465 713 536 divinae
743 463 914 534 essentiae
944 463 1196 535 determinetns

27 575 89 652 est,
113 577 160 638 ut
180 569 221 638 in
236 570 387 640 essentia
412 577 589 662 tamqnam
603 572 642 640 in
665 571 753 642 Esse
766 570 936 656 absoluto,
954 571 992 640 in
1007 571 1196 663 exemplari

27 675 179 763 infinito,
196 680 235 748 in
258 679 390 748 aotueli
413 679 729 769 repraesentatione
745 679 855 748 omnis
878 679 953 748 veri
980 679 1084 748 simul
1109 701 1195 749 com·

27 786 232 872 prehendet,
257 785 426 878 quidquid
456 786 562 857 habet
590 787 758 856 rationem
785 787 861 856 veri
891 785 959 872 (th.
976 786 1193 873 XXXVII.).

26 891 90 960 Est
104 915 193 983 ergo
213 893 336 962 divine
346 894 498 962 essentie
509 893 667 964 formalis
679 893 770 963 ratio
783 895 846 962 snb
858 917 926 986 qna
939 892 1197 984 comprehendit

26 999 118 1070 Deus
135 1002 286 1095 quodvis
302 1025 435 1090 verum;
454 1025 522 1071 non
538 1009 653 1072 antem
670 1003 840 1073 obiectum
856 1003 1060 1072 distinctum
1076 1026 1098 1071 e
1124 1004 1196 1072 Deo

27 1107 61 1175 in
82 1107 305 1179 intellectum
327 1109 485 1178 divinum
508 1111 598 1200 egit,
624 1110 759 1179 sivein
783 1110 884 1178 illum
907 1110 1195 1180 modificationem

27 1213 184 1300 inducit,
211 1237 299 1307 quse
320 1215 377 1284 illi
400 1215 496 1285 actui
520 1215 747 1285 substantiali
769 1215 872 1306 plano
894 1221 1079 1307 repugnat.
1098 1217 1195 1307 Ergo

29 1321 200 1391 obiectum
216 1343 238 1388 e
251 1321 324 1390 Deo
337 1315 541 1390 distinctum
555 1345 618 1391 neo
634 1321 771 1412 perficit
789 1345 851 1391 nec
864 1322 1073 1392 determinet
1086 1322 1194 1392 scien-

29 1427 113 1495 tisrn
135 1429 216 1516 Dei;
234 1428 293 1498 sed
311 1451 371 1519 per
385 1429 571 1498 essentiam
593 1435 629 1498 et
643 1429 680 1497 in
697 1429 848 1498 essentia
863 1450 927 1498 sua
942 1435 1118 1520 temquem
1134 1452 1194 1520 per

31 1534 199 1604 obiectum
227 1535 371 1604 formale
400 1533 494 1605 Deus
524 1535 776 1606 determinatus
804 1542 861 1605 est
889 1535 934 1604 ad
965 1535 1195 1625 cognitionem

31 1643 140 1710 omnis
157 1643 233 1711 veri
255 1641 360 1711 etiam
376 1664 398 1709 e
410 1665 448 1712 se
463 1642 635 1712 distincti.
653 1643 727 1712 Hoc
754 1641 821 1710 sibi
844 1641 1032 1711 voluerunt
1054 1641 1194 1712 Schola

32 1747 121 1832 stici,
136 1747 274 1839 qnando
291 1749 468 1818 dixerunt:
486 1749 582 1818 Dens
593 1771 661 1818 non
674 1747 848 1838 intelligit
858 1771 915 1817 res
926 1770 948 1816 a
960 1771 996 1818 se
1007 1749 1196 1818 distinctus

31 1875 86 1942 per
101 1855 237 1944 species
248 1855 408 1946 proprias
422 1879 551 1942 rerum,
566 1856 625 1926 sed
638 1878 699 1946 per
711 1875 808 1924 suem
820 1857 1005 1926 essentiam
1017 1863 1194 1949 tamquam

33 1981 87 2047 per
121 1961 271 2051 speciem
304 1961 564 2052 intelligibilem
599 1963 994 2051 (repraesentationem)
1029 1964 1193 2051 omnium;

35 2065 187 2160 idemque
210 2074 290 2158 post
311 2069 400 2137 elios
422 2071 547 2139 Patres
569 2070 747 2141 illustrius
762 2071 936 2160 expressit
951 2069 988 2139 S.
1006 2071 1195 2141 Anselmns

34 2171 155 2247 lionol.
175 2200 206 2244 c.
224 2176 280 2246 32.
301 2204 318 2240 a
336 2177 489 2249 Verbum
517 2203 584 2272 quo
607 2181 701 2248 Deus
724 2184 919 2248 creaturam
943 2177 1042 2263 dicit,
1068 2199 1194 2271 neque·

37 2305 131 2372 quem
153 2284 317 2355 similiter
344 2295 399 2357 est
422 2289 565 2358 verbum
597 2294 795 2372 creaturae,
822 2287 904 2379 quia
934 2309 1003 2356 non
1033 2293 1088 2354 est
1117 2285 1194 2356 eius

37 2387 222 2462 similitudo
244 2393 302 2478 (eb
324 2415 365 2461 ec
393 2393 582 2478 derivate),
600 2393 659 2462 sed
675 2393 883 2484 principalis
897 2394 1060 2481 essentis3
1079 2415 1193 2462 conse·

39 2497 150 2585 quitur
165 2499 295 2588 igitur,
312 2505 354 2566 ut
368 2499 480 2588 ipsem
503 2505 698 2569 creaturam
720 2523 790 2569 non
813 2500 909 2570 dicat
931 2502 1036 2569 verbo
1060 2507 1193 2568 oreatu-

38 2623 144 2672 rae....
163 2604 204 2674 Si
225 2627 308 2695 ergo
331 2605 424 2684 nibil
446 2606 536 2676 dicit
558 2609 662 2676 verbo
689 2613 881 2691 creeturee,
900 2607 1068 2700 quidquid
1092 2606 1191 2691 dicit,

41 2708 145 2781 Verbo
167 2735 230 2782 sno
253 2713 389 2784 dicits»
407 2715 490 2784 Alio
512 2715 611 2784 modo
634 2715 723 2784 idem
746 2715 919 2785 declarari
949 2720 1074 2806 potest.
1093 2713 1195 2783 Sicut

40 2815 152 2888 divine
173 2820 317 2906 volitio,
343 2845 430 2914 ques
452 2845 495 2892 ex
519 2845 592 2892 sese
615 2823 846 2893 determinate
867 2828 922 2892 est
943 2823 989 2891 ed
1011 2821 1193 2890 amandum

41 2924 154 2995 bonum
176 2928 373 2997 absolutum
397 2929 487 3021 quod
503 2937 558 2998 est
585 2929 709 2999 divine
723 2930 886 3016 essentie,
907 2929 1033 3022 absque
1049 2927 1105 2997 sui
1121 2951 1193 2998 mu·

41 3035 162 3104 tatione
185 3035 346 3126 protendi
368 3041 484 3126 potest
498 3036 542 3105 ed
558 3035 705 3105 emenda
720 3037 759 3106 in
775 3037 850 3128 ipso
874 3041 910 3106 et
925 3042 1065 3127 propter
1080 3035 1193 3125 ipsum

43 3137 152 3210 bonum
175 3141 374 3212 obsolutum
397 3144 485 3211 bona
506 3142 738 3234 perticipata3
764 3144 817 3212 ita
846 3144 970 3213 divine
999 3141 1194 3212 intellectio

42 3265 75 3312 ex
95 3271 165 3318 sese
196 3249 426 3318 determinate
456 3249 500 3318 ed
530 3250 798 3340 intelligendum
830 3250 1026 3318 absolutum
1057 3269 1191 3333 verum,

43 3356 252 3438 protenditur
281 3358 409 3448 absque
438 3362 625 3446 augmento
655 3379 738 3426 suus
768 3357 996 3447 perfectionis
1023 3356 1068 3426 ad
1098 3378 1194 3426 omne

44 3481 146 3530 vorum
171 3463 445 3552 cognoscendum
460 3463 498 3532 in
513 3463 589 3553 ipso
606 3487 688 3533 vero
709 3464 879 3533 absoluto.
900 3493 917 3528 a
934 3465 1011 3534 Non
1034 3464 1139 3533 aliter
1153 3487 1194 3532 ea

44 3568 136 3639 scivit
150 3579 269 3640 create
281 3593 383 3662 quam
396 3571 556 3659 creenda;
571 3594 639 3639 non
658 3573 749 3640 enim
760 3573 836 3641 eins
855 3573 1048 3662 sapientise
1059 3572 1194 3665 aliquid

45 3680 175 3748 occessit
203 3699 245 3747 ex
275 3678 346 3762 eis,
378 3679 437 3748 sed
465 3679 540 3746 illis
569 3679 803 3748 existentibus
833 3680 926 3749 sicut
956 3681 1137 3770 oportebat
1158 3685 1195 3748 et

46 3785 165 3872 quondo
179 3787 371 3876 oportebat,
388 3787 454 3854 ille
479 3787 684 3878 permensit,
704 3793 846 3855 uteret.
866 3787 924 3856 Ite
947 3787 1116 3876 scripturn
1139 3791 1194 3854 est

47 3888 170 3962 inlibro
184 3893 440 3963 Ecclesiestici:
452 3900 639 3986 antequem
656 3900 870 3979 crearentur,
886 3895 1000 3962 omnia
1011 3898 1094 3961 note
1109 3897 1194 3961 sunt

47 3993 101 4082 illi,
109 4002 157 4069 sio
168 4009 205 4070 et
215 4007 396 4098 postquem
410 4007 646 4070 consummate
658 4006 752 4070 sunt.
768 4002 837 4084 Sic,
850 4001 980 4094 inquit,
995 4023 1063 4069 non
1074 3999 1191 4085 aliter,

49 4108 76 4170 et
92 4113 270 4200 antequem
293 4114 496 4178 crearentur
522 4116 558 4178 et
580 4116 762 4202 postquam
778 4113 1016 4178 consummate
1031 4113 1128 4193 sunt,
1145 4109 1195 4176 sic

51 4208 75 4276 si
92 4218 167 4281 note
181 4219 296 4284 snntn
311 4213 348 4284 S.
359 4215 454 4305 Aug.
471 4214 571 4285 Trin.
585 4215 665 4285 XV.
681 4237 711 4284 c.
722 4213 776 4282 13.
791 4213 846 4284 cf.
861 4213 986 4284 Genes.
1000 4213 1045 4282 ed
1057 4213 1132 4284 litt.
1145 4215 1191 4284 V.

53 4335 76 4382 c.
89 4317 136 4405 18;
153 4319 230 4390 Giv.
248 4320 315 4390 Dei
328 4320 375 4390 X.
392 4345 423 4391 c.
443 4321 498 4391 12.
517 4321 607 4393 Vide
640 4323 707 4392 PP.
727 4321 922 4390 doctrinam
960 4320 1193 4413 superiorein
1308 4361 1317 4390 ι

53 4419 126 4492 tbesi
138 4425 322 4498 XXXVII.
340 4427 394 4498 cf.
411 4450 498 4521 quce
513 4429 667 4500 diximus
681 4443 716 4521 p.
735 4429 814 4498 307.
826 4451 902 4521 sqq.
