3394 5056
618 410 655 423 -
678 378 715 438 51
739 411 776 424 ...

115 481 432 574 stiubolligendam
455 483 567 574 legem
592 484 754 552 moralem
779 485 933 574 positiva
957 483 1171 554 revelatione
1207 509 1282 576 pro-

114 591 264 678 positam
292 591 354 660 sed
379 592 451 659 vim
475 593 645 676 rationis,
674 601 713 660 ut
737 594 860 660 bonum
885 599 922 661 et
943 593 1072 660 melum
1096 595 1225 662 morale
1248 603 1284 664 et

114 697 246 786 proinde
270 699 449 788 principia
473 699 618 768 moralia
632 708 668 767 et
679 699 874 766 absolutam
898 701 990 789 legis
1006 701 1181 768 naturalis
1197 701 1280 770 obli·

113 805 277 894 gationem
303 829 368 874 suo
391 805 523 874 lumine
547 807 637 874 citra
662 806 928 896 propositionem
952 809 1124 896 positivae
1149 809 1279 876 revela-

112 911 207 980 tionis
232 911 357 980 valeat
380 912 596 1002 intelligere.
622 913 721 982 Unde
745 913 922 1002 praeclare
947 914 1194 982 Tertullianus
1218 915 1281 1002 (de

112 1041 213 1086 coron.
241 1019 351 1090 milit.
380 1045 411 1089 c.
430 1021 487 1106 6.)
511 1022 574 1103 ait,
593 1027 629 1089 et
645 1021 751 1109 lupam
767 1021 961 1087 naturalem
977 1045 1051 1091 esse
1067 1029 1103 1090 et
1117 1036 1280 1088 nutrirem

112 1126 258 1214 lepelem,
277 1127 317 1196 h.
335 1151 368 1194 e.
386 1128 592 1196 rationalem
616 1135 780 1198 naturam
804 1131 916 1218 ipsam
942 1130 979 1197 vi
1004 1152 1068 1198 sua
1091 1153 1165 1198 esse
1188 1130 1279 1220 legis

113 1234 322 1324 magistram.
348 1235 458 1303 Porro
481 1235 543 1326 qui
565 1236 697 1304 lumine
721 1237 870 1304 rationis
893 1237 1066 1326 iutelligit
1096 1237 1279 1326 obligatio·

111 1363 175 1407 nem
197 1341 241 1410 ad
266 1341 456 1411 vitandum
480 1343 608 1426 malum
632 1343 760 1412 morale
783 1351 819 1411 et
841 1345 966 1411 bonum
988 1343 1197 1427 faciendum,
1215 1342 1279 1413 hoo

112 1447 176 1538 ipso
195 1447 377 1539 intelligit
392 1449 482 1518 hano
498 1451 743 1540 obligationem
761 1451 879 1520 valere
896 1475 958 1541 pro
975 1453 1101 1544 quavis
1117 1457 1279 1520 creatura

112 1555 277 1642 rationali,
306 1565 343 1626 et
366 1578 441 1625 esse
464 1557 709 1649 obligationem
734 1559 927 1626 absolutam
959 1581 1111 1648 semper,
1137 1558 1276 1650 ubique,

112 1663 167 1730 sub
182 1663 311 1754 quavis
328 1661 519 1754 hypothesi
540 1665 826 1754 obstringentem.
853 1665 1026 1734 Nimirum
1047 1665 1276 1755 intelligitur,

112 1769 198 1838 nulle
211 1793 314 1860 posse
329 1793 406 1839 esse
422 1773 602 1856 adiuncta,
617 1771 653 1840 in
671 1773 798 1864 quibus
814 1797 883 1842 non
900 1779 1038 1841 maneat
1052 1773 1277 1842 strictissima

112 1887 278 1947 creaturae
304 1879 493 1948 rationalis
516 1879 685 1970 obligatio
710 1881 847 1950 vitandi
870 1881 998 1948 malum
1031 1871 1182 1966 morale;
1208 1902 1276 1949 nou

113 1995 209 2055 sutem
226 1987 307 2056 ideo
322 1994 489 2076 negatur,
508 2011 606 2078 posse
630 2011 704 2056 esee
728 1995 841 2073 aetus,
861 1989 973 2080 quiin
995 1989 1199 2080 quibusdam
1217 1989 1275 2058 ad·

113 2093 227 2162 iunctis
242 2095 344 2179 mali,
364 2096 402 2164 in
417 2095 500 2164 aliis
520 2096 698 2165 adiunctis
716 2095 800 2163 mali
816 2120 884 2165 non
902 2097 986 2178 sint,
1005 2097 1087 2188 quia
1103 2096 1188 2165 licet
1211 2119 1276 2166 ma-

115 2201 271 2271 terialiter
287 2203 396 2271 iidem
410 2203 447 2271 in
460 2203 584 2271 morali
606 2210 722 2272 tamen
735 2203 856 2272 ordine
871 2227 912 2271 ex
930 2203 1137 2272 diversitate
1153 2203 1275 2273 adiun-

114 2318 230 2378 cturum
246 2319 334 2380 sunt
361 2311 506 2378 diversi.
524 2309 638 2379 Multo
662 2311 767 2380 etiam
803 2311 919 2378 minus
952 2334 1013 2400 per
1044 2311 1275 2400 cognitionem
1352 2299 1358 2312 ’

115 2418 302 2486 rationalem
320 2418 550 2506 obliputionis
573 2418 751 2484 abaciacus
773 2421 837 2486 sub
860 2417 986 2509 quovis
1010 2417 1198 2507 hypothesi
1221 2418 1276 2488 ob·

23 2502 28 2519 ⁸
113 2524 306 2614 stringentis
330 2525 569 2615 significatur,
586 2535 626 2594 ut
649 2548 730 2593 sane
753 2525 868 2616 lepide
904 2526 987 2593 haec
1017 2533 1136 2592 nostra
1169 2526 1276 2598 verba

114 2631 354 2721 interpretatus
375 2641 430 2702 est
452 2633 618 2724 nobisque
641 2633 868 2724 exprobravit
884 2635 1034 2722 scriptor
1058 2632 1119 2700 ille
1142 2655 1274 2725 anony-

115 2761 185 2822 nue,
208 2741 406 2832 amplitudo
430 2740 642 2830 cognitionis
653 2741 839 2809 rationalis
863 2742 954 2811 eitra
978 2739 1225 2810 revelationem
1237 2744 1273 2810 in

114 2853 178 2915 sctn
199 2849 352 2917 secundo
375 2847 480 2916 facile
513 2847 701 2937 parabilis,
724 2870 813 2939 quae
836 2872 909 2917 sese
932 2849 1099 2917 extendat
1130 2849 1174 2918 ad
1198 2853 1273 2920 uni·

115 2975 230 3023 uersam
254 2957 370 3047 legem
394 2956 556 3024 moralem
574 2964 609 3023 et
626 2955 668 3024 ad
685 2956 799 3024 omnia
812 2957 980 3026 adiuncta
995 2957 1269 3042 determinanda,

115 3061 165 3128 snb
178 3063 301 3154 quibus
317 3072 421 3131 octus
434 3063 581 3131 morales
598 3063 671 3131 siut
695 3063 773 3131 boni
797 3069 859 3132 aut
883 3064 976 3132 mali.

166 3169 254 3239 llaec
277 3169 438 3260 cognitio
453 3170 543 3260 legis
561 3171 758 3242 formaliter
775 3179 816 3239 ut
833 3171 923 3261 legis
938 3173 1098 3242 absolute
1115 3173 1270 3266 obligas,

114 3275 232 3344 tisiam
254 3277 468 3363 includitur,
488 3284 529 3346 ut
544 3279 632 3362 dixi,
651 3279 687 3346 in
705 3280 781 3368 ipsa
805 3279 1003 3368 cognitione
1027 3280 1106 3349 boni
1129 3291 1165 3350 et
1189 3283 1271 3352 meli

116 3384 245 3454 nonalis.
271 3385 423 3476 Insuper
449 3409 531 3455 vero
553 3386 745 3476 Apostolus
776 3387 906 3456 diserte
937 3387 1037 3456 docet
1065 3390 1269 3459 rationalem

116 3490 326 3578 coguitionem
351 3492 443 3581 legis
465 3493 577 3583 ipsius
609 3494 768 3562 absoluta
800 3494 992 3583 obligantis
1027 3495 1102 3580 ita,
1129 3504 1170 3565 ut
1193 3519 1269 3566 con·

117 3597 241 3667 seientia
263 3601 405 3693 aliquos
428 3609 528 3670 actus
551 3610 695 3672 tueatur
710 3625 772 3671 oeu
791 3605 906 3687 bonos,
925 3603 1013 3672 alios
1037 3604 1195 3674 absolute
1211 3605 1269 3675 da·

117 3713 195 3774 unet
209 3731 269 3778 cen
283 3709 396 3778 rnalos
411 3711 659 3800 approbatione
682 3719 718 3777 et
740 3711 1024 3780 condemnatione
1049 3712 1208 3782 valitura
1231 3714 1267 3784 in

118 3809 178 3898 ipsu
197 3817 289 3902 «die,
317 3841 398 3886 cum
419 3817 594 3886 iudicabit
615 3819 710 3886 Deus
727 3819 866 3888 occulte
881 3819 1057 3888 homiuum
1076 3843 1136 3909 per
1152 3821 1266 3889 Iesum

119 3913 275 3991 Christum
292 3951 310 3985 n
329 3923 392 4009 (1).
457 4025 463 4038 Ι

165 4115 202 4193 (l)
215 4123 313 4178 Potest
332 4123 446 4192 quidem
465 4139 528 4178 cunr
554 4125 687 4191 pluribus
706 4125 917 4193 interpretibus
938 4143 965 4180 v.
982 4127 1025 4181 le.
1047 4129 1182 4195 coniungi
1206 4145 1267 4184 eum

120 4207 191 4260 alt:
205 4213 347 4268 ulsetores
366 4213 441 4278 legis
460 4213 695 4267 lustlflcsbuntur
712 4215 744 4267 in
765 4215 828 4282 dle,
848 4231 910 4270 cunr
935 4216 1077 4272 iudicetis
1094 4219 1183 4286 Deus,
1197 4240 1210 4266 s
1225 4219 1269 4275 ite

121 4296 146 4346 11
158 4303 505 4358 veterasceremus
528 4303 731 4372 parenthesin,
751 4304 910 4358 cuiusmodi
935 4305 1108 4362 difficiliores
1126 4309 1267 4363 orationis
1330 4323 1332 4328 ·

120 4379 318 4456 interruptiones
337 4409 355 4446 s
372 4391 453 4458 stylo
477 4391 560 4444 Pauli
586 4407 643 4444 non
669 4395 739 4446 sunt
761 4407 878 4460 prorsus
904 4394 1026 4448 alienae.
1050 4397 1147 4462 Longo
1173 4395 1268 4452 tamen

122 4474 278 4534 'summum
302 4483 372 4534 mihi
399 4481 517 4534 videtur
541 4483 703 4534 coniunctio
730 4498 791 4534 oum
819 4481 981 4536 immediate
1008 4486 1264 4539 antecedentibus:

1143 4593 1160 4626 Ο
