3224 5068
512 381 550 394 -
572 349 634 412 299
654 381 692 394 ..

48 455 154 520 fornas
176 453 214 520 in
230 453 303 522 Dso
325 475 400 524 esso
425 455 583 543 putabat,
602 460 645 522 ut
658 455 753 524 Deus
769 476 838 523 non
855 456 905 523 sit
927 457 1194 549 unumquodque

46 584 77 628 er
95 561 275 629 attributis
298 584 385 654 quae
401 585 463 630 nos
487 562 752 652 distinguimus,
772 585 835 632 nec
858 563 1033 632 attributa
1057 564 1199 653 singula
1298 599 1302 609 ·

46 669 102 736 sint
122 669 225 738 Deus.
246 670 415 738 Doctrina
438 670 534 755 hacc,
553 671 708 762 inquam,
727 671 859 740 abolita
874 680 986 741 estex
1010 672 1197 763 principio,

45 775 116 863 quod
140 799 306 846 asumma
328 787 365 846 et
386 779 543 847 increata
565 786 695 848 natura
718 801 806 870 qnae
829 787 885 849 est
908 781 1066 849 Trinitas
1089 781 1197 864 Deus,

45 881 116 950 hanc
142 884 211 952 sibi
244 885 404 954 vindicat
437 909 565 955 meram
596 886 879 980 singularemque
911 911 994 957 suae
1025 887 1198 956 aasentias

45 991 298 1080 simplicitatem,
324 998 455 1062 utnon
480 993 578 1063 aliud
601 1001 638 1063 ct
659 995 802 1066 aliud...
818 996 1022 1065 inveniatur
1044 995 1082 1062 in
1099 1017 1197 1064 ea....

43 1099 129 1166 Absit
150 1106 190 1167 ut
212 1101 386 1170 assentiat
415 1101 590 1172 catholica
611 1102 795 1188 Ecclesia,
821 1124 895 1171 esse
919 1103 1086 1171 videlicet
1116 1102 1195 1170 sub·

44 1207 187 1273 stantiam
211 1207 272 1275 vel
295 1208 449 1300 aliquam
481 1209 619 1277 omnino
642 1232 738 1294 rem,
765 1233 835 1302 qua
856 1211 953 1278 Deus
969 1209 1029 1294 sit,
1049 1216 1085 1277 et
1108 1231 1198 1301 quaa

42 1313 160 1381 nonsit
182 1315 280 1384 Deus
294 1342 311 1376 n
338 1315 390 1402 (S.
412 1315 583 1384 Bernard.
610 1315 755 1384 incant
778 1339 880 1385 serm.
900 1317 957 1384 80.
975 1339 1010 1383 n.
1030 1315 1110 1400 5-8,
1135 1316 1196 1383 ubi

43 1427 132 1488 contr
146 1421 348 1491 Gilbertum
372 1422 559 1513 disputat).
585 1425 678 1492 Hinc
701 1423 919 1514 intelligitur
941 1423 1091 1492 Consilii
1114 1421 1196 1491 deli·

44 1527 124 1610 nitio,
148 1535 189 1596 ut
213 1551 291 1596 eam
314 1529 454 1621 quidem
476 1533 587 1601 refert
601 1531 684 1600 Otto
706 1529 959 1620 Frisiugeusis,
981 1553 1055 1599 cna
1078 1529 1199 1621 aliqua

43 1633 115 1701 ratio
135 1634 172 1702 in
194 1635 377 1726 theologia
409 1638 503 1706 inter
532 1647 697 1708 naturam
720 1645 756 1706 at
778 1659 958 1727 personam
989 1637 1189 1720 divideret,

44 1761 109 1808 rere
122 1741 216 1810 Dans
232 1741 357 1812 divina
379 1744 532 1813 essentia
555 1745 731 1814 diceretur
754 1766 796 1813 ex
820 1765 925 1811 sensu
947 1742 1099 1811 ablativi
1115 1748 1193 1810 tan·

45 1853 100 1912 tum
120 1848 179 1918 sed
202 1849 312 1918 etiam
336 1849 557 1936 nominativi,
575 1879 592 1914 n
618 1850 654 1919 h.
669 1873 699 1920 e.
717 1873 787 1918 non
810 1850 922 1918 solum
945 1851 1040 1919 Deus
1064 1849 1196 1918 deitato

45 1953 88 2021 nd
107 1955 208 2024 etiam
234 1956 362 2026 deitas.

93 2063 155 2130 Diu
178 2072 263 2134 ante
286 2063 351 2132 has
375 2063 644 2150 controversias,
670 2066 731 2133 ubi
754 2063 886 2133 directe
912 2065 986 2132 aab
1008 2063 1197 2133 haereticis

44 2187 95 2234 nou
114 2189 133 2234 a
154 2169 352 2239 dialecticis
366 2198 383 2232 n
402 2170 632 2258 (Bernardus)
649 2170 726 2259 ipsa
740 2169 808 2238 Dei
831 2191 965 2238 summa
988 2169 1197 2260 simplicitas

45 2273 214 2345 indubium
231 2279 437 2363 vocabatur,
456 2279 582 2347 Patres
597 2278 734 2347 vetusti
749 2278 918 2362 Basilius,
936 2276 1194 2362 Nazianzenus,

45 2378 213 2468 lucanus,
232 2383 518 2473 Chrysostomus,
536 2383 697 2474 Gyrillus
712 2385 845 2475 aliique
860 2384 1001 2473 legendi
1025 2385 1119 2474 apud
1134 2385 1196 2452 Pe·

45 2489 154 2558 tavium
176 2492 202 2559 l.
217 2491 270 2559 11.
285 2515 316 2560 c.
330 2493 365 2559 4.
383 2497 420 2561 et
431 2491 464 2559 6.
476 2515 511 2560 n.
526 2492 559 2560 9.
576 2514 669 2584 seqq.
685 2491 828 2560 eandem
852 2490 1114 2581 simplicitatem
1130 2491 1197 2560 Dei

47 2600 241 2668 assumebant
256 2605 434 2690 tamqnam
453 2599 678 2689 principium,
693 2621 761 2689 quo
773 2597 944 2666 haeresim
956 2598 1125 2666 Arianam
1139 2619 1196 2688 op-

45 2707 234 2790 pugnabant.
252 2705 473 2775 Athanasius
489 2729 539 2775 or.
554 2706 600 2776 V.
618 2707 699 2776 adv.
718 2707 860 2793 Arian.;
875 2705 987 2773 Basil.
1002 2713 1115 2774 contr.
1134 2703 1195 2772 Sa·

46 2806 105 2876 bell.
115 2811 200 2882 hom.
211 2814 270 2901 273
285 2813 445 2904 Cyrillus
457 2814 628 2882 Thesaur.
643 2814 743 2901 XIV;
754 2813 944 2902 Dialog.V.
955 2811 997 2881 de
1007 2811 1121 2897 Trin.;
1131 2810 1197 2878 Da·

45 2936 126 2985 uasa.
138 2919 217 2989 Fid.
232 2920 371 2989 orthod.
390 2921 421 2989 Ι.
437 2919 492 2988 18.
511 2920 692 2989 verissime
707 2931 743 2989 et
759 2919 989 2988 subtilissime
1013 2939 1197 3007 argumen-

44 3031 153 3095 tantur.
162 3029 282 3097 Filius
293 3028 330 3096 in
343 3027 538 3118 Scripturis
550 3027 682 3097 dicitur
694 3028 879 3118 sapientia,
891 3026 1069 3110 voluntas,
1081 3025 1197 3094 virtus

45 3128 148 3219 Patris,
166 3135 273 3204 simul
289 3158 372 3205 vero
388 3159 409 3203 a
423 3135 529 3204 Patre
544 3135 747 3204 distinctus:
765 3156 861 3224 ergo,
879 3133 1051 3217 inferunt,
1070 3131 1128 3201 vel
1143 3135 1197 3200 est

46 3241 192 3326 sapientia
214 3243 428 3328 subsistens,
452 3249 527 3312 tum
557 3265 640 3313 vero
665 3243 760 3311 Deus
783 3249 854 3330 est;
883 3241 941 3309 vel
964 3246 1018 3309 est
1042 3238 1197 3330 qualitas

46 3339 203 3418 inhaerens
229 3349 354 3435 Patri,
381 3357 457 3418 tum
481 3373 565 3420 varo
591 3351 686 3418 Deus
710 3355 764 3418 est
786 3347 1011 3438 compositus,
1039 3345 1130 3439 quod
1153 3368 1195 3415 ex

46 3453 171 3523 omnium
195 3457 411 3525 confessione
437 3461 492 3525 est
518 3455 707 3524 absurdum
724 3454 786 3542 (1).
814 3455 1000 3522 Praeterea
1016 3451 1195 3521 subdolam

47 3561 269 3632 consessionem
283 3563 497 3632 Asianorum
513 3563 722 3648 docentium,
743 3591 760 3628 a
777 3562 910 3631 Filium
927 3583 1002 3630 ease
1018 3583 1060 3630 ex
1076 3561 1194 3644 Patro,

46 3684 99 3732 nun
112 3675 220 3739 tamen
235 3694 278 3739 ex
295 3669 494 3739 substantia
509 3665 557 3754 <ia
575 3691 628 3742 της
644 3665 757 3754 aenas)
773 3668 892 3736 Patris
905 3695 922 3730 n
936 3667 1072 3736 refellit
1083 3665 1196 3734 Atha·

48 3773 144 3844 nasius
158 3777 199 3866 (l.
220 3779 263 3847 de
286 3777 439 3866 Synodis
463 3781 499 3845 et
521 3776 547 3844 l.
569 3777 612 3845 de
635 3775 785 3846 decretis
810 3775 975 3862 Nicaen.)
999 3772 1197 3842 deducendo

49 3882 229 3950 ualentiam
245 3884 290 3952 ad
306 3883 516 3966 absurdum,
542 3881 644 3952 cuius
666 3882 772 3950 etiam
795 3880 949 3948 Arianos
965 3879 1124 3970 puderet,
1144 3878 1195 3947 vi·

50 3977 152 4056 debeat
171 3991 215 4060 ad
237 3991 460 4081 negationem
483 3989 696 4059 omnimodae
718 3987 958 4078 simplicitatis
980 3985 1018 4054 in
1033 3985 1126 4072 Deo;
1145 4007 1196 4054 se·

169 4267 195 4302 cu
233 4269 260 4302 σι
297 4269 341 4302 aas
359 4267 391 4302 σο
416 4268 499 4300 suam
523 4250 632 4318 δυναμις
650 4244 663 4299 c'
683 4243 737 4308 ὑιος
753 4239 810 4300 iuri
834 4263 879 4296 roo
897 4261 1007 4314 πατρος,
1026 4240 1055 4295 o'u
1075 4261 1128 4314 χρη
1144 4261 1197 4310 ’γαρ

69 4345 101 4380 ‘⁸
146 4356 171 4389 ra
204 4357 247 4391 sco
269 4357 409 4404 ausaausa,
427 4335 471 4392 isa
488 4355 527 4406 μη
542 4332 670 4390 runbecca
688 4329 799 4402 irrupere
818 4327 898 4386 duros
913 4328 942 4399 ἕξ
958 4327 1051 4391 durrat
1067 4349 1110 4383 και
1125 4347 1197 4382 ποιο-
