3292 5062
904 343 943 358 ..
966 314 1023 374 154
1044 345 1082 360 .-

481 419 527 486 2⁰.
546 419 755 508 Nepotioaeo
777 441 846 487 non
868 440 907 486 eo
923 419 1112 508 pertinent,
1138 425 1179 486 ut
1201 417 1238 484 in
1262 417 1334 484 Deo
1350 417 1463 482 omnis
1481 415 1600 504 perie-

415 525 541 593 ctionis
564 525 780 614 plenitudine
802 525 1012 594 excludatur
1027 525 1206 614 perfecti03
1226 523 1286 592 sed
1304 532 1344 590 ut
1358 529 1518 610 negetur
1543 521 1601 588 de

416 633 529 702 iectus
552 631 731 701 absolutae
754 633 944 702 realitatis:
968 643 1073 724 atque
1097 633 1182 701 adeo
1204 638 1288 700 snut
1309 630 1526 720 negationes
1542 651 1602 696 ne

416 737 609 828 gationum‚
635 761 696 808 seu
719 739 974 808 efficacissimae
997 739 1256 821 affirmationes,
1282 737 1370 806 licet
1399 738 1557 806 confuse
1582 759 1603 800 a

417 849 514 916 nobis
530 847 748 936 concipietur
765 849 932 938 perfectio
949 848 1013 917 hoc
1029 849 1126 916 modo
1142 847 1324 915 affirmata.
1343 847 1437 914 Haec
1454 867 1521 912 res
1538 865 1602 932 per

417 977 452 1022 se
476 954 573 1022 clara
589 959 655 1038 est,
675 963 715 1022 ut
738 955 864 1022 mirum
887 957 1045 1043 profecto
1069 955 1244 1038 videatur,
1262 953 1415 1021 inveniri
1432 953 1602 1043 potuisse

417 1061 570 1130 homines
594 1062 823 1146 vanissimos,
849 1063 911 1154 qui
941 1085 1018 1130 oum
1042 1063 1171 1130 Ioanne
1194 1061 1328 1131 Clericc
1350 1084 1418 1128 non
1442 1060 1600 1129 erubue-

416 1170 490 1238 rint
505 1170 619 1238 ridere
635 1169 725 1238 hanc
749 1170 859 1238 Deum
881 1169 1106 1258 intelligendi
1123 1169 1292 1238 rationem
1310 1189 1332 1236 a
1347 1167 1411 1236 SS.
1430 1167 1506 1234 PP.
1529 1189 1600 1232 ma-

416 1277 497 1368 gnis
509 1275 673 1344 laudibus
685 1300 746 1345 nec
763 1277 954 1344 minoribus
968 1279 1187 1366 argumentis
1198 1277 1484 1345 commendatam.
1502 1273 1601 1354 Quia
1630 1351 1631 1356 ἵ

417 1385 583 1453 videlicet
598 1384 833 1474 intelligimus
849 1408 917 1452 non
941 1385 1051 1455 solum
1075 1386 1112 1453 in
1135 1387 1207 1454 Dec
1223 1385 1357 1453 nullam
1372 1405 1447 1452 esse
1463 1383 1598 1470 imper-

417 1492 612 1576 fectionem,
638 1493 825 1561 sedetiam
850 1493 1094 1581 perfectionem
1119 1498 1363 1574 commosse,
1388 1499 1430 1558 ut
1453 1513 1476 1556 a
1494 1487 1599 1555 nobis
1630 1541 1631 1548 ,

417 1599 511 1668 siout
533 1601 570 1668 in
594 1623 630 1668 se
653 1607 725 1684 est,
752 1601 886 1689 concipi
909 1623 977 1668 non
1002 1599 1131 1690 possit,
1157 1599 1250 1668 hunc
1273 1601 1456 1668 confusum
1482 1596 1599 1663 Euris

417 1709 532 1776 divini
556 1715 758 1798 conceptum
781 1731 848 1775 non
864 1731 1046 1798 possumus
1062 1708 1187 1777 melius
1202 1707 1393 1791 declarem,
1412 1727 1522 1796 quum
1540 1725 1596 1769 ne

417 1816 533 1904 gando
548 1815 659 1884 Qum
675 1816 865 1906 quidquam
881 1839 1000 1884 eornm
1015 1839 1101 1900 esse,
1121 1839 1208 1907 quaa
1223 1839 1286 1884 nos
1303 1815 1470 1883 distincte
1488 1809 1595 1879 intel·
1630 1849 1631 1864 κ

417 1923 575 2012 ligimus;
601 1945 670 1990 non
693 1923 783 2014 quod
811 1923 946 2014 aliquid
961 1925 994 1992 ei
1026 1925 1129 2007 desit,
1156 1925 1215 1992 sed
1248 1923 1339 2014 quod
1370 1923 1406 1989 in
1438 1943 1479 1988 eo
1511 1924 1596 1986 sunt

417 2031 532 2100 omnia
562 2031 784 2100 eminentius.
810 2033 909 2100 Unde
932 2032 968 2100 in
992 2033 1088 2102 hisce
1111 2031 1355 2122 negationibus
1377 2028 1593 2119 supponitur
1630 2101 1631 2112 χ

417 2147 595 2229 tamquam
619 2137 883 2208 fundamentum
908 2140 1003 2207 notio
1027 2141 1211 2229 affirmans
1233 2140 1379 2206 confusa
1401 2145 1543 2218 temen,
1561 2139 1594 2199 et
1630 2173 1631 2184 κ

418 2247 615 2316 includitur
637 2245 734 2314 notio
754 2269 818 2333 per
841 2249 1071 2314 eminentiam.
1630 2241 1631 2250 ’

484 2354 530 2422 3⁰.
550 2354 707 2445 Denique
732 2355 768 2422 in
792 2353 1003 2438 notionibus,
1030 2376 1118 2445 quae
1141 2355 1373 2444 designantur
1389 2352 1591 2420 nominibus

417 2462 650 2530 eminentibus
674 2463 748 2530 sive
773 2487 833 2552 per
856 2486 1034 2532 excessum
1061 2458 1145 2548 (καθ’
1160 2459 1338 2554 irreflexae),
1363 2457 1591 2529 cuiusmodia

418 2571 485 2639 PP.
512 2569 649 2659 graecis
680 2569 892 2640 adhibentur
922 2573 1192 2658 superarcane,
1218 2571 1497 2658 supersapientia
1525 2575 1588 2636 etc.
1630 2649 1631 2656 ἵ

421 2674 616 2768 (ineptiora,
649 2675 839 2768 inspoepid),
865 2701 907 2746 ex
932 2679 1043 2746 forma
1066 2679 1142 2770 ipsa
1165 2679 1340 2747 nominum
1371 2685 1532 2768 apparet,
1557 2679 1589 2740 ei

418 2785 597 2873 offirmari
619 2785 657 2850 in
679 2784 751 2852 Deo
774 2785 1039 2873 perfectionem,
1065 2791 1103 2853 et
1125 2785 1231 2853 simul
1254 2788 1377 2874 tepori
1402 2784 1586 2853 secundum

418 2892 578 2974 modum,
605 2913 672 2981 quo
702 2914 765 2959 nos
796 2915 870 2960 eam
894 2893 1109 2982 concipimus
1133 2893 1195 2980 (l).
1221 2893 1288 2960 Est
1310 2893 1425 2982 igitur
1448 2915 1492 2960 cx
1516 2892 1588 2980 ipsa

417 2997 560 3086 analysi
577 2996 824 3084 clarissimum,
843 3021 911 3066 non
928 3022 1002 3068 esse
1025 3006 1099 3068 tres
1115 2999 1344 3089 cognoscendi
1360 3000 1516 3066 rationes
1534 2995 1586 3062 ad·

417 3113 565 3197 aequate
589 3105 789 3190 distinctas,
808 3107 868 3174 sed
885 3107 921 3174 in
938 3107 1092 3196 singulis
1107 3107 1254 3198 quodam
1272 3107 1370 3174 modo
1386 3129 1505 3176 omnes
1520 3115 1587 3174 tres

417 3237 491 3283 esse
507 3214 723 3297 coniunctae,
743 3214 824 3282 dum
840 3238 973 3305 semper
991 3237 1061 3284 una
1077 3218 1169 3283 ratio
1186 3215 1317 3282 directo
1332 3215 1491 3306 reliques
1506 3216 1586 3283 dues

418 3319 573 3389 includit
597 3321 631 3388 in
658 3321 808 3411 obliquo.

484 3427 538 3494 Ex
555 3427 611 3494 his
626 3429 785 3496 omnibus
809 3429 981 3518 imprimis
996 3429 1233 3519 intelligitur,
1251 3453 1318 3522 quo
1334 3452 1439 3498 sensu
1454 3429 1524 3496 PP.
1541 3424 1586 3492 di·

418 3535 547 3618 xerint,
575 3533 617 3602 de
640 3535 712 3602 Deo
736 3557 852 3604 omnes
876 3537 1105 3626 perfectiones
1128 3537 1294 3605 affirmari
1311 3559 1409 3626 posse
1424 3543 1461 3604 et
1477 3555 1585 3606 omnes

481 3769 522 3841 (1)
544 3771 737 3838 «tripliciter
757 3772 816 3824 iste
829 3770 863 3824 de
877 3773 934 3824 Dec
954 3771 1098 3826 dicuutur:
1119 3773 1209 3838 primo
1229 3773 1342 3840 qnidam
1356 3774 1538 3840 affirmative,
1557 3773 1584 3820 ul

419 3857 554 3924 dicamus,
576 3859 651 3910 Deus
671 3859 865 3925 cuiuspiam,
887 3858 962 3925 qnod
982 3857 1096 3925 quidam
1115 3857 1149 3910 da
1168 3875 1200 3912 eo
1219 3863 1334 3926 oportet
1359 3858 1454 3912 dicere
1478 3863 1584 3926 propter

418 3948 479 4014 hoc,
500 3947 575 4016 qnod
590 3948 625 4000 'in
641 3963 673 4002 eo
691 3951 736 4001 est
750 3947 912 4000 similitudo
925 3945 1094 4020 (exemplar)
1107 3949 1268 4016 sapientiae
1281 3951 1317 4002 ab
1330 3965 1362 4002 eo
1375 3949 1509 4016 iunctim
1524 3945 1583 4014 qnia

418 4037 512 4086 tamen
532 4049 587 4088 non
607 4035 695 4088 estin
708 4035 766 4087 Dec
786 4034 939 4102 sapientia,
963 4036 1074 4101 qualem
1087 4051 1139 4088 noo
1152 4036 1346 4100 intelligimus
1361 4040 1390 4088 et
1403 4037 1581 4088 nominamus.

419 4127 515 4192 potest
534 4125 727 4189 venenosam,
750 4127 783 4176 ut
801 4124 924 4190 dicatur,
945 4125 1020 4176 Deua
1040 4140 1096 4176 non
1115 4128 1160 4178 eat
1179 4125 1305 4192 sapiens.
1326 4125 1451 4178 Rursum
1465 4125 1581 4190 quiese-

418 4209 530 4278 pientia
548 4225 604 4263 non
624 4215 746 4276 negatur
764 4211 798 4264 de
817 4212 892 4275 Deo,
916 4210 985 4276 quia
1012 4211 1077 4278 ipsa
1098 4209 1213 4264 deficiat
1232 4227 1249 4264 a
1267 4211 1433 4277 snpientia,
1455 4210 1505 4263 sed
1524 4207 1581 4276 quie

419 4299 679 4368 supereminentius
699 4305 744 4354 est
762 4302 793 4354 in
811 4302 875 4368 ipsc
895 4317 979 4368 quam
998 4301 1111 4354 dicatur
1130 4305 1180 4354 aut
1193 4301 1388 4368 intelligatur,
1400 4301 1465 4356 ideo
1479 4299 1581 4366 oportet

419 4389 522 4456 dicere,
537 4391 612 4457 qnod
630 4393 705 4446 Deus
725 4391 765 4445 sit
783 4393 987 4460 supersapiens
1000 4413 1012 4440 n
1034 4391 1062 4446 S.
1075 4393 1128 4444 Tb.
1143 4391 1176 4444 de
1196 4395 1306 4459 potent.
1321 4409 1350 4458 q.
1362 4393 1389 4444 7.
1402 4391 1465 4445 ab.
1477 4391 1514 4446 ad
1526 4393 1551 4444 ἰ
