3360 5060
584 399 614 412 -
643 370 703 428 645
724 401 761 414 -

85 470 109 536 l.
134 471 177 538 de
202 469 355 561 Corrept.
382 477 419 540 et
442 495 497 561 gr.
524 495 554 540 o.
581 474 614 540 6:
636 473 856 564 «Apostolos
878 474 1040 544 debemus
1057 475 1256 566 intelligere

83 577 211 646 eleetos
232 601 293 666 per
316 578 596 674 misericordiam,
623 581 744 650 Iudam
770 604 830 672 per
853 581 1042 667 iudioium;
1068 582 1150 650 illos
1173 605 1256 673 ergo

83 683 194 773 elegit
216 682 261 750 ad
284 683 501 751 obtinendam
523 709 663 772 repetem
687 709 800 770 suum,
827 687 934 756 istum
951 688 994 756 ad
1010 675 1255 756 effundendum

84 793 288 880 sanguinem
312 815 426 860 suum.
447 793 735 862 »Testimonium
759 795 812 862 2¹¹³
835 817 876 863 ex
902 795 926 862 1.
954 795 996 863 de
1019 795 1120 864 Grat.
1141 803 1177 864 et
1191 795 1254 864 lib.

83 899 191 966 arbit.
207 922 236 968 e.
255 898 289 966 9:
311 929 327 963 ι
346 923 422 969 oum
449 913 562 990 posset
586 902 700 971 dicere
723 902 936 992 Apostolus:
970 903 1180 994 stipendium
1204 904 1256 974 iu·

83 1007 206 1077 stitiae
229 1007 306 1076 vita
328 1017 482 1093 aeterna,
509 1009 636 1078 maluit
658 1010 784 1079 disere:
811 1011 930 1100 gratia
953 1019 1068 1080 autem
1092 1013 1157 1080 Dei
1182 1013 1258 1082 vita

83 1121 227 1184 aeterna
248 1119 362 1200 (Rom.
378 1118 440 1185 VI.
457 1117 544 1202 db),
570 1117 709 1185 athius
725 1117 1015 1208 intelligeremus,
1033 1144 1100 1184 mon
1113 1143 1177 1208 pro
1193 1145 1257 1186 me·

81 1225 166 1289 ritis
189 1229 316 1292 noeais
341 1227 445 1292 Deum
469 1250 529 1292 aas
551 1223 597 1292 ad
620 1239 792 1291 aeternam
815 1230 935 1306 eitum,
960 1224 1018 1292 sed
1037 1251 1101 1315 pro
1118 1251 1181 1294 sua
1195 1231 1256 1292 mi-

80 1333 252 1399 seratione
273 1333 463 1421 perducere.
486 1361 500 1395 ιι
520 1334 589 1401 Res
612 1345 666 1404 est
689 1357 750 1423 per
774 1357 809 1400 se
826 1333 933 1416 olera,
952 1339 988 1401 et
1004 1334 1035 1402 ai
1051 1333 1089 1401 in
1106 1333 1257 1402 citandis

80 1438 201 1506 verbis
224 1441 419 1530 Augustini
444 1442 655 1530 perrexisset
678 1441 782 1531 paulo
807 1441 976 1524 ulterius,
1002 1442 1109 1510 etiam
1133 1461 1257 1510 caseus

81 1545 242 1632 vidisset,
261 1547 318 1616 hio
333 1549 393 1638 agi
409 1571 477 1616 non
492 1556 562 1617 tam
580 1549 622 1618 de
639 1549 954 1639 praedestinatione
974 1571 1075 1641 quam
1100 1549 1141 1617 de
1161 1569 1255 1616 exse·

80 1655 239 1740 cutione,
266 1656 302 1724 in
326 1679 395 1748 qua
419 1658 545 1725 merita
568 1657 853 1747 supernaturalia
875 1657 1094 1724 affirmantur
1124 1663 1159 1724 et
1182 1655 1257 1724 sola

78 1762 260 1830 naturalia
271 1770 458 1852 negantur,
479 1764 699 1855 prosequitur
711 1763 802 1832 enim
816 1762 852 1830 S.
870 1764 1107 1853 Augustinus:
1128 1791 1144 1827 ιι
1162 1787 1254 1827 num·

80 1867 167 1960 quid
191 1895 256 1935 mon
275 1895 396 1936 corona
414 1873 510 1938 bouis
528 1872 684 1960 operibus
699 1869 877 1938 redditur?
892 1870 959 1939 Sed
977 1871 1060 1962 quia
1075 1871 1153 1959 ipsa
1168 1871 1256 1938 bona

79 1998 186 2067 opera
208 1978 270 2046 ille
293 1979 330 2046 in
355 1979 453 2046 bonis
476 1986 698 2070 operatum...
725 2003 767 2044 re
789 1979 858 2044 sibi
876 1976 1054 2044 tribuendo
1071 1978 1162 2068 qaod
1178 1979 1258 2045 bene

80 2102 278 2178 operantur,
293 2085 334 2154 de
345 2087 441 2153 boreis
461 2103 634 2178 tamquam
649 2090 720 2153 suis
736 2086 950 2152 sustollantur
967 2087 1134 2175 operibus.
1156 2113 1173 2148 r
1192 2085 1254 2155 Te·

80 2196 281 2264 stimonium
304 2195 358 2262 3⁰²¹
381 2201 417 2264 st
433 2195 595 2265 ultimum
612 2196 701 2264 uitat
716 2195 871 2263 Genetus
887 2193 986 2262 velut
1000 2193 1197 2284 Augustini
1212 2215 1254 2262 ex

79 2324 107 2370 o.
126 2301 173 2370 28
199 2333 215 2366 ι
234 2300 504 2394 Soliloquiorum
527 2301 662 2370 animae
685 2301 729 2370 ad
753 2302 875 2384 Deum,
897 2327 913 2362 n
932 2300 967 2367 in
985 2323 1052 2392 quo
1076 2323 1186 2369 sermo
1202 2305 1256 2368 ast

79 2406 212 2477 dstote
228 2408 558 2499 praedestinationis
575 2408 675 2494 serie,
688 2407 745 2477 eui
762 2429 844 2476 sane
861 2407 961 2475 nulla
973 2429 1255 2498 praesupponun-

78 2521 137 2582 tur
161 2515 299 2583 merita.
327 2515 397 2606 Sed¹
410 2538 476 2583 non
495 2521 550 2584 est
564 2538 708 2614 neeesse¹
718 2518 824 2586 verba
840 2517 983 2599 referre,
1003 2539 1079 2584 oum
1097 2515 1254 2606 quaestio

78 2623 178 2693 uobis
202 2624 251 2692 sit
272 2624 314 2692 de
338 2623 514 2692 sententia
537 2624 745 2714 Augustini,
772 2647 839 2692 non
855 2647 938 2693 vero
953 2623 1110 2692 auctoris
1126 2643 1254 2712 anony-

80 2731 137 2816 mi,
164 2731 226 2824 qui
249 2732 334 2802 haee
358 2730 552 2823 Soliloquia
575 2732 717 2822 scripsit
739 2739 833 2801 uerte
857 2755 925 2800 non
941 2737 1022 2800 ante
1039 2753 1128 2800 seeo.
1147 2728 1250 2798 XIII.

80 2846 158 2929 post
168 2839 299 2908 editum
311 2837 393 2928 Cap.
407 2869 422 2902 ιι
436 2839 643 2906 Damnamus
654 2866 670 2902 r
680 2838 828 2908 Consilii
837 2840 955 2908 [later.
969 2837 1032 2906 IV.
1047 2837 1249 2906 ann01215.

80 2947 139 3031 (of.
157 2945 302 3037 Soliloq.
319 2969 349 3014 e.
361 2944 446 3030 32).

144 3053 213 3121 His
235 3051 426 3122 levissimis
442 3055 699 3143 praetermissis
713 3054 994 3144 respondebimus
1006 3053 1123 3143 potius
1135 3053 1179 3122 ad
1191 3053 1253 3122 du·

80 3160 159 3249 plex
184 3169 446 3252 argumentum,
480 3161 570 3254 quod
593 3162 674 3231 duoi
698 3161 787 3230 solet
809 3183 851 3229 ex
876 3161 1035 3240 doetrina
1057 3159 1254 3249 Augustini

79 3266 119 3335 da
139 3297 156 3331 ιι
176 3289 289 3336 massa
313 3267 488 3351 damnata,
511 3272 582 3334 net
604 3289 644 3336 ex
660 3267 736 3335 eius
752 3266 984 3356 appellatione
1000 3266 1044 3335 ad
1060 3266 1253 3356 gratuitam

80 3373 429 3462 praedestinationem
453 3373 692 3462 parvulorum.
719 3373 775 3440 Ad
798 3372 863 3440 hoe
886 3371 1049 3440 ultimum
1073 3371 1164 3464 quod
1179 3393 1252 3463 spe·

79 3483 165 3562 etat,
190 3478 416 3568 Augustinus
439 3500 624 3570 numquam
648 3478 785 3548 indueit
800 3478 994 3567 exemplum
1011 3477 1250 3568 parvulorum,

81 3593 120 3654 ut
143 3586 305 3655 ostendat
327 3585 462 3654 modum
487 3586 816 3676 praedestinationis
831 3586 1029 3654 adultorum
1047 3586 1089 3654 ad
1105 3585 1253 3675 gloriam

80 3713 140 3781 per
164 3713 200 3760 se
223 3697 425 3782 spectatam.
452 3690 598 3771 Quoties
621 3712 660 3759 eo
683 3691 838 3780 exemplo
861 3691 997 3775 utitur,
1022 3690 1154 3758 directe
1177 3688 1255 3778 agit

80 3796 120 3866 de
145 3797 306 3887 gratuita
328 3796 513 3865 collatione
537 3797 676 3886 gratiae
700 3797 863 3886 baptismi
887 3801 923 3865 et
947 3819 1007 3885 per
1030 3794 1120 3862 hano
1151 3793 1253 3883 regni

81 3903 251 3974 ooelorum
274 3903 385 3972 nullis
408 3904 695 3994 praecedentibus
718 3904 852 3972 meritis
875 3901 1121 3992 parvulorum
1148 3907 1254 3991 atque

82 4011 162 4080 hine
185 4012 364 4082 oonaludit
387 4011 580 4102 gratuitam
598 4011 813 4080 vocationem
829 4019 864 4078 et
880 4008 1099 4078 collationem
1116 4006 1254 4095 gratiae

81 4143 140 4208 pro
164 4119 308 4188 adultis.
334 4118 507 4210 Loquitur
529 4141 613 4206 ergo
636 4117 677 4186 de
701 4117 820 4185 ordine
843 4115 1087 4200 exsecutionis,
1106 4115 1166 4183 ubi
1182 4137 1252 4184 oer-

81 4229 154 4295 tum
175 4234 239 4310 est,
258 4227 370 4294 vitam
386 4233 561 4294 aeternam
578 4224 688 4293 tribui
704 4223 838 4293 adultis
854 4230 895 4291 ut
911 4245 1068 4291 eoronam
1093 4221 1252 4291 iustitiae

82 4331 300 4420 promeritis
323 4330 670 4422 supernaturalibus;
697 4353 737 4398 ae
761 4335 943 4419 propterea
972 4329 1167 4418 exemplum
1200 4327 1251 4394 in·

83 4437 232 4506 fantium
256 4461 323 4506 non
348 4443 461 4528 potest
485 4437 622 4521 valere,
648 4435 757 4528 neque
782 4436 967 4505 adhibetur
990 4437 1033 4504 ab
1051 4435 1254 4524 Augustino
