3280 5070
560 380 598 393 -
619 347 681 408 555
700 380 738 394 .-

51 471 228 519 nasorum
261 457 298 520 et
330 451 609 542 Aegyptiorum)
641 452 723 542 Sap.
743 451 807 520 XI.
826 452 882 520 21.
901 474 952 544 sq.
981 480 998 515 o
1017 451 1056 520 Si
1078 451 1237 522 inimicos

51 580 244 626 servorum
268 565 407 628 tuorum
430 565 468 628 et
495 559 629 628 debitos
656 560 760 628 morti
776 583 854 628 cum
876 564 978 628 tanta
1001 559 1168 627 cruciasti
1185 566 1255 627 at·

49 665 219 735 tentione
242 665 329 734 dana
352 672 488 756 tempus
510 673 547 735 et
569 667 696 750 locum,
722 689 783 756 per
807 689 894 758 quae
908 673 1048 756 possent
1072 667 1237 735 mutaris

51 773 234 840 malitia»
254 773 302 841 ib.
328 773 412 842 XII.
432 773 487 841 10.
504 773 561 842 20.
583 803 600 838 u
613 774 690 842 Nou
707 774 828 844 tardat
854 775 1021 842 Dominus
1036 773 1237 862 (secundum

50 878 254 947 adventum
276 885 312 948 et
334 879 576 964 iudicium)....
603 881 662 949 sed
685 884 862 970 patienter
884 881 963 970 agit
985 888 1127 971 propter
1150 903 1233 966 vos,

50 985 185 1054 nolens
208 987 345 1078 aliquos
367 987 492 1077 perire,
511 987 570 1056 sed
593 1009 709 1056 omues
731 989 775 1056 ad
798 988 1046 1078 poenitentiam
1069 987 1233 1057 revertis

50 1093 86 1162 2.
107 1094 194 1162 Pet.
212 1093 281 1164 111.
301 1094 334 1182 95
359 1095 458 1164 Rom.
476 1095 526 1164 H.
543 1096 578 1164 4.
591 1123 615 1160 u
632 1095 735 1165 Nunc
765 1117 848 1186 ergo
875 1096 1029 1165 iudicate
1057 1095 1152 1163 inter
1182 1118 1235 1163 me

50 1207 89 1266 et
107 1201 255 1268 vineam
271 1223 391 1288 meam;
418 1201 590 1294 quidest,
616 1201 706 1292 quod
730 1199 832 1271 debui
856 1202 953 1271 ultra
975 1202 1090 1270 facere
1113 1201 1235 1270 vineae

52 1329 167 1392 meae,
186 1314 223 1392 et
237 1331 305 1376 non
321 1307 389 1378 feci
411 1308 465 1378 eii
489 1331 534 1377 an
558 1309 648 1400 quod
671 1310 853 1400 expectavi
868 1317 909 1378 ut
924 1310 1056 1378 faceret
1079 1329 1179 1391 uvas,
1199 1315 1236 1376 et

51 1415 147 1484 fecit
171 1415 384 1484 labruscas»
402 1416 450 1484 Is.
470 1417 514 1484 V.
531 1418 565 1484 4.
588 1419 763 1500 «Quoties
786 1417 884 1484 volui
908 1437 1120 1506 congregare
1142 1414 1234 1482 filios

51 1527 153 1607 tuos,
182 1523 466 1614 quemadmodum
482 1523 618 1612 gallina
634 1531 823 1614 congregat
836 1523 952 1615 pullos
968 1545 1048 1591 suos
1065 1522 1130 1592 sub
1144 1521 1232 1606 alas,

51 1635 89 1696 et
104 1628 261 1698 noluisti
274 1657 291 1691 n
309 1627 437 1698 Matth.
455 1629 593 1698 XXIH.
612 1629 667 1698 37.
685 1631 844 1700 aVideus
860 1631 1041 1700 civitatem
1056 1629 1156 1698 flevit
1178 1651 1235 1697 su·

52 1757 117 1824 per
142 1735 247 1804 illam
270 1736 403 1806 dicens:
436 1737 571 1828 quiesi
596 1739 817 1828 cognovisses
840 1747 876 1808 et
898 1744 951 1824 tu,
977 1739 1174 1830 etquidem
1199 1738 1235 1804 in

53 1845 121 1912 hac
139 1843 200 1912 die
218 1850 293 1928 tua,
313 1865 400 1936 quae
416 1844 461 1913 ad
475 1865 591 1936 paoem
604 1846 682 1931 tibi,
700 1869 792 1916 nunc
804 1852 920 1916 autem
935 1852 1019 1915 sunt
1034 1844 1236 1914 abscondita

52 1951 97 2018 ab
130 1949 247 2018 oculis
278 1951 382 2018 tuis»
401 1951 487 2020 Luc.
505 1951 605 2020 XIX.
622 1952 679 2021 42.
705 1951 759 2021 cf.
779 1974 886 2042 supra
907 1952 961 2021 th.
980 1952 1111 2020 XLIX.
1129 1976 1164 2020 n.
1181 1951 1232 2020 ΙΙ.

53 2057 106 2123 At
129 2054 334 2124 huiusmodi
357 2063 553 2147 praecepte,
578 2057 759 2148 promissa,
786 2059 1080 2142 comminationes,
1099 2065 1135 2128 et
1158 2080 1233 2127 cou-

54 2162 288 2247 testationes,
313 2162 440 2252 quibus
462 2163 564 2253 plena
587 2170 669 2232 sunt
692 2163 806 2232 omnia
829 2186 929 2234 sacra
952 2165 1176 2248 documenta,
1202 2164 1234 2230 si

56 2268 304 2358 dirigerentur
315 2267 359 2336 ed
372 2268 529 2337 homines
544 2269 777 2337 antecedenter
787 2269 873 2340 licet
887 2270 998 2340 solum
1010 2272 1170 2360 cepattve
1183 2293 1233 2336 re·

53 2376 234 2462 prchmcr,
263 2375 400 2444 nullum
428 2375 633 2446 viderentur
659 2377 788 2447 habere
818 2400 956 2446 sensum
987 2377 1132 2467 dignum
1162 2377 1233 2446 Deo

58 2483 158 2570 bono,
179 2483 348 2573 sapiente,
365 2483 503 2553 infinite
526 2505 660 2569 verace,
686 2485 765 2574 pari
788 2493 850 2552 aut
873 2485 982 2553 simili
1004 2485 1141 2553 ratione
1164 2506 1234 2576 qua

56 2591 94 2658 in
108 2591 209 2661 thesi
225 2592 446 2683 praecedenti
458 2593 623 2678 diximus,
639 2617 715 2662 cum
728 2592 912 2662 attributis
928 2592 1060 2661 divinis
1076 2613 1233 2682 pugnare

56 2699 319 2768 antecedentem
334 2700 608 2789 reprobationem
635 2700 834 2790 positivam,
855 2721 957 2791 quam
974 2699 1146 2769 haeretici
1162 2705 1233 2767 sta

58 2814 181 2877 tunut.
199 2809 388 2898 Praecepta
410 2807 500 2876 euim
515 2808 591 2894 illa,
609 2809 854 2898 promissiones
870 2813 906 2876 et
920 2807 1033 2875 minae
1048 2807 1233 2876 admonent

58 2934 175 2983 omnes
199 2913 366 2998 homines,
384 2913 494 2982 Deum
510 2935 552 2982 ex
568 2935 605 2982 se
619 2935 694 2983 esse
716 2912 979 3004 paratissimum
995 2911 1039 2979 ad
1055 2911 1232 3002 perficien-

59 3019 136 3087 dam
168 3027 206 3090 et
228 3020 377 3090 dandam
403 3020 552 3090 salutem
581 3021 646 3088 sub
676 3019 890 3104 conditione,
916 3025 959 3087 ut
987 3019 1058 3109 ipsi
1080 3017 1232 3087 fideliter

59 3133 298 3218 cooperantur,
317 3129 473 3221 hancque
495 3129 606 3218 ipsam
629 3129 901 3219 cooperationem
925 3127 1036 3196 Deum
1060 3125 1164 3196 velle.
1181 3125 1233 3192 At

60 3232 89 3300 si
104 3233 350 3304 antecedenter
365 3233 435 3302 iam
452 3234 496 3303 ad
513 3234 765 3324 praevisionem
791 3234 955 3319 omnium,
974 3255 1061 3324 quae
1076 3231 1232 3300 homines

60 3341 199 3430 operari
221 3347 384 3431 possunt,
411 3341 599 3430 praecessit
621 3342 658 3409 in
690 3342 761 3410 Deo
784 3341 949 3410 voluntas
972 3339 1141 3431 plurimos
1163 3361 1232 3407 non

62 3448 370 3538 comprehendendi
385 3449 422 3517 in
436 3471 579 3520 numero
602 3449 850 3519 salvandorum
869 3449 1026 3518 absolute
1043 3447 1232 3539 praedesti·
1260 3435 1263 3448 '

62 3560 142 3623 nato
173 3560 255 3624 ante
277 3578 408 3625 omnem
431 3555 631 3625 meritorum
654 3555 917 3646 praevisionem,
938 3557 1044 3640 Deus,
1062 3560 1104 3624 ut
1126 3575 1233 3645 supra

63 3663 245 3748 probatum
264 3669 331 3749 eat,
345 3686 414 3732 non
429 3669 544 3754 potest
560 3663 666 3732 simul
682 3663 785 3748 velie,
804 3672 846 3732 ut
860 3664 899 3732 hi
915 3665 952 3732 in
969 3684 1148 3732 numerum
1164 3661 1230 3730 sal·

65 3770 254 3838 vaudorum
276 3771 534 3860 ingrediantur:
554 3771 752 3861 praecipere
779 3793 873 3860 ergo,
892 3770 1073 3853 obtestari,
1089 3767 1233 3858 promis·

65 3873 218 3946 sionibus
230 3884 266 3946 et
280 3877 385 3946 minis
396 3877 550 3947 excitare
566 3877 629 3946 bos
644 3879 799 3962 miseros,
814 3883 857 3946 ut
867 3899 908 3946 ea
920 3881 1040 3966 agant,
1056 3875 1181 3966 quibus
1195 3874 1233 3941 in

67 4002 243 4054 numerum
259 3985 502 4054 antecedenter
517 3992 553 4054 et
569 3985 838 4054 immutabiliter
854 3983 1054 4053 conclusum
1072 3980 1233 4070 adopten-

67 4093 131 4173 tur,
148 4113 220 4160 non
242 4091 355 4177 video,
381 4091 547 4184 quomodo
569 4114 637 4160 non
662 4097 845 4182 repugnet.
863 4090 936 4159 Neo
959 4110 1022 4178 ego
1038 4086 1151 4171 video,
1169 4107 1233 4154 nec
1349 4079 1354 4098 ¹

68 4201 155 4284 puto,
171 4198 368 4268 adversarii
392 4199 562 4284 viderent,
582 4221 669 4290 quaa
692 4199 769 4268 fieri
792 4201 909 4288 posset
930 4195 1087 4286 exceptio
1110 4199 1233 4263 contra

69 4303 241 4389 rationem,
260 4327 363 4396 quam
376 4305 521 4375 Loesius
538 4312 654 4396 urget.
677 4303 903 4375 «Secundum
926 4323 1135 4372 communem
1159 4321 1231 4368 aas·

71 4406 276 4481 tinctionem
299 4411 475 4482 bominum
491 4415 592 4504 paria
609 4412 786 4498 videntur,
802 4411 912 4480 Deum
933 4409 1025 4479 velle
1044 4415 1086 4478 ut
1096 4427 1228 4499 pereas,
