3360 5060
934 393 969 409 ..
991 361 1053 424 060
1074 395 1111 410 ..

437 465 603 560 quaedam
639 465 777 558 quidem
808 467 1043 554 inhonorem,
1069 468 1237 560 quaedam
1261 470 1408 538 veroin
1437 479 1584 537 mutusne

435 576 519 644 liam
536 576 599 662 (1).
619 575 685 644 Sed
704 598 811 668 quaro
827 581 1053 666 (comparate)
1070 579 1128 643 bos
1144 579 1255 666 stipat
1272 582 1308 643 in
1324 578 1478 666 plorinss
1492 579 1585 660 (2),et

435 681 517 746 illos
540 680 695 768 reprobet
718 679 813 765 (dum
836 681 936 747 ambo
956 680 1349 751 consideranturadhnc
1364 681 1586 750 antecedenter

433 788 477 857 ad
501 811 632 856 omnem
656 787 820 876 gratiam,
846 795 883 855 et
904 789 1002 856 ambo
1018 789 1055 856 in
1070 795 1213 878 peccato
1229 811 1338 880 aeque
1368 788 1509 878 indigni
1524 811 1587 876 grs-

432 895 486 965 tia
508 901 544 964 et
567 895 668 984 digni
691 894 968 984 reprobatione),
994 918 1063 963 non
1086 896 1193 965 hebet
1215 896 1388 964 rationem
1420 897 1491 964 uisi
1515 895 1588 964 divi·

431 1027 511 1072 nam
524 1002 752 1090 voluntatem;
771 1003 860 1071 unde
876 1002 1102 1092 Augustinus
1117 1003 1206 1072 dicit
1220 1004 1272 1091 (in
1288 1003 1339 1072 Io.
1350 1011 1460 1074 mant.
1474 1003 1589 1070 XXVI.

432 1134 467 1180 n.
486 1111 536 1194 2):
561 1131 669 1202 quare
691 1109 784 1179 hunc
808 1109 929 1178 trahat
951 1116 988 1178 et
1009 1110 1112 1178 illum
1135 1135 1204 1180 non
1227 1111 1350 1180 trahat
1384 1119 1446 1200 (en
1468 1113 1590 1180 tractio

431 1241 508 1288 nem
531 1241 591 1309 per
614 1217 790 1308 gretiam,
816 1218 919 1310 idque
943 1219 979 1284 in
1003 1219 1124 1287 ordine
1146 1221 1397 1305 exsecutionis)
1423 1220 1497 1288 noli
1517 1219 1590 1287 diiu-

431 1327 561 1410 dicare,
587 1327 618 1394 si
642 1349 709 1393 nou
734 1327 787 1394 vis
803 1347 950 1394 errares
970 1326 1021 1413 (3)
1038 1327 1074 1394 S.
1094 1325 1161 1394 Th.
1182 1327 1214 1395 1.
1233 1353 1266 1418 q.
1286 1327 1344 1396 23.
1362 1351 1397 1396 a.
1416 1332 1452 1394 5.
1470 1328 1513 1396 ed
1526 1327 1555 1394 3.

498 1435 540 1502 ln
564 1435 621 1502 his
644 1433 758 1523 igitur
782 1434 899 1502 verbis
923 1439 959 1518 o)
983 1441 1129 1502 nonest
1159 1457 1270 1502 sermo
1293 1435 1335 1502 de
1367 1435 1590 1526 praedestine-

430 1543 524 1613 tione
547 1542 592 1610 ed
615 1541 764 1632 gloriam
788 1564 849 1630 per
872 1564 908 1609 se
932 1547 1135 1630 spectatam,
1154 1542 1214 1610 sed
1229 1543 1272 1610 de
1287 1543 1591 1632 praedestinatione

431 1650 600 1742 complete
623 1649 661 1716 in
684 1649 833 1739 gloriam
856 1657 894 1717 et
915 1649 952 1718 in
976 1649 1139 1718 honorem
1162 1657 1238 1720 turn
1262 1653 1404 1740 gratiae
1433 1661 1509 1722 turn
1531 1652 1591 1720 bea·

430 1755 611 1826 titudinis.
640 1756 673 1840 b)
695 1755 764 1824 Est
787 1777 897 1824 sermo
921 1755 1014 1824 sicut
1036 1755 1077 1824 ds
1100 1757 1344 1846 reprobatione
1368 1759 1424 1827 ita
1447 1759 1490 1827 de
1512 1779 1592 1848 prae-

429 1865 661 1934 destinatione
682 1865 877 1952 pertinente
899 1859 945 1928 cd
968 1863 1176 1931 volantatem
1198 1879 1467 1956 consequentem,
1490 1887 1591 1956 equae

428 1973 576 2064 respicit
598 1973 634 2042 id
657 1972 748 2064 quod
770 1993 812 2040 ex
837 1977 936 2060 perte
953 1975 1074 2038 nostra
1089 1981 1154 2055 est,
1170 1971 1264 2041 sicut
1279 1973 1372 2064 quod
1390 1974 1437 2042 ad
1455 1973 1589 2062 gratian

428 2081 722 2168 (iustificationis)
738 2078 984 2172 quodammodo
1003 2079 1160 2170 disponit
1181 2087 1218 2149 et
1240 2081 1393 2171 gloriam
1408 2089 1587 2150 meretur·

428 2196 458 2278 e)
482 2189 719 2260 consideretis
749 2188 989 2279 peccatoribus
1019 2195 1101 2257 ante
1132 2189 1310 2278 gratiam,
1337 2189 1442 2259 nulla
1475 2195 1529 2258 est
1557 2211 1588 2256 es

427 2307 527 2390 parte
550 2319 667 2366 eorum
690 2296 783 2366 ratio
806 2295 1158 2385 praedestinationis,
1185 2295 1270 2365 lieet
1292 2299 1342 2365 sit
1363 2299 1461 2367 ratio
1490 2318 1588 2386 repro

430 2404 591 2492 trationis,
613 2397 654 2473 'et
676 2403 741 2472 hoo
764 2403 840 2492 ipso
863 2418 1068 2492 comparate,
1093 2426 1156 2472 cur
1173 2427 1264 2472 nous
1281 2405 1402 2494 potius
1417 2403 1587 2496 praedesti·

426 2520 532 2582 netur
554 2519 590 2580 st
612 2509 704 2578 alter
727 2511 943 2600 reprobetur,
968 2531 1036 2577 non
1059 2517 1115 2578 est
1136 2511 1229 2578 ratio
1252 2511 1290 2578 in
1313 2511 1405 2600 ipsis
1437 2509 1587 2599 (conside

426 2621 517 2690 ratis
540 2627 621 2688 ante
644 2619 824 2710 gratiam),
850 2617 969 2687 sedin
993 2617 1068 2684 sola
1090 2617 1155 2686 Dei
1179 2617 1362 2686 voluntate
1387 2614 1586 2688 misericordi

426 2751 512 2820 erga
535 2751 654 2812 unum,
680 2727 776 2795 iuste
798 2747 883 2816 erga
905 2725 1069 2794 alterum.
1096 2725 1194 2810 Quae
1217 2727 1332 2794 omnia
1353 2729 1507 2818 probant
1526 2723 1586 2816 qni·

426 2837 503 2908 dem
526 2859 670 2927 prorsus
693 2835 887 2927 gratuitam
922 2834 1016 2902 siout
1038 2833 1258 2902 collationem
1282 2835 1335 2903 ite
1364 2837 1585 2926 praedestina·

425 2945 554 3016 tionem
577 2945 726 3034 gratiae,
753 2943 812 3011 sed
835 2940 927 3010 nihil
951 2941 1129 3031 pertinent
1154 2941 1198 3010 ad
1222 2942 1378 3014 ordinem
1395 2945 1491 3014 inter
1503 2967 1586 3038 pree·

426 3053 692 3124 destinationem
716 3049 853 3141 gratiae
877 3059 912 3118 et
934 3049 1285 3138 praedestinationem
1317 3051 1477 3142 gloriae,
1502 3077 1585 3146 quen

426 3161 463 3232 S.
482 3161 612 3230 Doctor
635 3159 672 3228 in
696 3180 837 3249 corpore
860 3156 1005 3225 articuli
1029 3155 1186 3226 declarat
1202 3157 1295 3228 hunc
1310 3182 1399 3228 esse:
1420 3192 1436 3224 a
1458 3169 1496 3230 nt
1509 3162 1585 3230 Dens

424 3269 742 3362 praedestinaverit
764 3289 799 3335 se
823 3265 987 3333 daturum
1010 3265 1118 3334 elicui
1140 3267 1291 3356 ploriom
1314 3291 1356 3335 eas
1385 3274 1538 3348 meritis,
1557 3275 1586 3336 et

425 3397 461 3446 se
485 3375 649 3446 daturum
672 3373 779 3442 aliem
804 3373 956 3464 gretiam
973 3379 1014 3440 ut
1030 3379 1221 3442 mereretur
1237 3373 1388 3463 gloriam
1406 3405 1424 3440 s
1443 3383 1499 3464 (ut
1512 3399 1583 3446 con·

424 3489 527 3574 peret
548 3483 685 3566 merita,
712 3481 838 3574 quibus
860 3479 1141 3570 praedestinetur
1163 3481 1307 3571 gloria).

490 3645 533 3724 (l)
552 3648 710 3714 Sublunglt
726 3647 882 3715 Apostolus
901 3645 1051 3700 continuo:
1074 3667 1087 3694 ι
1098 3648 1124 3699 aa·
1143 3649 1207 3716 puls
1225 3664 1291 3716 erpo
1307 3651 1503 3704 mandaverit
1517 3663 1542 3702 ss
1557 3647 1582 3698 st

424 3739 486 3794 istis
504 3737 533 3810 (a
550 3743 630 3792 statu
650 3753 781 3792 rasorum
801 3732 1012 3804 contumeliae),
1033 3736 1086 3787 erit
1108 3754 1156 3790 eae
1176 3739 1208 3790 s'n
1226 3741 1359 3791 tonores
1371 3761 1384 3788 ι
1400 3745 1457 3794 stc.

490 3825 533 3902 (8)
551 3829 580 3882 S.
593 3827 715 3882 Thomas
733 3828 840 3894 repetit
858 3827 1111 3895 rerbaApost0113
1137 3843 1224 3896 qnare
1244 3829 1297 3882 lios
1315 3829 1409 3894 eligat
1427 3829 1460 3882 e‘n
1476 3827 1581 3897 pterim

425 3919 551 3996 (seilicet
572 3935 623 3988 per
641 3919 765 3985 gratiam
783 3919 813 3970 in
835 3919 957 3983 glorians
977 3918 1143 3972 sanctitatis
1156 3925 1186 3973 et
1197 3915 1415 3988 beatitudinislr
1429 3935 1485 3973 non
1502 3919 1579 3971 sunu

425 4009 509 4064 dicit:
532 4009 569 4060 nd
590 4011 725 4074 pieriam,
747 4013 781 4062 ut
796 4007 868 4061 citat
888 4009 994 4075 Gonet,
1016 4009 1066 4062 ubl
1093 4008 1228 4076 repetitio
1249 4011 1346 4060 textus
1368 4008 1514 4076 apostolici
1533 4018 1577 4058 oon

426 4100 550 4168 amplius
570 4104 701 4167 apparet,
724 4103 754 4151 et
770 4101 867 4166 posset
885 4099 969 4152 iaeile
981 4099 1075 4164 ingeri
1097 4097 1208 4164 illusio,
1229 4114 1261 4152 ac
1278 4099 1304 4150 st
1318 4099 1484 4166 loqueretur
1498 4097 1523 4150 S.
1534 4093 1577 4148 Th·

425 4187 459 4242 de
488 4187 753 4256 praedestinatione
773 4187 808 4240 ad
830 4187 949 4254 glorians
974 4187 1006 4240 in
1035 4187 1222 4242 distinctione
1241 4203 1258 4240 a
1276 4187 1530 4254 praedestinatione
1548 4179 1575 4234 ad

425 4280 559 4346 gratisne,
583 4278 656 4346 quod
677 4277 781 4346 oppido
803 4277 907 4332 falsum
927 4282 984 4332 est.

490 4365 532 4442 (B)
550 4368 731 4436 Augustinus
751 4369 791 4422 ibi
813 4369 924 4436 pergit:
942 4369 1054 4424 esemel
1074 4369 1169 4436 accipe
1189 4373 1220 4423 st
1231 4367 1380 4436 intellige:
1399 4365 1517 4422 nondun
1529 4369 1572 4416 trt-

425 4459 524 4514 berta?
541 4473 601 4526 ors,
624 4463 657 4514 ut
677 4459 843 4516 truhman
