3224 5068
533 391 570 404 ..
591 357 650 418 351
674 390 712 404 .-

30 463 138 552 ipsum
165 485 238 530 esee
261 462 399 533 actuale
426 462 578 553 adeoque
607 460 713 530 etium
737 465 853 530 uotum
884 459 1141 548 contingentem
1173 462 1209 526 et

28 570 175 638 liberum
202 570 240 638 in
266 593 303 640 se
332 569 599 659 cognoscibilem
623 590 698 637 esse
719 568 899 638 obiectumw
925 566 1067 635 divinae
1099 565 1207 634 intui-

28 677 130 744 tionis
154 678 204 744 sb
227 681 380 760 aeterno,
407 677 491 767 quie
514 677 557 744 eb
580 681 721 744 esterno
745 697 869 743 verum
890 679 955 758 eet,
975 673 1068 743 hunc
1091 679 1207 742 sctum

27 807 82 872 pro
105 784 179 851 tali
196 789 350 873 tempore
365 783 528 869 existere;
547 783 735 850 discrimen
751 781 846 849 inter
861 786 1046 870 utramque
1070 783 1206 848 senten-

27 891 106 958 tiam
132 891 237 960 illem
253 891 374 960 evadit
389 891 541 975 verbale,
560 894 597 958 et
610 889 657 956 lis
681 893 757 956 tots
771 887 843 956 erit
857 888 898 955 de
915 886 1013 954 modo
1028 886 1205 978 loquendi.

26 998 97 1064 Non
122 1003 245 1087 potest
266 1002 381 1066 temen
412 997 556 1086 negari,
582 994 772 1064 secundnm
795 991 933 1062 dicendi
965 992 1102 1060 modum
1132 1014 1207 1062 esse

26 1105 127 1194 longe
152 1105 339 1174 clariorem
362 1111 398 1173 et
422 1103 689 1174 distinctiorem.

459 1337 604 1398 THESIS
626 1337 774 1396 XXXIII.

104 1470 238 1530 Divina
259 1471 461 1530 immensitas
482 1477 529 1530 est
549 1469 731 1529 eminentia
747 1467 808 1527 Dei
829 1484 930 1542 supra
952 1469 1126 1527 relationes

495 1567 557 1626 loci
578 1573 609 1625 et
628 1565 742 1642 spatii.

89 1779 102 1806 e
116 1757 202 1812 Sicut
219 1759 380 1812 ueteruItss
400 1771 430 1810 se
449 1755 537 1809 hebet
555 1753 591 1807 ed
611 1759 732 1820 tempus,
753 1753 798 1805 itu
817 1752 852 1808 ed
871 1755 962 1808 Iocum
981 1755 1011 1804 et
1030 1751 1155 1819 spatium
1176 1767 1207 1804 sc

31 1871 41 1884 ·
60 1849 151 1901 hebet
168 1849 349 1902 immensitas
369 1847 479 1900 divine.
500 1846 576 1898 Huec
594 1845 687 1909 igitur
699 1859 756 1897 uun
772 1844 863 1898 solum
882 1847 1026 1910 tumquum
1048 1841 1206 1908 omniprae-

32 1957 41 1972 =
60 1935 159 1988 sentis
176 1935 230 1987 Dei
248 1932 441 2000 intelligendu
459 1938 513 2000 eet,
536 1934 585 1988 sed
605 1940 750 2001 tumquum
780 1934 939 1986 eminentis
958 1933 1053 1986 divini
1072 1933 1140 1983 Erre
1159 1929 1205 1982 ub·

32 2048 41 2061 -
59 2025 151 2076 soluti
171 2041 260 2093 super
277 2041 387 2079 omnem
405 2026 576 2079 relationem
596 2026 652 2078 loci
666 2029 695 2077 et
707 2025 813 2092 spetii;
835 2023 912 2077 elcut
925 2023 1085 2084 usteruitss
1099 2021 1208 2075 eminet

33 2129 149 2181 -supsr
168 2130 264 2166 omnes
285 2116 442 2169 relctIonee
462 2117 609 2183 temporis.
640 2114 799 2170 Secundum
823 2115 897 2168 huuc
919 2115 1063 2167 notionem
1083 2113 1206 2167 attribu·

33 2225 42 2239 -
63 2211 121 2254 tum
142 2204 349 2258 immensitetis
378 2209 439 2258 turn
458 2222 492 2258 ex
512 2207 646 2259 absolute
665 2206 842 2273 perfectione
862 2204 979 2258 divinae
999 2205 1143 2258 cerentius
1162 2203 1206 2256 iu·

33 2315 43 2335 ³
62 2293 221 2360 colligitur,
242 2297 302 2348 tum
321 2311 357 2348 ex
375 2295 485 2350 directe
504 2295 636 2349 doctrine
654 2295 868 2364 ScrIptururnm
888 2293 1080 2348 deducitur.»
1174 2323 1176 2328 ·

92 2477 124 2546 Ι.
151 2479 254 2549 Sient
269 2481 384 2550 cuivis
404 2483 452 2552 rei
468 2485 592 2576 quovis
608 2485 707 2554 modo
722 2485 867 2554 duranti
882 2491 1000 2575 potest
1016 2483 1207 2552 coexistere

33 2595 162 2676 tempus
185 2588 261 2682 siue
291 2591 464 2658 successio
486 2615 622 2677 rernm,
648 2615 689 2661 ec
713 2599 896 2682 propterea
926 2597 1067 2660 aeterno
1091 2595 1208 2680 potest

35 2696 218 2763 coexistere
235 2702 373 2786 tempus
390 2698 426 2765 in
447 2699 684 2768 indefinitum:
703 2699 756 2768 itu
778 2701 884 2769 etiem
908 2700 1023 2770 cuivis
1040 2699 1206 2767 existenti

35 2807 141 2889 potest
164 2803 356 2873 coexistere
371 2805 470 2874 eliud
494 2829 535 2874 ee
557 2807 738 2892 relatione,
758 2829 861 2899 quem
879 2807 1028 2876 dicimus
1048 2828 1205 2896 praesen·
1228 2801 1233 2810 '

34 2910 126 2996 tiam3
152 2915 188 2978 et
210 2911 355 3000 proinde
377 2914 410 2982 ei
433 2915 494 3005 qni
518 2915 555 2983 in
579 2917 676 2984 modo
700 2915 874 2995 existendi
898 2939 959 3004 per
974 2915 1206 3004 praesentiam

35 3023 83 3084 est
110 3017 338 3106 fflimiccms,
373 3028 520 3111 possunt
548 3023 621 3092 ulie
651 3045 725 3092 esse
763 3023 962 3114 praesentis
993 3045 1054 3091 seu
1092 3028 1207 3112 potest

35 3123 102 3212 ipss
124 3125 207 3193 eliis
229 3149 304 3196 esse
334 3149 499 3218 praesens
529 3129 566 3198 in
590 3131 823 3200 indefinitum.
851 3131 922 3214 Qui
952 3135 1068 3198 eutem
1088 3117 1206 3198 ¹telem

36 3231 132 3300 hebet
146 3233 284 3302 modum
300 3238 530 3325 praesentiae,
549 3239 581 3306 is
597 3241 720 3308 merito
736 3239 873 3308 dicetur
889 3240 1087 3308 immensus.
1106 3237 1208 3308 Siout

36 3361 111 3428 ergo
134 3342 247 3430 prims
270 3349 306 3412 et
321 3345 425 3412 obvie
447 3346 544 3414 notio
568 3346 794 3415 aeternitatis
818 3346 961 3414 videtur
986 3345 1121 3436 concipi
1145 3367 1206 3436 per

36 3451 317 3538 comparutionem
341 3453 385 3520 ed
409 3453 603 3522 coexistens
626 3461 764 3543 tempus
788 3454 862 3524 sine
885 3453 1010 3540 limite;
1036 3455 1089 3522 ite
1111 3453 1207 3522 notio

37 3553 274 3627 immensitatis
290 3561 440 3650 primum
458 3583 532 3630 sese
549 3563 698 3630 offerens
714 3562 857 3631 videtur
880 3558 1016 3651 concipi
1029 3567 1205 3652 tamquam

39 3666 225 3748 praesentis
248 3665 323 3734 sine
345 3665 459 3735 limite
482 3667 550 3736 loci
573 3675 610 3736 et
633 3668 752 3759 spatii.

98 3767 139 3836 1⁰.
164 3771 430 3844 Consideremus
444 3772 710 3842 immensitatem
728 3775 792 3842 sub
808 3773 872 3842 hoc
889 3781 1068 3862 conceptu,
1088 3777 1206 3840 utrum

40 3893 76 3938 es
94 3877 139 3944 sit
160 3879 328 3967 perfectio
352 3887 389 3948 et
411 3881 483 3949 Deo
507 3881 666 3950 absolute
697 3883 851 3971 perfecto
881 3881 1076 3950 conveniet.
1102 3881 1206 3947 Prse-

43 3983 142 4050 sentis
156 3985 347 4075 spirituum
360 3988 540 4078 (spiritum
556 3987 647 4057 enim
663 4009 737 4056 esse
749 3988 860 4057 Deum
874 4010 967 4056 nunc
984 3987 1107 4056 merito
1125 4009 1206 4076 pos·

43 4105 147 4156 sumus
169 4095 378 4180 supponere)
395 4115 464 4159 non
487 4099 541 4162 est
563 4093 681 4161 eodem
704 4092 815 4175 modo,
834 4096 877 4159 ut
892 4090 1069 4159 nuturelie
1084 4097 1121 4160 et
1136 4114 1204 4160 em-

46 4191 142 4278 pirics
156 4199 356 4287 praeseutia
372 4223 565 4292 corporum.
581 4199 678 4283 Ques
692 4199 821 4267 hebent
837 4206 955 4290 partes
971 4205 1073 4268 extre
1088 4207 1207 4291 partes

48 4321 98 4368 seu
119 4327 202 4395 quae
226 4313 370 4376 extense
394 4315 500 4394 sunt,
526 4313 673 4400 possunt
695 4306 910 4376 naturaliter
938 4306 1023 4375 eliis
1053 4308 1207 4376 extensis

48 4415 225 4492 presentia
247 4435 323 4482 esse
346 4414 458 4484 solum
481 4417 552 4500 ite,
578 4421 619 4483 ut
642 4413 862 4504 singulorum
888 4415 1040 4504 partium
1065 4415 1207 4484 diverso
