3230 5072
537 419 575 433 -
596 387 657 449 365
679 419 717 432 -

51 494 194 582 spiritus
216 502 273 564 est
295 501 423 562 naturt
448 500 512 562 ent
542 491 769 576 immortalis,
797 492 834 560 in
858 515 921 560 sue
945 493 1141 559 substantia
1163 493 1215 560 in-

49 601 321 686 commutabilis,
352 608 388 671 et
420 603 456 670 in
485 601 606 670 ordine
637 600 681 668 ad
706 600 821 668 locum
853 607 1034 688 exemptus
1056 607 1093 668 at
1117 623 1215 690 supe·

46 709 113 775 rior
128 708 174 775 iis
192 708 302 777 modis
317 709 503 792 existendi,
522 709 648 800 quibus
672 729 816 796 corpore
833 707 870 773 in
891 708 1004 798 spatio
1023 707 1215 775 subiiciun-

41 823 109 882 tnr.
129 815 206 896 Quo
229 814 315 884 hacc
338 816 548 904 simplicitas
571 825 607 883 et
629 813 925 882 intellectualitas
940 821 994 882 est
1009 814 1210 904 perfectior,

44 943 77 986 eo
99 921 288 1010 perfectior
310 927 364 989 est
386 927 516 989 nature.
539 919 698 1010 spiritus.

104 1027 219 1118 Atqui
242 1051 285 1096 ex
308 1027 554 1097 demonstratis
571 1027 609 1095 in
626 1026 865 1116 superioribus
880 1025 1052 1096 thesibus:
1072 1033 1108 1113 a)
1121 1029 1215 1099 Deus

41 1146 93 1201 est
116 1134 327 1223 purissimus
350 1143 462 1221 actus,
482 1136 603 1226 inquo
626 1139 767 1224 propter
790 1133 1009 1203 essentialem
1032 1137 1214 1224 perfectio·

42 1265 116 1309 nem
139 1265 208 1310 non
225 1241 336 1309 solum
353 1242 555 1333 compositio
571 1241 720 1331 physica
735 1264 776 1308 ex
793 1241 954 1330 partibus
969 1239 1135 1328 realibus,
1155 1245 1214 1314 sed

42 1349 143 1418 etiam
168 1351 370 1440 compositio
394 1351 635 1441 metaphysica
649 1373 691 1418 ex
715 1349 875 1440 partibus
898 1350 1084 1418 secundum
1107 1352 1214 1420 ratio·
1323 1360 1325 1371 '

43 1481 115 1525 nem
138 1457 370 1526 consideratis
393 1459 551 1527 absolute
575 1463 762 1548 repugnat.
784 1458 817 1545 b)
832 1457 909 1526 Non
933 1457 1043 1525 solum
1067 1467 1120 1528 est
1135 1461 1215 1528 sub-

43 1564 172 1631 stantie
195 1563 466 1648 intellectualis,
493 1564 550 1633 cui
576 1563 625 1631 sit
648 1563 804 1632 facultas
827 1563 961 1633 veriet
984 1563 1064 1631 boni
1087 1565 1212 1654 ample·

43 1671 155 1739 otendi
186 1672 325 1740 actibus
358 1673 432 1740 suis
462 1673 652 1760 vitalibus;
680 1672 740 1740 sed
770 1679 825 1741 ast
854 1671 1090 1740 essentialiter
1122 1695 1213 1740 unus

43 1781 285 1848 substantivus
315 1785 436 1863 actus,
466 1779 527 1871 qui
550 1779 700 1848 identice
724 1787 780 1850 est
804 1784 840 1848 et
867 1801 989 1848 verum
1013 1779 1212 1849 absolutum

41 1898 71 1953 et
87 1887 281 1956 intellectio
303 1887 444 1956 infinita
467 1887 554 1972 veri,
572 1894 609 1955 et
626 1889 751 1955 bonum
774 1887 972 1956 absolutum
988 1895 1024 1956 et
1039 1909 1135 1955 amor
1159 1888 1211 1956 in·

42 1995 160 2062 finitus
184 1995 287 2079 boni,
313 2003 420 2087 atque
442 1996 496 2063 ita
519 1995 556 2063 in
580 2017 616 2064 se
645 1996 721 2084 ipso
752 2017 793 2064 ac
816 1994 853 2063 in
887 1995 1105 2084 plenitudine
1128 2016 1211 2063 snae

43 2101 262 2188 perfectionis
294 2102 454 2170 absoluta
481 2101 623 2169 infinita
650 2101 813 2169 beatitas.
844 2105 875 2187 c)
904 2100 1007 2169 Sicut
1032 2101 1128 2171 Deus
1158 2109 1212 2170 est

42 2206 199 2275 absoluta
221 2209 515 2277 incommutabilis
539 2209 692 2293 veritas,
723 2208 881 2292 bonitas,
907 2208 1026 2278 activa
1054 2208 1212 2299 potentia

42 2313 284 2382 substantialis
299 2321 336 2382 et
351 2337 460 2404 purus
480 2321 591 2401 ectum
612 2315 664 2382 ita
687 2313 824 2382 omnino
847 2321 1023 2404 repugnat
1045 2315 1121 2383 eius
1137 2337 1212 2404 per-

43 2419 184 2487 fectioni
207 2421 318 2488 omnis
341 2421 524 2505 successio,
543 2427 580 2490 et
596 2421 707 2488 omnis
722 2419 888 2488 limitatio
912 2421 1141 2510 praesentiae:
1159 2428 1213 2491 est

46 2525 110 2614 ipse
129 2548 193 2594 sua
212 2527 404 2595 aeternitas
427 2534 463 2595 et
486 2549 550 2596 sna
574 2527 800 2595 immensitas.

105 2635 199 2702 Haec
223 2635 301 2703 vita
323 2634 481 2704 infinitae
505 2634 766 2719 intellectionis,
792 2633 1006 2718 voluntatis,
1033 2633 1213 2702 beatitatis

45 2763 105 2808 non
128 2740 240 2811 solum
263 2747 317 2809 est
335 2747 436 2809 actus
458 2741 605 2809 intimus
629 2739 847 2808 substantiae
878 2739 1038 2826 divinae,
1065 2739 1125 2808 sed
1158 2745 1212 2808 est

43 2848 115 2936 ipse
136 2855 291 2932 aeterne,
316 2847 482 2916 immonsa
505 2847 707 2915 substantia
729 2846 863 2916 divine..
878 2874 894 2909 ο
910 2845 1020 2913 Totus
1042 2851 1097 2914 est
1119 2846 1211 2936 cogi-

42 2956 136 3039 tatio,
148 2963 247 3024 totus
264 2955 439 3038 voluntas,
456 2962 554 3024 totus
570 2977 676 3040 mens,
693 2960 789 3022 totus
805 2953 879 3039 lux,
894 2960 991 3022 totus
1007 2953 1140 3039 oculus,
1158 2961 1211 3022 to·

44 3071 98 3130 tus
121 3063 277 3146 auditus,
303 3069 401 3131 totus
424 3062 503 3130 fons
527 3062 678 3130 omnium
703 3061 1008 3129 bonornmalren.
1030 3059 1209 3130 1.1.0.12.

46 3169 434 3258 n.2.(1).Undedivina
448 3169 641 3238 intellectio
653 3176 688 3237 et
700 3169 865 3238 voluntas
881 3191 949 3236 non
965 3169 1075 3236 solum
1090 3175 1145 3237 est
1162 3168 1211 3235 in·

45 3277 231 3367 dependens
246 3279 290 3344 ab
305 3279 473 3360 omnibus,
492 3283 679 3367 quaesunt
695 3275 752 3345 vel
768 3275 919 3364 cogitari
941 3283 1088 3365 possunt
1111 3283 1212 3344 extre

45 3383 158 3472 ipsam,
172 3384 234 3452 sed
249 3390 303 3452 est
318 3383 530 3475 principium
550 3391 586 3452 et
601 3383 827 3473 exemplaret
843 3405 960 3469 cause,
978 3383 1070 3452 unde
1086 3383 1212 3473 pendet

47 3513 134 3560 omne
160 3513 295 3576 verum,
324 3494 587 3576 omnebonum,
611 3491 722 3559 omnis
747 3491 835 3575 vita,
866 3492 976 3560 omnis
1002 3491 1208 3576 intellectio,

47 3600 146 3667 omnis
161 3620 257 3665 amor
281 3599 372 3683 boni,
391 3599 501 3666 omnis
517 3597 710 3667 beatitudo.
728 3597 795 3666 Est
814 3597 928 3687 igitur
943 3599 1037 3668 Deus
1062 3599 1210 3689 spiritus

48 3705 217 3789 infinitus,
245 3705 327 3797 quia
350 3711 404 3774 est
427 3707 504 3775 vita
526 3706 780 3775 intellectualis
803 3707 962 3776 infinitae
984 3708 1211 3798 perfectionis

48 3811 63 3880 ὅ
83 3815 153 3894 ζωη,
167 3835 200 3878 το
216 3835 288 3904 par,
309 3809 464 3902 ictynnn,
483 3811 502 3882 t
522 3809 670 3892 ἀυτοζωη,
690 3812 709 3881 ὅ
734 3808 907 3905 ὅυτοοοφια,
929 3813 948 3881 ὅ
975 3813 1209 3900 &occupatores

47 3919 196 4010 (Dionys.
213 3919 287 3989 div.
301 3908 391 3988 nom.
410 3943 440 3990 c.
456 3920 489 3988 2.
509 3921 573 4008 5.);
593 3925 648 3989 est
670 3919 817 4010 spiritus
841 3942 944 3988 sensu
967 3919 1145 4004 eminenti,
1165 3919 1209 3988 ad

48 4049 134 4114 quem
157 4027 268 4096 creati
293 4027 442 4116 spiritus
465 4033 501 4096 at
535 4027 705 4119 quidquid
729 4027 891 4117 spiritale
925 4032 1063 4116 praetor
1094 4027 1207 4117 ipsum

49 4133 253 4235 concipitur,
279 4141 363 4202 sunt
392 4135 563 4224 imagines
593 4141 733 4203 tantum
762 4143 798 4203 et
828 4133 1090 4203 similitudines.
1116 4135 1209 4204 Hine

15 4317 17 4328 .
105 4275 144 4348 (1)
162 4283 247 4332 Tooro
269 4276 434 4350 εὀοοουμενος
454 4278 468 4333 ὅ
487 4301 530 4332 και
550 4276 632 4346 θελοι,
651 4300 711 4333 τοτε
733 4277 814 4334 Setae
834 4280 877 4334 ὅτε
891 4275 1023 4344 irroretur,
1041 4279 1103 4342 ὅλος
1117 4275 1203 4334 ἔννοια

52 4361 88 4428 e'v,
104 4366 160 4429 ὅλος
188 4364 313 4440 delapsa,
332 4367 392 4430 ὅλος
416 4388 491 4432 roos,
511 4367 572 4430 ὅλος
601 4382 669 4439 φως,
694 4369 756 4431 ὅλος
780 4365 937 4442 dotatrice,
957 4368 1018 4431 ὅλος
1045 4365 1122 4435 deon,
1141 4367 1203 4430 ὅλος

54 4472 114 4524 rnre
136 4479 237 4512 παντων
257 4479 304 4512 ron
326 4455 446 4530 ἀγαθον.
