3280 5070
404 465 477 526 tam
490 456 840 548 praedestinationem
856 455 995 548 gratiae
1010 461 1047 526 et
1062 457 1420 548 praedestinationem
1437 457 1580 549 gloriae,

405 584 493 656 quae
516 585 577 654 per
600 585 637 632 ee
660 567 816 653 spectata
838 567 957 632 estex
981 562 1118 634 meritis
1140 562 1280 654 gratiae
1302 571 1340 632 et
1363 564 1447 632 ideo
1471 586 1582 632 seeun-

406 670 487 740 dum
502 669 691 739 iustitiam.
713 667 789 737 «Ad
805 668 895 738 hano
911 669 1263 760 praedestinationem
1279 672 1443 762 pertinet
1458 677 1497 741 at
1511 693 1583 762 gra·

404 777 501 848 tuita
523 775 730 847 iustitioatio
752 777 1005 867 Redemptum,
1031 784 1068 848 et
1090 779 1186 848 iusta
1208 779 1362 850 redditio
1377 779 1527 849 indiois:
1546 779 1585 847 ad

404 885 494 955 hano
517 884 868 976 praedestinationem
890 886 1044 977 pertinet
1060 886 1311 973 misericordia,
1331 911 1443 980 quem
1457 887 1585 956 Paulus

405 1000 639 1088 consequutus
661 999 728 1080 est,
754 999 796 1064 ut
817 993 932 1064 tidelis
954 1002 1067 1084 essetp
1085 1001 1122 1066 et
1135 1017 1264 1066 eorona
1277 997 1464 1082 iustitiae,
1486 1017 1584 1090 quau

404 1103 526 1173 reddet
547 1102 580 1172 ei
602 1102 771 1172 Dominus
793 1101 831 1170 in
854 1101 919 1170 iila
941 1101 999 1172 die
1021 1102 1138 1173 iustus
1163 1103 1280 1189 iudex,
1306 1127 1378 1172 non
1393 1105 1515 1174 solum
1530 1126 1584 1172 au-

404 1216 474 1280 tem
496 1208 618 1296 Paulo‚
643 1208 704 1280 sed
726 1216 763 1278 et
786 1209 956 1295 omnibus,
982 1209 1042 1302 qui
1065 1209 1225 1302 diligunt
1247 1211 1445 1283 adventum
1469 1213 1582 1282 eius...

404 1318 531 1418 quibus
553 1317 647 1387 siout
664 1340 731 1406 per
745 1315 1013 1386 mirericordiam
1023 1320 1254 1409 praepotente
1266 1323 1474 1410 proteritate
1490 1323 1584 1386 iaeti-

397 1427 577 1519 fioutionie
599 1423 735 1507 donum,
760 1427 815 1492 ita
831 1448 898 1516 per
920 1427 1096 1493 iustitium
1106 1430 1339 1518 praeparavit
1356 1442 1524 1496 aeter-noe
1537 1428 1584 1514 (1)

404 1533 663 1622 iustificationis
673 1535 867 1623 proemium
883 1559 900 1596 n
918 1533 960 1603 do
975 1533 1128 1604 Veritat.
1146 1534 1365 1606 Maon.
1381 1559 1414 1608 o.
1430 1537 1468 1605 5.
1485 1535 1582 1604 Prae-

403 1640 618 1733 parationem
634 1639 780 1731 praemii
795 1661 857 1730 per
872 1639 1047 1710 iustitiam
1062 1640 1116 1712 ita
1131 1641 1300 1732 exprimit
1313 1641 1387 1712 alio
1407 1642 1491 1712 loeo
1510 1641 1535 1710 l.
1554 1641 1580 1710 Ι.

404 1771 434 1818 o.
448 1749 505 1817 24.
531 1747 576 1817 ad
597 1746 801 1816 Monimum:
822 1777 839 1812 e
856 1747 1068 1818 Ostensurne
1091 1749 1211 1842 itaque
1238 1750 1353 1836 Deus,
1388 1749 1483 1844 quid
1512 1748 1582 1817 red·

403 1857 554 1927 dandum
576 1855 808 1947 praeuniverit
830 1861 867 1926 et
889 1857 973 1950 qnid
987 1857 1185 1928 donandum
1208 1857 1271 1946 (2),
1296 1858 1581 1949 praedestinavit

404 1963 486 2034 illos
508 1962 553 2032 ad
576 1963 801 2056 supplicium,
826 1987 913 2057 quoe
935 1986 957 2033 a
979 1987 1016 2034 se
1038 1963 1231 2055 praescivit
1252 1965 1459 2036 voluntatis
1475 1964 1579 2034 malae

403 2071 493 2143 vitio
517 2071 750 2159 disoessuroe;
776 2081 812 2140 et
830 2069 1107 2160 praedestinavit
1129 2069 1175 2138 od
1197 2095 1351 2163 repetem,
1378 2095 1469 2162 quoe
1492 2071 1579 2140 odee
1632 2099 1633 2168 p

398 2183 588 2272 proeeoioit
609 2179 866 2248 miserirordiae
886 2183 1139 2268 praevenientia
1161 2181 1299 2248 oaoilio
1321 2181 1504 2250 rediturae
1516 2231 1527 2264 ‚
1550 2195 1577 2248 et
1632 2179 1633 2252 i

404 2293 442 2357 ie
474 2313 509 2356 ee
537 2285 791 2356 miserioordioe
820 2287 1054 2379 intorquentis
1084 2288 1221 2356 ouoilio
1253 2311 1321 2356 eeee
1349 2314 1574 2358 mumma

403 2397 493 2467 Vide
515 2395 727 2466 Altiootium
749 2395 787 2464 iu
803 2395 945 2465 Summa
958 2395 1224 2486 Augustiniana
1241 2396 1284 2465 Τ.
1301 2396 1366 2468 VI.
1385 2405 1527 2489 quaoet.
1544 2397 1572 2465 2.

402 2527 435 2575 a.
453 2505 488 2574 4.
505 2528 541 2574 n.
558 2503 614 2574 12.
629 2527 704 2597 sqq.

470 2611 676 2702 Theologos,
703 2611 764 2703 qui
786 2609 979 2680 defendunt
999 2609 1208 2680 sententiam
1235 2611 1419 2704 hueusque
1443 2613 1572 2684 demon·

402 2725 563 2806 stratam,
589 2742 657 2788 non
680 2739 762 2788 sane
785 2739 900 2787 omnes
923 2717 1013 2788 serie
1035 2725 1152 2788 tamen
1169 2719 1254 2788 bane
1267 2718 1375 2810 longa
1393 2743 1522 2814 eosque
1536 2743 1570 2789 en
1632 2813 1633 2816 Ἴ

402 2827 532 2898 sobolis
555 2825 707 2898 divorsis
725 2825 913 2896 reoensitoe
925 2824 1181 2916 reperiesapnd
1194 2825 1298 2897 Gard.
1314 2827 1530 2898 Toletumin
1542 2827 1570 2895 l.

402 2961 436 3028 q.
450 2934 506 3004 23.
522 2956 555 3004 a.
570 2936 604 3003 5.
619 2933 771 3004 oonolue.
785 2933 827 3020 25
850 2931 944 3022 apud
967 2931 1125 3024 Vaaquea
1149 2932 1182 3002 1.
1208 2931 1248 3004 P.
1275 2933 1365 3025 disp.
1393 2934 1452 3004 89.
1480 2957 1510 3004 o.
1534 2933 1568 3020 25

402 3041 494 3132 apud
517 3039 676 3110 Loesium
700 3039 742 3110 de
765 3038 943 3110 Praedeet.
970 3047 1055 3108 eeot.
1080 3039 1114 3108 2.
1139 3061 1175 3110 n.
1200 3040 1241 3130 83
1267 3048 1348 3132 post
1379 3041 1466 3110 illos
1485 3039 1571 3132 apud
1632 3043 1633 3104 t

402 3151 543 3220 Petrum
566 3149 608 3218 de
630 3147 823 3220 comitibus
846 3145 930 3216 Ord.
955 3143 992 3216 S.
1018 3147 1214 3237 Augustini
1237 3148 1280 3218 de
1302 3148 1522 3219 Praedestin.
1538 3153 1570 3216 et

400 3258 589 3349 Reprobat.
615 3255 707 3347 disp.
732 3255 801 3324 ΠΙ.
827 3275 860 3323 a.
887 3253 927 3342 93
952 3253 1046 3344 apud
1068 3253 1289 3324 cardinalem
1323 3254 1509 3326 Sfondrati
1529 3252 1569 3321 ad

401 3365 529 3436 oaloem
544 3365 692 3458 operiam
702 3363 823 3436 Nodos
838 3361 1173 3434 Praedeetinationia
1185 3361 1488 3434 dissolutus-Hie
1500 3369 1566 3432 tun
1632 3389 1633 3436 2

465 3653 508 3730 (1)
526 3654 689 3722 tegendum
707 3654 898 3723 probabiliter
911 3661 1052 3706 numam
1064 3665 1116 3720 pro
1129 3659 1269 3714 numne,
1285 3653 1332 3706 vel
1346 3649 1561 3720 ptoeifleetioaia

401 3761 452 3816 pro
471 3745 695 3812 imtiuentionie.
1632 3751 1633 3820 a

465 3835 508 3912 (1)
525 3835 667 3904 Quomodo
686 3836 793 3891 Paulus
808 3837 888 3892 Rom.
902 3835 1114 3890 V1.2d.vitam
1127 3839 1272 3888 neumam
1285 3835 1354 3888 lieet
1366 3831 1504 3888 reddum
1514 3843 1561 3883 ne
1632 3825 1633 3868 f

401 3929 469 3983 ritis
487 3926 773 3996 supernaturalibus,
794 3925 917 3992 gratiam
935 3926 1074 3992 appellet,
1095 3924 1223 3993 explieat
1244 3923 1419 3989 Fulgentius
1436 3921 1488 3976 boe
1503 3919 1558 3987 ipsa

401 4019 431 4072 in
451 4019 526 4072 libro
545 4023 575 4072 et
592 4017 675 4072 alibi.
692 4037 705 4064 ι
717 4017 757 4070 De
777 4015 958 4084 plenitudine
979 4017 1086 4084 quippe
1104 4015 1167 4069 eina
1185 4029 1237 4068 noe
1256 4029 1352 4068 omnes
1370 4011 1559 4081 aoeepinaeet

401 4107 524 4174 maen
542 4123 594 4175 pro
613 4107 709 4174 gratie
726 4103 784 4180 (Io.
800 4101 910 4176 1.1t.),
932 4106 1045 4160 seilioet
1062 4106 1186 4173 pretinm
1203 4103 1423 4171 plmsseotioeie
1438 4110 1556 4156 emec

395 4215 450 4265 pro
460 4199 557 4266 pretio
568 4197 781 4264 iaetifleetioeie
792 4197 947 4260 indebitae,
960 4198 994 4249 ut
1005 4197 1102 4262 gratie
1114 4195 1330 4251 iustificationis
1342 4209 1422 4248 omne
1434 4191 1552 4246 nerim

400 4291 505 4344 malum
523 4285 621 4342 deleat
638 4286 769 4342 indebito
788 4285 938 4354 benenom,
959 4291 989 4340 et
1007 4286 1135 4340 meritae»
1153 4285 1257 4339 tonan
1274 4285 1336 4350 iugi
1354 4281 1494 4338 mutnet
1508 4287 1548 4328 an·

399 4378 491 4444 xiiio,
514 4375 562 4430 eui
583 4376 681 4443 pretio
700 4375 922 4443 ploeifleotioeeie
945 4376 1037 4430 iuuene
1053 4375 1191 4428 reddatur
1206 4375 1240 4429 ie
1256 4374 1382 4440 penio
1393 4363 1545 4424 udaverit.

400 4465 499 4522 Praei.
514 4481 539 4520 a.
552 4465 596 4520 10.
609 4465 681 4520 Vide
699 4464 822 4532 donet.
834 4480 879 4534 ep.
892 4463 954 4520 leo.
966 4465 1056 4533 n.10;
1071 4479 1116 4533 ep.
1127 4461 1189 4517 194.
1199 4477 1229 4516 n.
1242 4463 1286 4517 la.
