3464 5058
930 409 967 427 ..
988 377 1049 440 558
1070 409 1108 426 ..

437 490 537 576 ponit
553 487 820 576 praescientiam
836 485 1052 574 futurorum,
1077 491 1113 554 et
1134 484 1211 554 ideo
1234 485 1328 554 sieut
1342 485 1436 552 Deus
1451 483 1598 554 docrevit

437 593 585 661 salutem
615 592 768 660 alieuius
797 591 947 658 hominis
977 611 1039 680 per
1071 591 1245 658 orationes
1282 590 1431 658 aliorum
1463 589 1597 680 implen-

436 701 514 770 dam
533 727 548 762 a
567 705 633 769 etc.
647 698 680 768 3.
696 725 730 790 q.
745 698 777 766 1.
792 719 824 767 a.
842 698 875 767 3.
892 697 935 765 ad
948 698 983 786 43
1004 728 1020 761 a
1038 697 1313 788 praedestinatio
1326 697 1477 765 includit
1494 698 1600 764 coluu-

438 821 541 874 tctem
563 821 826 898 consequentem,
851 829 939 898 quae
961 807 1103 896 respicit
1126 805 1246 896 aliquo
1270 803 1365 872 modo
1387 803 1436 888 id,
1452 803 1541 895 qaod
1563 829 1600 872 ee

431 929 536 1005 parte
558 929 676 982 costra
700 928 769 995 θεῖς
792 935 859 982 non
884 914 1022 1006 quidem
1045 914 1140 983 sicut
1162 913 1339 982 inclinans
1362 912 1520 983 divinam
1548 935 1600 982 vo·

433 1021 604 1092 luntatem
628 1021 672 1092 sd
696 1021 881 1091 volendum
898 1023 960 1108 (1),
979 1022 1039 1092 sed
1054 1022 1149 1092 siout
1163 1022 1213 1106 id,
1231 1021 1275 1090 ad
1291 1021 1394 1090 ouius
1409 1020 1602 1111 productio·

435 1153 511 1200 nem
534 1131 658 1200 divina
673 1129 838 1200 voluntas
853 1131 1006 1218 gratiam
1022 1129 1163 1198 ordinat
1176 1133 1191 1215 (
1199 1129 1441 1218 praedestinat
1455 1128 1601 1218 gratiam

435 1241 478 1306 ut
500 1238 584 1306 bena
601 1260 791 1327 operemur,
810 1245 846 1306 et
861 1243 903 1305 nt
918 1259 979 1327 per
996 1239 1083 1306 bona
1100 1258 1205 1327 opera
1220 1257 1413 1306 mereamur
1429 1237 1601 1327 gloriam),

435 1345 491 1415 vel
504 1345 610 1413 etiam
619 1350 632 1432 (
642 1345 678 1412 in
691 1345 1010 1435 praedestinatione
1018 1344 1214 1434 gratiarnm
1228 1343 1438 1414 ulteriorum
1451 1353 1488 1414 et
1499 1344 1604 1433 ipsius

435 1453 593 1544 gloriae)
615 1455 705 1519 sicat
728 1451 778 1535 id,
798 1451 888 1543 quod
905 1451 951 1519 ad
965 1432 1123 1542 'praciam
1135 1449 1377 1544 quodammodo
1392 1452 1561 1542 disponit,
1577 1467 1605 1518 et

435 1562 584 1654 plocium
606 1574 751 1626 meretur
768 1587 784 1622 a
804 1560 910 1628 verit.
925 1583 958 1650 q.
978 1560 1011 1628 6.
1026 1580 1058 1627 e.
1074 1559 1108 1628 2.
1123 1560 1168 1627 ad
1183 1559 1216 1627 2.

501 1668 568 1736 Hie
591 1665 783 1756 suppositis
798 1673 975 1758 tamquam
1007 1665 1113 1734 claris
1128 1671 1165 1734 et
1179 1665 1403 1752 indubitatis,
1423 1667 1495 1736 duo
1511 1690 1605 1759 qnae·

434 1774 485 1844 rit
498 1774 534 1844 S.
548 1773 669 1842 Thon.
688 1773 726 1839 in
743 1773 963 1862 responsione
980 1772 1012 1840 1.
1032 1796 1064 1863 q.
1084 1771 1140 1841 23.
1159 1793 1192 1842 a.
1204 1774 1237 1840 5.
1249 1772 1294 1841 ud
1310 1771 1343 1858 3,
1362 1795 1404 1841 ex
1421 1795 1493 1865 qua
1507 1774 1606 1842 verba

435 1882 561 1953 avulsa
582 1904 604 1950 a
626 1881 760 1950 Goneto
783 1883 952 1950 citanturs
978 1887 1013 1967 a)
1036 1881 1081 1951 ed
1105 1905 1206 1974 quem
1227 1881 1330 1950 finem
1352 1883 1451 1951 Deus
1468 1903 1604 1972 genera·

434 1991 498 2061 tim
522 1989 660 2059 ordinet
682 1989 792 2079 ipsam
816 1989 1092 2079 reprobationem
1116 1989 1299 2059 volontate
1330 1990 1455 2083 utique
1494 2011 1602 2059 conse·

435 2106 573 2194 quante,
599 2104 635 2167 et
657 2098 841 2189 supposita
863 2097 1062 2168 deficientia
1077 2097 1227 2167 hominis
1250 2119 1271 2166 a
1295 2099 1374 2182 fine,
1393 2121 1497 2191 quem
1520 2098 1607 2167 Dens

436 2205 618 2276 voluntate
641 2205 862 2275 antecedente
879 2227 942 2296 pro
958 2205 1115 2274 omnibus
1131 2204 1331 2274 hominibus
1350 2205 1531 2298 intendit?
1546 2205 1605 2273 Re·

435 2315 603 2405 spondet:
635 2314 730 2382 Deus
754 2312 847 2382 sicut
878 2311 1229 2403 praedestinationem
1260 2313 1402 2381 ordinet
1434 2312 1480 2383 ad
1506 2313 1605 2380 mani·

435 2422 655 2492 testationem
680 2443 762 2510 suae
778 2420 947 2488 bonitatis
963 2420 1177 2510 posmodum
1193 2420 1452 2490 misericordiae
1469 2443 1604 2512 parcen·

435 2531 490 2617 do,
516 2532 569 2600 ita
592 2530 733 2599 ordinat
755 2529 1028 2620 reprobationem
1052 2529 1097 2597 ad
1121 2528 1439 2598 manifestationem
1454 2550 1541 2598 suae
1556 2529 1605 2596 bo·

434 2639 559 2708 nitatis
582 2659 643 2728 per
666 2637 802 2705 modum
824 2637 984 2705 iustitiae
1004 2635 1187 2727 puniendo.
1215 2637 1410 2706 Discrimen
1435 2659 1521 2707 vero
1543 2644 1604 2720 est,

435 2745 525 2840 quod
549 2748 586 2812 in
610 2745 926 2834 praedestinatione
952 2743 1117 2814 voluntas
1131 2743 1293 2812 absoluta
1315 2765 1530 2834 consequens
1552 2743 1606 2810 ha·

435 2856 493 2923 bet
516 2853 605 2921 idem
629 2853 800 2921 obiectum
824 2852 915 2944 quod
940 2851 1105 2922 voluntas
1128 2851 1334 2920 antecedens
1357 2850 1604 2943 conditionata

435 2964 472 3032 in
496 2960 736 3053 reprobatione
759 2960 924 3029 voluntas
947 2960 1107 3028 absoluta
1134 2981 1345 3051 consequens
1374 2958 1606 3028 damnationis

435 3070 540 3140 habet
562 3069 732 3138 obiectum
756 3068 852 3138 alind
876 3089 979 3160 quam
1003 3067 1167 3136 voluntas
1201 3066 1407 3136 antecedens
1440 3067 1605 3136 conditio·

435 3183 531 3262 nata,
557 3197 644 3268 qnae
667 3176 748 3244 vult
770 3197 886 3244 omnes
909 3173 1026 3244 salvos
1049 3175 1138 3244 fieri.
1164 3175 1316 3258 Quaerit
1339 3175 1373 3261 b)
1397 3188 1603 3264 comparate,

436 3305 602 3376 quaenam
620 3283 668 3352 sit
682 3283 786 3368 ratio,
804 3305 867 3352 our
884 3282 977 3351 hunc
993 3283 1162 3351 hominem
1175 3289 1387 3372 peecatorem
1402 3281 1500 3350 Deus
1516 3303 1605 3371 prse-

437 3389 589 3459 destinet
616 3389 981 3479 (praedestinationem
998 3390 1035 3457 in
1051 3388 1230 3480 complexu
1256 3387 1443 3478 spectando
1458 3411 1481 3456 a
1496 3387 1603 3478 prima

437 3497 555 3588 gratia
569 3497 741 3589 usquead
758 3497 934 3587 gloriam),
958 3496 1168 3566 stulterum
1196 3518 1303 3588 aeque
1331 3495 1470 3588 quidem
1495 3495 1606 3586 gratis

317 3623 321 3631 ’
434 3605 618 3695 indignum
641 3605 813 3695 reprobet;
834 3627 911 3674 eum
925 3610 1040 3694 posset
1055 3604 1205 3694 priorem
1221 3625 1282 3693 per
1299 3602 1478 3672 iustitiam
1494 3623 1604 3692 repro·

436 3715 529 3798 bare,
555 3719 591 3780 et
606 3711 698 3780 hune
714 3712 864 3781 altarum
880 3735 942 3802 per
958 3710 1228 3782 misericordiam
1250 3710 1525 3801 praedestinare.
1543 3709 1604 3778 Hic

435 3819 618 3910 respondet
640 3820 742 3888 iuxta
764 3819 958 3889 doctrinam
981 3819 1142 3910 Apostoli
1165 3825 1201 3887 et
1223 3825 1441 3888 constantem
1457 3817 1604 3908 explica·

435 3927 563 3996 tionem
587 3925 808 4016 Augustini,
833 3947 901 3993 non
925 3926 993 3993 iam
1018 3925 1108 4016 qnod
1131 3924 1232 3993 nulla
1256 3923 1304 3993 sit
1333 3925 1426 3993 ratio
1448 3925 1603 4016 reproba·

435 4035 543 4104 tionis
566 4034 617 4122 (id
640 4032 730 4103 enim
754 4039 812 4111 est,
831 4033 1085 4120 falsissimum);
1112 4033 1172 4102 sed
1196 4033 1299 4126 qnod,
1326 4055 1403 4102 cum
1426 4034 1525 4102 ambo
1554 4051 1601 4100 ae

436 4163 501 4234 que
524 4142 597 4210 sint
619 4141 756 4230 indigni
781 4140 899 4230 grstia
922 4147 958 4209 et
980 4140 1079 4231 digni
1095 4141 1347 4230 reprobatione,
1366 4141 1602 4211 concedenter

503 4301 546 4380 (1)
564 4305 640 4360 Deus
658 4307 753 4360 omnia
767 4307 833 4361 vult
844 4309 962 4374 propter
973 4305 1114 4360 obiectum
1133 4307 1267 4374 princeps
1280 4319 1347 4359 susc
1363 4303 1600 4360 reluctatione.

437 4399 554 4466 propter
573 4407 652 4447 susm
671 4394 828 4448 bonitatem
852 4395 1051 4462 essentialem,
1074 4394 1150 4448 siout
1169 4396 1264 4448 omnis
1282 4395 1429 4462 renoscit
1447 4395 1478 4447 ln
1499 4391 1601 4448 obiecto

437 4484 593 4556 principali
611 4499 679 4539 suae
699 4485 872 4552 cognitionis
892 4485 921 4538 h.
937 4499 962 4538 e.
975 4485 1007 4538 in
1020 4499 1072 4540 sus
1087 4485 1214 4540 veritate
1231 4486 1393 4542 essentiali.
