3280 5070
925 391 962 408 ..
983 360 1046 422 570
1067 391 1105 406 ..

418 463 679 552 perseverantia
694 471 730 532 et
745 471 994 555 consequenter
1021 486 1099 532 oum
1115 463 1233 553 gloria
1249 469 1406 532 aeterne.
1424 461 1480 528 Ad
1496 482 1576 550 prae·

415 569 684 638 destinationem
709 571 772 638 hoc
795 569 894 638 modo
917 570 1173 638 consideratam
1199 569 1354 658 pertinet
1370 567 1435 636 ills
1450 565 1579 636 celebris

416 676 575 744 definitio
599 676 761 767 superius
790 675 967 766 descripta
991 679 1046 761 (ex
1073 675 1098 742 l.
1117 675 1159 744 de
1182 677 1280 744 Dono
1303 697 1441 766 persev.
1458 696 1489 742 e.
1507 673 1578 754 lt),
1627 694 1628 754 ι

415 784 475 852 ubi
491 783 699 852 includendo
719 783 1016 872 perseverantiam
1029 781 1307 873 praedestinatio
1314 775 1454 850 'dicitur
1472 800 1578 869 sprae-
1627 773 1628 836 Ϊ

413 891 562 960 scientia
584 899 620 958 ct
636 891 860 980 praeparatio
887 890 1129 958 beneficiorum
1154 890 1232 974 Dei,
1250 890 1377 982 quibus
1401 887 1581 958 certissime

415 997 623 1081 liberantur,
642 997 851 1088 quicumque
871 996 1112 1065 liberantur.»
1131 997 1206 1066 Hoc
1221 997 1329 1066 etiam
1347 995 1446 1064 modo
1462 999 1584 1084 spectat

416 1104 768 1193 praedestinationem
791 1109 864 1172 toto
889 1105 961 1172 t'ere
985 1103 1076 1172 libro
1099 1103 1143 1172 de
1169 1102 1330 1194 Corrept.
1349 1110 1386 1172 et
1403 1109 1498 1192 grat.
1515 1099 1583 1168 inde

418 1207 565 1302 sospite
583 1211 645 1280 VI.
661 1212 712 1280 At
727 1211 831 1295 ratio,
847 1233 909 1280 cur
921 1211 1040 1300 gratia
1055 1217 1092 1280 et
1104 1211 1195 1280 dona
1207 1209 1421 1300 multiplicia
1432 1209 1584 1278 dicautur

420 1319 807 1410 praedestinandum
822 1318 1017 1388 doctrinam
1034 1319 1231 1410 Augustini
1249 1318 1445 1388 certissime
1459 1339 1525 1384 non
1539 1321 1583 1380 est

419 1428 534 1518 posita
556 1427 593 1496 in
622 1425 831 1496 connexione
847 1448 926 1494 cum
943 1424 1347 1514 perseverantia‚o1ulto
1374 1446 1458 1494 vero
1482 1423 1583 1489 minus

420 1537 455 1606 iu
472 1536 691 1606 derivatione
714 1535 757 1602 ab
773 1535 997 1604 antecedente
1024 1533 1341 1624 praedestinatione
1363 1532 1409 1600 ed
1431 1532 1581 1622 gloriam.

419 1643 619 1712 Essentiam
641 1643 732 1710 enim
754 1640 1099 1731 praedestinationis,
1125 1647 1166 1708 ut
1188 1641 1371 1718 evidenter
1394 1645 1583 1708 constater

419 1748 546 1831 dictis,
571 1748 798 1837 Augustinus
821 1748 922 1816 unice
946 1747 983 1814 iu
1006 1769 1045 1816 eo
1069 1746 1236 1831 collocat,
1262 1747 1362 1837 quod:
1377 1746 1504 1816 donum
1529 1744 1584 1812 Dei

418 1855 470 1924 sit
492 1853 759 1946 supernaturale
790 1855 918 1922 effectu
948 1855 1025 1944 ipso
1055 1853 1222 1924 collatum
1253 1853 1469 1944 intempore
1494 1859 1529 1920 et
1549 1851 1585 1918 ab
1629 1917 1630 1926 ,

419 1971 560 2030 aeterno
583 1970 829 2052 praeparatum
853 1963 890 2032 iu
913 1964 1036 2034 divina
1059 1965 1304 2055 praesciautie;
1324 1964 1415 2032 unde
1441 1971 1478 2031 et
1497 1985 1585 2054 prce

420 2067 682 2136 destinationem
705 2071 906 2138 Sanctorum
929 2071 1187 2164 appellatque
1211 2075 1446 2162 praeparatur
1460 2070 1543 2138 fides
1556 2077 1584 2134 et

420 2199 489 2268 que
498 2183 729 2267 praeparatur
741 2177 901 2245 remissio
913 2186 1128 2268 peccatorum
1141 2181 1418 2270 «cuiuscumque
1429 2175 1585 2244 Christia-

420 2283 470 2368 ni,
483 2310 499 2346 ιι
514 2284 615 2352 nulla
627 2283 749 2352 habita
763 2285 898 2352 ratione
916 2285 1197 2376 perseverantiae
1212 2293 1249 2354 et
1265 2281 1583 2374 praedestinationis
1630 2313 1631 2320 ι

420 2390 464 2460 ad
488 2390 636 2480 gloriam
660 2391 799 2478 (Praed.
819 2391 883 2460 SS.
901 2416 935 2460 u.
954 2391 1039 2477 BL).

487 2497 534 2566 2⁰.
560 2499 773 2566 Electiooem
789 2501 833 2567 ab
849 2500 1052 2589 Augustino
1076 2499 1358 2591 frequentissime
1374 2497 1528 2586 intelligi
1548 2495 1582 2562 de

420 2605 590 2674 electione
613 2606 658 2676 ad
681 2606 833 2696 gratiam
857 2607 938 2676 fidei
971 2615 1007 2676 et
1035 2607 1300 2676 iustificationis
1332 2605 1507 2676 constabit
1534 2599 1580 2670 vel

421 2710 495 2778 sola
510 2711 628 2800 capita
643 2711 766 2780 17-19.
780 2711 822 2780 de
838 2713 963 2782 Praed.
980 2712 1043 2781 SS.
1055 2711 1265 2802 legentibus,
1280 2712 1341 2780 ubi
1356 2711 1451 2780 nihil
1467 2709 1581 2798 repetit
1631 2733 1632 2784 1

421 2818 653 2910 frequentius,
679 2839 781 2910 quam
806 2819 898 2911 quod
923 2819 1015 2888 liunt
1038 2819 1137 2886 electi
1162 2819 1342 2888 vocatione
1366 2819 1411 2888 ad
1429 2817 1537 2898 fidam,
1552 2821 1580 2879 et

421 2923 520 2990 electi
543 2925 711 2993 dicuntur
735 2947 863 3009 omnes,
890 2925 1018 3016 quibus
1042 2925 1128 2994 tides
1143 2923 1306 2994 donatur.
1324 2954 1341 2989 ι
1355 2923 1581 3012 Intelligimus

420 3031 640 3112 accesissent,
665 3053 735 3122 quc
752 3032 847 3118 finos
863 3031 975 3112 electi,
996 3054 1063 3100 nou
1088 3032 1149 3124 qni
1172 3030 1355 3120 eliguntur
1379 3031 1464 3122 quia
1485 3027 1579 3098 credi·

421 3135 568 3222 derunt;
595 3137 655 3207 sed
671 3139 734 3228 qni
749 3129 997 3226 eliquatus-,nt
1013 3137 1165 3206 meduna
1183 3165 1200 3200 o
1221 3166 1237 3202 ι
1251 3137 1374 3227 Elegit
1389 3161 1452 3206 nos
1467 3137 1580 3224 inipso

421 3247 502 3310 ants
526 3243 645 3311 muudi
669 3243 966 3312 constitutionem.
992 3244 1093 3326 Quod
1117 3245 1272 3334 proiecto
1296 3243 1524 3333 siproptercc
1537 3241 1579 3308 di·

422 3355 516 3418 otum
540 3357 604 3434 eet,
631 3355 714 3442 quia
737 3350 930 3441 praescivit
945 3351 1041 3420 Dens
1056 3350 1265 3434 credituros,
1284 3373 1352 3420 non
1370 3355 1458 3442 qnia
1475 3350 1577 3438 sacn-

422 3477 481 3520 rus
499 3453 625 3541 fuerat
641 3459 715 3544 ipse
730 3454 921 3538 nomem
940 3463 1063 3526 eontra
1078 3456 1182 3525 istam
1199 3457 1467 3546 praescientiam
1485 3440 1577 3547 loqui·

422 3567 483 3631 tur
505 3561 622 3630 Filius
644 3561 732 3654 Deip
756 3586 825 3632 non
849 3587 912 3632 vos
929 3587 981 3633 me
996 3565 1199 3655 elegistis.»
1221 3564 1374 3654 «Elegit
1388 3587 1453 3634 nos
1468 3565 1577 3652 inipso

420 3675 504 3738 ante
527 3669 646 3738 mundi
670 3671 969 3756 constitutionem,
995 3679 1037 3740 nt
1058 3695 1211 3742 essemus
1234 3672 1349 3742 sancti
1372 3679 1411 3740 et
1432 3672 1577 3740 immacu·

420 3775 501 3844 lati.
526 3776 603 3846 Neu
627 3798 713 3867 ergo
736 3778 819 3870 quia
843 3779 960 3847 futuri
975 3799 1126 3857 eramus,
1146 3779 1205 3848 sed
1221 3785 1263 3848 ut
1277 3801 1443 3848 essemus
1468 3779 1578 3864 Nempe

421 3891 644 3969 sentement,
669 3907 790 3976 nempe
814 3889 1039 3954 manifestum
1064 3891 1135 3956 eet:
1161 3886 1238 3956 ideo
1262 3887 1390 3977 quippe
1415 3887 1500 3952 soles
1520 3907 1576 3950 erc·

422 4015 494 4058 mas
512 3993 649 4080 saturi,
668 3997 755 4084 quic
778 3993 883 4082 elegit
901 3995 972 4082 ipse
990 3992 1267 4082 praedestinasse,
1284 4009 1323 4058 ct
1340 3995 1428 4060 tales
1441 4019 1502 4083 per
1511 4015 1578 4082 qro-

422 4101 508 4164 ts'cm
525 4102 596 4165 eins
609 4123 774 4166 essemuso
790 4107 857 4168 eto.
876 4101 933 4168 Ita
948 4101 1052 4169 etiam
1070 4102 1108 4168 in
1133 4102 1183 4168 Io.
1199 4107 1305 4170 tract.
1320 4101 1376 4168 86.
1392 4124 1427 4168 n.
1441 4101 1474 4168 2.
1491 4099 1578 4166 «Non

423 4225 485 4272 vos
508 4227 559 4272 me
582 4205 754 4296 elegistis,
780 4205 839 4275 sed
863 4229 928 4295 ego
943 4207 1035 4298 elegi
1052 4229 1126 4275 vos.
1144 4209 1237 4276 Haec
1253 4215 1308 4275 est
1324 4207 1390 4274 illa
1406 4205 1579 4276 ineffabilis

422 4309 582 4400 gratia...
608 4311 728 4403 Neque
750 4313 841 4382 enim
866 4313 933 4382 iam
951 4313 1209 4384 credideramus
1226 4313 1262 4380 in
1279 4335 1371 4398 enm,
1391 4323 1432 4382 ut
1448 4313 1577 4402 eligeret

422 4437 503 4502 uos;
530 4441 608 4482 ιιιιιιι
630 4419 662 4484 si
689 4416 856 4484 credulas
886 4419 991 4508 elegit
1014 4423 1078 4506 (ut
1100 4419 1242 4487 aiebant
1272 4416 1570 4510 Semipelagiaui),
