<?xml version="1.0" encoding="UTF-8"?>
<!DOCTYPE html PUBLIC "-//W3C//DTD XHTML 1.0 Transitional//EN"
    "http://www.w3.org/TR/xhtml1/DTD/xhtml1-transitional.dtd">
<html xmlns="http://www.w3.org/1999/xhtml" xml:lang="en" lang="en">
 <head>
  <title>
</title>
<meta http-equiv="Content-Type" content="text/html;charset=utf-8" />
  <meta name='ocr-system' content='tesseract 3.04.00' />
  <meta name='ocr-capabilities' content='ocr_page ocr_carea ocr_par ocr_line ocrx_word'/>
</head>
<body>
  <div class='ocr_page' id='page_1' title='image "./ioannisbaptfran01frangoog_0501.png"; bbox 0 0 3262 5076; ppageno 0'>
   <div class='ocr_carea' id='block_1_1' title="bbox 386 272 1622 3496">
    <p class='ocr_par' dir='ltr' id='par_1_1' title="bbox 386 272 1622 3496">
     <span class='ocr_line' id='line_1_1' title="bbox 886 272 1193 334; baseline 0.007 -14"><span class='ocrx_word' id='word_1_1' title='bbox 886 305 923 320; x_wconf 95' lang='grc'><strong>..</strong></span> <span class='ocrx_word' id='word_1_2' title='bbox 945 272 1005 334; x_wconf 76' lang='lat'><strong>434</strong></span> <span class='ocrx_word' id='word_1_3' title='bbox 1027 303 1065 318; x_wconf 91' lang='lat'>-</span> <span class='ocrx_word' id='word_1_4' title='bbox 1188 313 1193 322; x_wconf 93' lang='lat'><strong>.</strong></span> 
     </span>
     <span class='ocr_line' id='line_1_2' title="bbox 392 375 1547 468; baseline -0.001 -21"><span class='ocrx_word' id='word_1_5' title='bbox 392 379 726 466; x_wconf 74' lang='lat' dir='ltr'><strong>misericordiarum,</strong></span> <span class='ocrx_word' id='word_1_6' title='bbox 758 386 801 448; x_wconf 89' lang='lat' dir='ltr'><strong>ut</strong></span> <span class='ocrx_word' id='word_1_7' title='bbox 830 401 946 448; x_wconf 82' lang='lat' dir='ltr'><strong>omnes</strong></span> <span class='ocrx_word' id='word_1_8' title='bbox 975 400 1037 468; x_wconf 88' lang='lat' dir='ltr'><strong>per</strong></span> <span class='ocrx_word' id='word_1_9' title='bbox 1058 375 1192 446; x_wconf 86' lang='lat' dir='ltr'><strong>Fi1ium</strong></span> <span class='ocrx_word' id='word_1_10' title='bbox 1215 375 1401 447; x_wconf 84' lang='lat' dir='ltr'><strong>salventur</strong></span> <span class='ocrx_word' id='word_1_11' title='bbox 1422 377 1471 448; x_wconf 93' lang='lat' dir='ltr'><strong>Io.</strong></span> <span class='ocrx_word' id='word_1_12' title='bbox 1488 379 1547 446; x_wconf 89' lang='lat'><strong>111.</strong></span> 
     </span>
     <span class='ocr_line' id='line_1_3' title="bbox 393 484 1551 574; baseline 0 -18"><span class='ocrx_word' id='word_1_13' title='bbox 393 485 506 574; x_wconf 74' lang='lat'>14183</span> <span class='ocrx_word' id='word_1_14' title='bbox 521 487 583 556; x_wconf 92' lang='lat' dir='ltr'><strong>VI.</strong></span> <span class='ocrx_word' id='word_1_15' title='bbox 595 487 710 574; x_wconf 73' lang='lat' dir='ltr'><strong>iti-403</strong></span> <span class='ocrx_word' id='word_1_16' title='bbox 726 487 772 556; x_wconf 82' lang='lat' dir='ltr'><strong>ci.</strong></span> <span class='ocrx_word' id='word_1_17' title='bbox 783 486 902 555; x_wconf 89' lang='lat' dir='ltr'>XVII.</span> <span class='ocrx_word' id='word_1_18' title='bbox 918 485 973 554; x_wconf 83' lang='lat'><strong>12.</strong></span> <span class='ocrx_word' id='word_1_19' title='bbox 988 485 1051 571; x_wconf 89' lang='lat'><strong>(1).</strong></span> <span class='ocrx_word' id='word_1_20' title='bbox 1065 484 1165 553; x_wconf 80' lang='lat' dir='ltr'><strong>Inter</strong></span> <span class='ocrx_word' id='word_1_21' title='bbox 1179 507 1237 553; x_wconf 85' lang='lat' dir='ltr'><strong>eos</strong></span> <span class='ocrx_word' id='word_1_22' title='bbox 1252 493 1371 554; x_wconf 80' lang='lat' dir='ltr'><strong>autem</strong></span> <span class='ocrx_word' id='word_1_23' title='bbox 1386 487 1551 556; x_wconf 73' lang='lat' dir='ltr'><strong>credentes</strong></span> 
     </span>
     <span class='ocr_line' id='line_1_4' title="bbox 391 595 1553 688; baseline -0.001 -23"><span class='ocrx_word' id='word_1_24' title='bbox 391 619 484 680; x_wconf 84' lang='lat' dir='ltr'><strong>ease,</strong></span> <span class='ocrx_word' id='word_1_25' title='bbox 511 597 572 688; x_wconf 90' lang='lat' dir='ltr'><strong>qui</strong></span> <span class='ocrx_word' id='word_1_26' title='bbox 595 619 657 665; x_wconf 85' lang='lat' dir='ltr'><strong>auo</strong></span> <span class='ocrx_word' id='word_1_27' title='bbox 680 595 768 664; x_wconf 87' lang='lat' dir='ltr'><strong>vitio</strong></span> <span class='ocrx_word' id='word_1_28' title='bbox 798 595 947 664; x_wconf 84' lang='lat' dir='ltr'><strong>salutem</strong></span> <span class='ocrx_word' id='word_1_29' title='bbox 978 617 1046 662; x_wconf 91' lang='lat' dir='ltr'><strong>non</strong></span> <span class='ocrx_word' id='word_1_30' title='bbox 1076 599 1161 662; x_wconf 85' lang='lat' dir='ltr'><strong>suut</strong></span> <span class='ocrx_word' id='word_1_31' title='bbox 1191 597 1436 680; x_wconf 77' lang='lat' dir='ltr'><strong>consecuturi,</strong></span> <span class='ocrx_word' id='word_1_32' title='bbox 1465 619 1553 665; x_wconf 89' lang='lat' dir='ltr'><strong>neno</strong></span> 
     </span>
     <span class='ocr_line' id='line_1_5' title="bbox 392 699 1553 794; baseline -0.002 -22"><span class='ocrx_word' id='word_1_33' title='bbox 392 701 552 772; x_wconf 76' lang='lat' dir='ltr'><strong>dubitare</strong></span> <span class='ocrx_word' id='word_1_34' title='bbox 568 707 693 794; x_wconf 81' lang='lat' dir='ltr'><strong>potest,</strong></span> <span class='ocrx_word' id='word_1_35' title='bbox 711 701 782 771; x_wconf 84' lang='lat' dir='ltr'><strong>nisi</strong></span> <span class='ocrx_word' id='word_1_36' title='bbox 805 703 865 792; x_wconf 89' lang='lat' dir='ltr'><strong>qui</strong></span> <span class='ocrx_word' id='word_1_37' title='bbox 889 725 966 770; x_wconf 91' lang='lat' dir='ltr'><strong>cum</strong></span> <span class='ocrx_word' id='word_1_38' title='bbox 984 699 1215 786; x_wconf 77' lang='lat' dir='ltr'><strong>calvinianis,</strong></span> <span class='ocrx_word' id='word_1_39' title='bbox 1242 723 1264 770; x_wconf 91' lang='lat' dir='ltr'><strong>a</strong></span> <span class='ocrx_word' id='word_1_40' title='bbox 1286 701 1416 793; x_wconf 88' lang='lat' dir='ltr'><strong>quibus</strong></span> <span class='ocrx_word' id='word_1_41' title='bbox 1438 703 1553 770; x_wconf 81' lang='lat' dir='ltr'><strong>hucin</strong></span> 
     </span>
     <span class='ocr_line' id='line_1_6' title="bbox 392 807 1555 902; baseline -0.003 -23"><span class='ocrx_word' id='word_1_42' title='bbox 392 833 430 880; x_wconf 87' lang='lat' dir='ltr'><strong>re</strong></span> <span class='ocrx_word' id='word_1_43' title='bbox 452 810 521 902; x_wconf 89' lang='lat' dir='ltr'><strong>ipsi</strong></span> <span class='ocrx_word' id='word_1_44' title='bbox 545 809 747 880; x_wconf 88' lang='lat' dir='ltr'><strong>Iauseuiaui</strong></span> <span class='ocrx_word' id='word_1_45' title='bbox 770 807 995 891; x_wconf 84' lang='lat' dir='ltr'><strong>dissentiunt,</strong></span> <span class='ocrx_word' id='word_1_46' title='bbox 1021 807 1170 876; x_wconf 90' lang='lat' dir='ltr'><strong>absurde</strong></span> <span class='ocrx_word' id='word_1_47' title='bbox 1193 809 1381 877; x_wconf 80' lang='lat' dir='ltr'><strong>contendat</strong></span> <span class='ocrx_word' id='word_1_48' title='bbox 1401 831 1464 877; x_wconf 84' lang='lat' dir='ltr'><strong>nco</strong></span> <span class='ocrx_word' id='word_1_49' title='bbox 1485 831 1555 899; x_wconf 81' lang='lat' dir='ltr'><strong>gru·</strong></span> 
     </span>
     <span class='ocr_line' id='line_1_7' title="bbox 391 916 1622 1004; baseline -0.004 -16"><span class='ocrx_word' id='word_1_50' title='bbox 391 919 476 988; x_wconf 82' lang='lat' dir='ltr'><strong>tIam</strong></span> <span class='ocrx_word' id='word_1_51' title='bbox 499 917 595 1004; x_wconf 84' lang='lat' dir='ltr'><strong>fidei,</strong></span> <span class='ocrx_word' id='word_1_52' title='bbox 613 939 675 986; x_wconf 87' lang='lat' dir='ltr'><strong>uec</strong></span> <span class='ocrx_word' id='word_1_53' title='bbox 691 916 802 984; x_wconf 91' lang='lat' dir='ltr'><strong>ullum</strong></span> <span class='ocrx_word' id='word_1_54' title='bbox 824 917 988 984; x_wconf 83' lang='lat' dir='ltr'><strong>effectum</strong></span> <span class='ocrx_word' id='word_1_55' title='bbox 1012 922 1319 1000; x_wconf 87' lang='lat' dir='ltr'><strong>sacramentorum,</strong></span> <span class='ocrx_word' id='word_1_56' title='bbox 1337 939 1402 985; x_wconf 86' lang='lat' dir='ltr'><strong>nec</strong></span> <span class='ocrx_word' id='word_1_57' title='bbox 1425 917 1555 985; x_wconf 81' lang='lat' dir='ltr'><strong>univer-</strong></span> <span class='ocrx_word' id='word_1_58' title='bbox 1621 937 1622 971; x_wconf 82' lang='lat'>1</span> 
     </span>
     <span class='ocr_line' id='line_1_8' title="bbox 391 1023 1556 1116; baseline -0.002 -22"><span class='ocrx_word' id='word_1_59' title='bbox 391 1026 457 1094; x_wconf 92' lang='lat' dir='ltr'><strong>sim</strong></span> <span class='ocrx_word' id='word_1_60' title='bbox 482 1025 593 1095; x_wconf 92' lang='lat' dir='ltr'><strong>ullum</strong></span> <span class='ocrx_word' id='word_1_61' title='bbox 616 1025 741 1094; x_wconf 90' lang='lat' dir='ltr'><strong>donum</strong></span> <span class='ocrx_word' id='word_1_62' title='bbox 765 1023 1034 1112; x_wconf 78' lang='lat' dir='ltr'><strong>supernaturale</strong></span> <span class='ocrx_word' id='word_1_63' title='bbox 1057 1045 1220 1114; x_wconf 89' lang='lat' dir='ltr'><strong>umquam</strong></span> <span class='ocrx_word' id='word_1_64' title='bbox 1249 1025 1390 1094; x_wconf 87' lang='lat' dir='ltr'><strong>concedi</strong></span> <span class='ocrx_word' id='word_1_65' title='bbox 1414 1025 1480 1108; x_wconf 88' lang='lat' dir='ltr'><strong>iis,</strong></span> <span class='ocrx_word' id='word_1_66' title='bbox 1504 1025 1556 1116; x_wconf 91' lang='lat' dir='ltr'><strong>qui</strong></span> 
     </span>
     <span class='ocr_line' id='line_1_9' title="bbox 390 1129 1557 1224; baseline -0.003 -22"><span class='ocrx_word' id='word_1_67' title='bbox 390 1157 458 1202; x_wconf 93' lang='lat' dir='ltr'><strong>non</strong></span> <span class='ocrx_word' id='word_1_68' title='bbox 482 1139 566 1202; x_wconf 83' lang='lat' dir='ltr'><strong>sunt</strong></span> <span class='ocrx_word' id='word_1_69' title='bbox 588 1131 680 1200; x_wconf 88' lang='lat' dir='ltr'><strong>inter</strong></span> <span class='ocrx_word' id='word_1_70' title='bbox 702 1129 991 1220; x_wconf 84' lang='lat' dir='ltr'><strong>praedestinatos,</strong></span> <span class='ocrx_word' id='word_1_71' title='bbox 1015 1130 1169 1220; x_wconf 86' lang='lat' dir='ltr'><strong>adeoque</strong></span> <span class='ocrx_word' id='word_1_72' title='bbox 1190 1131 1237 1198; x_wconf 87' lang='lat' dir='ltr'><strong>iis</strong></span> <span class='ocrx_word' id='word_1_73' title='bbox 1260 1132 1421 1199; x_wconf 89' lang='lat' dir='ltr'><strong>omnibus</strong></span> <span class='ocrx_word' id='word_1_74' title='bbox 1445 1133 1557 1224; x_wconf 83' lang='lat' dir='ltr'><strong>quire</strong></span> 
     </span>
     <span class='ocr_line' id='line_1_10' title="bbox 389 1235 1555 1333; baseline -0.004 -23"><span class='ocrx_word' id='word_1_75' title='bbox 389 1241 467 1333; x_wconf 85' lang='lat' dir='ltr'><strong>ipsa</strong></span> <span class='ocrx_word' id='word_1_76' title='bbox 481 1263 549 1308; x_wconf 89' lang='lat' dir='ltr'><strong>nou</strong></span> <span class='ocrx_word' id='word_1_77' title='bbox 564 1237 760 1308; x_wconf 86' lang='lat' dir='ltr'><strong>salvantur.</strong></span> <span class='ocrx_word' id='word_1_78' title='bbox 781 1237 814 1322; x_wconf 81' lang='lat' dir='ltr'><strong>d)</strong></span> <span class='ocrx_word' id='word_1_79' title='bbox 830 1235 933 1306; x_wconf 85' lang='lat' dir='ltr'><strong>Sicut</strong></span> <span class='ocrx_word' id='word_1_80' title='bbox 947 1237 1054 1306; x_wconf 75' lang='lat' dir='ltr'><strong>Pater</strong></span> <span class='ocrx_word' id='word_1_81' title='bbox 1067 1238 1198 1308; x_wconf 85' lang='lat' dir='ltr'><strong>Filium</strong></span> <span class='ocrx_word' id='word_1_82' title='bbox 1213 1241 1440 1328; x_wconf 87' lang='lat' dir='ltr'><strong>unigenitum</strong></span> <span class='ocrx_word' id='word_1_83' title='bbox 1456 1240 1555 1320; x_wconf 83' lang='lat' dir='ltr'><strong>dedit,</strong></span> 
     </span>
     <span class='ocr_line' id='line_1_11' title="bbox 390 1343 1556 1438; baseline -0.006 -17"><span class='ocrx_word' id='word_1_84' title='bbox 390 1355 432 1422; x_wconf 86' lang='lat' dir='ltr'><strong>ut</strong></span> <span class='ocrx_word' id='word_1_85' title='bbox 454 1347 564 1418; x_wconf 86' lang='lat' dir='ltr'><strong>omnis</strong></span> <span class='ocrx_word' id='word_1_86' title='bbox 587 1345 648 1438; x_wconf 91' lang='lat' dir='ltr'><strong>qui</strong></span> <span class='ocrx_word' id='word_1_87' title='bbox 674 1343 787 1412; x_wconf 85' lang='lat' dir='ltr'><strong>credit</strong></span> <span class='ocrx_word' id='word_1_88' title='bbox 808 1343 845 1412; x_wconf 89' lang='lat' dir='ltr'><strong>iu</strong></span> <span class='ocrx_word' id='word_1_89' title='bbox 868 1365 959 1428; x_wconf 91' lang='lat' dir='ltr'><strong>eum,</strong></span> <span class='ocrx_word' id='word_1_90' title='bbox 984 1367 1053 1412; x_wconf 89' lang='lat' dir='ltr'><strong>non</strong></span> <span class='ocrx_word' id='word_1_91' title='bbox 1077 1353 1208 1434; x_wconf 85' lang='lat' dir='ltr'><strong>pereat,</strong></span> <span class='ocrx_word' id='word_1_92' title='bbox 1228 1347 1287 1414; x_wconf 86' lang='lat' dir='ltr'><strong>sed</strong></span> <span class='ocrx_word' id='word_1_93' title='bbox 1302 1347 1434 1416; x_wconf 82' lang='lat' dir='ltr'><strong>habeat</strong></span> <span class='ocrx_word' id='word_1_94' title='bbox 1456 1349 1556 1416; x_wconf 79' lang='lat' dir='ltr'><strong>vitam</strong></span> 
     </span>
     <span class='ocr_line' id='line_1_12' title="bbox 389 1450 1557 1544; baseline -0.007 -15"><span class='ocrx_word' id='word_1_95' title='bbox 389 1465 563 1528; x_wconf 85' lang='lat' dir='ltr'><strong>aeternam</strong></span> <span class='ocrx_word' id='word_1_96' title='bbox 586 1451 791 1538; x_wconf 82' lang='lat' dir='ltr'><strong>10.111.1o;</strong></span> <span class='ocrx_word' id='word_1_97' title='bbox 817 1451 869 1520; x_wconf 85' lang='lat' dir='ltr'><strong>ita</strong></span> <span class='ocrx_word' id='word_1_98' title='bbox 891 1450 1056 1521; x_wconf 85' lang='lat' dir='ltr'><strong>Christus</strong></span> <span class='ocrx_word' id='word_1_99' title='bbox 1072 1453 1238 1523; x_wconf 79' lang='lat' dir='ltr'><strong>Salvator</strong></span> <span class='ocrx_word' id='word_1_100' title='bbox 1261 1456 1408 1544; x_wconf 85' lang='lat' dir='ltr'><strong>rogavit</strong></span> <span class='ocrx_word' id='word_1_101' title='bbox 1428 1455 1557 1522; x_wconf 83' lang='lat' dir='ltr'><strong>Patrem</strong></span> 
     </span>
     <span class='ocr_line' id='line_1_13' title="bbox 388 1559 1556 1660; baseline -0.005 -24"><span class='ocrx_word' id='word_1_102' title='bbox 388 1591 452 1660; x_wconf 89' lang='lat' dir='ltr'><strong>pro</strong></span> <span class='ocrx_word' id='word_1_103' title='bbox 464 1563 622 1634; x_wconf 85' lang='lat' dir='ltr'><strong>omuibus</strong></span> <span class='ocrx_word' id='word_1_104' title='bbox 634 1559 835 1644; x_wconf 86' lang='lat' dir='ltr'><strong>credituris,</strong></span> <span class='ocrx_word' id='word_1_105' title='bbox 852 1565 895 1628; x_wconf 79' lang='lat' dir='ltr'><strong>ut</strong></span> <span class='ocrx_word' id='word_1_106' title='bbox 909 1559 983 1628; x_wconf 85' lang='lat' dir='ltr'><strong>sint</strong></span> <span class='ocrx_word' id='word_1_107' title='bbox 999 1561 1034 1628; x_wconf 89' lang='lat' dir='ltr'><strong>in</strong></span> <span class='ocrx_word' id='word_1_108' title='bbox 1051 1561 1157 1630; x_wconf 90' lang='lat' dir='ltr'><strong>Patre</strong></span> <span class='ocrx_word' id='word_1_109' title='bbox 1174 1567 1210 1630; x_wconf 79' lang='lat' dir='ltr'><strong>et</strong></span> <span class='ocrx_word' id='word_1_110' title='bbox 1225 1563 1261 1630; x_wconf 91' lang='lat' dir='ltr'><strong>iu</strong></span> <span class='ocrx_word' id='word_1_111' title='bbox 1273 1563 1368 1630; x_wconf 84' lang='lat' dir='ltr'><strong>Filio</strong></span> <span class='ocrx_word' id='word_1_112' title='bbox 1380 1563 1433 1631; x_wconf 90' lang='lat' dir='ltr'><strong>lo.</strong></span> <span class='ocrx_word' id='word_1_113' title='bbox 1447 1563 1556 1632; x_wconf 81' lang='lat' dir='ltr'><strong>XVII.</strong></span> 
     </span>
     <span class='ocr_line' id='line_1_14' title="bbox 388 1666 1558 1758; baseline -0.006 -13"><span class='ocrx_word' id='word_1_114' title='bbox 388 1675 444 1746; x_wconf 77' lang='lat'><strong>20.</strong></span> <span class='ocrx_word' id='word_1_115' title='bbox 458 1673 515 1744; x_wconf 80' lang='lat'><strong>21.</strong></span> <span class='ocrx_word' id='word_1_116' title='bbox 533 1671 604 1740; x_wconf 88' lang='lat' dir='ltr'><strong>Nec</strong></span> <span class='ocrx_word' id='word_1_117' title='bbox 620 1666 718 1738; x_wconf 88' lang='lat' dir='ltr'><strong>modo</strong></span> <span class='ocrx_word' id='word_1_118' title='bbox 741 1667 943 1752; x_wconf 83' lang='lat' dir='ltr'><strong>orationem,</strong></span> <span class='ocrx_word' id='word_1_119' title='bbox 962 1667 1019 1736; x_wconf 85' lang='lat' dir='ltr'><strong>sed</strong></span> <span class='ocrx_word' id='word_1_120' title='bbox 1044 1669 1150 1738; x_wconf 84' lang='lat' dir='ltr'><strong>etium</strong></span> <span class='ocrx_word' id='word_1_121' title='bbox 1175 1669 1483 1758; x_wconf 86' lang='lat' dir='ltr'><strong>praedicationem,</strong></span> <span class='ocrx_word' id='word_1_122' title='bbox 1501 1672 1558 1738; x_wconf 83' lang='lat' dir='ltr'><strong>sol·</strong></span> 
     </span>
     <span class='ocr_line' id='line_1_15' title="bbox 389 1775 1560 1869; baseline -0.007 -13"><span class='ocrx_word' id='word_1_123' title='bbox 389 1781 604 1863; x_wconf 86' lang='lat' dir='ltr'><strong>licitudiuea,</strong></span> <span class='ocrx_word' id='word_1_124' title='bbox 622 1777 770 1860; x_wconf 84' lang='lat' dir='ltr'><strong>labores,</strong></span> <span class='ocrx_word' id='word_1_125' title='bbox 788 1775 959 1844; x_wconf 90' lang='lat' dir='ltr'><strong>miracula</strong></span> <span class='ocrx_word' id='word_1_126' title='bbox 981 1775 1154 1867; x_wconf 86' lang='lat' dir='ltr'><strong>impendit</strong></span> <span class='ocrx_word' id='word_1_127' title='bbox 1169 1785 1210 1845; x_wconf 91' lang='lat' dir='ltr'><strong>ut</strong></span> <span class='ocrx_word' id='word_1_128' title='bbox 1225 1787 1460 1869; x_wconf 78' lang='lat' dir='ltr'><strong>congregaret</strong></span> <span class='ocrx_word' id='word_1_129' title='bbox 1477 1781 1560 1848; x_wconf 78' lang='lat' dir='ltr'><strong>filios</strong></span> 
     </span>
     <span class='ocr_line' id='line_1_16' title="bbox 387 1883 1557 1978; baseline -0.008 -15"><span class='ocrx_word' id='word_1_130' title='bbox 387 1890 596 1974; x_wconf 76' lang='lat' dir='ltr'><strong>Ierusalem,</strong></span> <span class='ocrx_word' id='word_1_131' title='bbox 633 1915 649 1952; x_wconf 77' lang='lat' dir='ltr'><strong>c</strong></span> <span class='ocrx_word' id='word_1_132' title='bbox 674 1883 957 1978; x_wconf 86' lang='lat' dir='ltr'><strong>quemadmodum</strong></span> <span class='ocrx_word' id='word_1_133' title='bbox 982 1885 1061 1952; x_wconf 89' lang='lat' dir='ltr'><strong>avis</strong></span> <span class='ocrx_word' id='word_1_134' title='bbox 1089 1891 1282 1975; x_wconf 82' lang='lat' dir='ltr'><strong>congregat</strong></span> <span class='ocrx_word' id='word_1_135' title='bbox 1312 1888 1434 1955; x_wconf 88' lang='lat' dir='ltr'><strong>nidum</strong></span> <span class='ocrx_word' id='word_1_136' title='bbox 1466 1912 1557 1956; x_wconf 86' lang='lat' dir='ltr'><strong>suum</strong></span> 
     </span>
     <span class='ocr_line' id='line_1_17' title="bbox 388 1991 1559 2092; baseline -0.011 -20"><span class='ocrx_word' id='word_1_137' title='bbox 388 2004 453 2074; x_wconf 93' lang='lat' dir='ltr'><strong>sub</strong></span> <span class='ocrx_word' id='word_1_138' title='bbox 475 1997 648 2092; x_wconf 63' lang='lat' dir='ltr'><strong>pannias</strong></span> <span class='ocrx_word' id='word_1_139' title='bbox 674 1993 735 2086; x_wconf 88' lang='lat' dir='ltr'><strong>qui</strong></span> <span class='ocrx_word' id='word_1_140' title='bbox 758 2001 874 2060; x_wconf 88' lang='lat' dir='ltr'><strong>tamen</strong></span> <span class='ocrx_word' id='word_1_141' title='bbox 898 1991 1109 2074; x_wconf 83' lang='lat' dir='ltr'><strong>noluerunt,</strong></span> <span class='ocrx_word' id='word_1_142' title='bbox 1136 2001 1177 2061; x_wconf 87' lang='lat' dir='ltr'><strong>ut</strong></span> <span class='ocrx_word' id='word_1_143' title='bbox 1200 1994 1366 2063; x_wconf 87' lang='lat' dir='ltr'><strong>Christus</strong></span> <span class='ocrx_word' id='word_1_144' title='bbox 1391 1997 1467 2085; x_wconf 86' lang='lat' dir='ltr'><strong>ipsc</strong></span> <span class='ocrx_word' id='word_1_145' title='bbox 1491 1997 1559 2064; x_wconf 83' lang='lat' dir='ltr'><strong>illo-</strong></span> 
     </span>
     <span class='ocr_line' id='line_1_18' title="bbox 388 2099 1559 2194; baseline -0.01 -14"><span class='ocrx_word' id='word_1_146' title='bbox 388 2109 538 2181; x_wconf 87' lang='lat' dir='ltr'><strong>orimaus</strong></span> <span class='ocrx_word' id='word_1_147' title='bbox 568 2108 777 2194; x_wconf 83' lang='lat' dir='ltr'><strong>conquestus</strong></span> <span class='ocrx_word' id='word_1_148' title='bbox 808 2107 863 2168; x_wconf 83' lang='lat' dir='ltr'><strong>est</strong></span> <span class='ocrx_word' id='word_1_149' title='bbox 885 2099 1014 2170; x_wconf 83' lang='lat' dir='ltr'><strong>Matth.</strong></span> <span class='ocrx_word' id='word_1_150' title='bbox 1036 2101 1174 2169; x_wconf 88' lang='lat' dir='ltr'><strong>XXIII.</strong></span> <span class='ocrx_word' id='word_1_151' title='bbox 1197 2101 1253 2188; x_wconf 77' lang='lat'><strong>873</strong></span> <span class='ocrx_word' id='word_1_152' title='bbox 1275 2103 1362 2170; x_wconf 88' lang='lat' dir='ltr'><strong>Luc.</strong></span> <span class='ocrx_word' id='word_1_153' title='bbox 1383 2103 1491 2171; x_wconf 87' lang='lat' dir='ltr'><strong>XIII.</strong></span> <span class='ocrx_word' id='word_1_154' title='bbox 1512 2103 1559 2170; x_wconf 81' lang='lat'><strong>34.</strong></span> 
     </span>
     <span class='ocr_line' id='line_1_19' title="bbox 388 2203 1559 2302; baseline -0.009 -19"><span class='ocrx_word' id='word_1_155' title='bbox 388 2217 418 2302; x_wconf 87' lang='lat' dir='ltr'><strong>o)</strong></span> <span class='ocrx_word' id='word_1_156' title='bbox 441 2211 546 2282; x_wconf 83' lang='lat' dir='ltr'><strong>Ultra</strong></span> <span class='ocrx_word' id='word_1_157' title='bbox 568 2207 654 2276; x_wconf 83' lang='lat' dir='ltr'><strong>haec</strong></span> <span class='ocrx_word' id='word_1_158' title='bbox 671 2204 786 2273; x_wconf 88' lang='lat' dir='ltr'><strong>omnia</strong></span> <span class='ocrx_word' id='word_1_159' title='bbox 801 2203 975 2288; x_wconf 85' lang='lat' dir='ltr'><strong>Christus,</strong></span> <span class='ocrx_word' id='word_1_160' title='bbox 993 2207 1209 2274; x_wconf 81' lang='lat' dir='ltr'><strong>testantibus</strong></span> <span class='ocrx_word' id='word_1_161' title='bbox 1223 2207 1437 2295; x_wconf 86' lang='lat' dir='ltr'><strong>Scripturis,</strong></span> <span class='ocrx_word' id='word_1_162' title='bbox 1456 2210 1559 2278; x_wconf 81' lang='lat' dir='ltr'><strong>vitum</strong></span> 
     </span>
     <span class='ocr_line' id='line_1_20' title="bbox 387 2311 1560 2416; baseline -0.007 -24"><span class='ocrx_word' id='word_1_163' title='bbox 387 2323 498 2416; x_wconf 86' lang='lat' dir='ltr'><strong>ipsum</strong></span> <span class='ocrx_word' id='word_1_164' title='bbox 521 2321 559 2388; x_wconf 85' lang='lat' dir='ltr'><strong>et</strong></span> <span class='ocrx_word' id='word_1_165' title='bbox 581 2313 786 2403; x_wconf 78' lang='lat' dir='ltr'><strong>sauguinem</strong></span> <span class='ocrx_word' id='word_1_166' title='bbox 803 2311 964 2402; x_wconf 85' lang='lat' dir='ltr'><strong>profudit</strong></span> <span class='ocrx_word' id='word_1_167' title='bbox 979 2335 1041 2402; x_wconf 91' lang='lat' dir='ltr'><strong>pro</strong></span> <span class='ocrx_word' id='word_1_168' title='bbox 1058 2313 1239 2382; x_wconf 82' lang='lat' dir='ltr'><strong>universis</strong></span> <span class='ocrx_word' id='word_1_169' title='bbox 1255 2313 1378 2383; x_wconf 84' lang='lat' dir='ltr'><strong>saltem</strong></span> <span class='ocrx_word' id='word_1_170' title='bbox 1403 2316 1560 2384; x_wconf 83' lang='lat' dir='ltr'><strong>fidelibus</strong></span> 
     </span>
     <span class='ocr_line' id='line_1_21' title="bbox 386 2419 1559 2516; baseline -0.009 -14"><span class='ocrx_word' id='word_1_171' title='bbox 386 2429 492 2502; x_wconf 87' lang='lat' dir='ltr'><strong>etiam</strong></span> <span class='ocrx_word' id='word_1_172' title='bbox 516 2445 580 2516; x_wconf 92' lang='lat' dir='ltr'><strong>pro</strong></span> <span class='ocrx_word' id='word_1_173' title='bbox 603 2420 843 2514; x_wconf 87' lang='lat' dir='ltr'><strong>pereuntibus,</strong></span> <span class='ocrx_word' id='word_1_174' title='bbox 861 2425 967 2510; x_wconf 85' lang='lat' dir='ltr'><strong>atque</strong></span> <span class='ocrx_word' id='word_1_175' title='bbox 989 2419 1067 2488; x_wconf 86' lang='lat' dir='ltr'><strong>ideo</strong></span> <span class='ocrx_word' id='word_1_176' title='bbox 1090 2421 1263 2511; x_wconf 80' lang='lat' dir='ltr'><strong>proludit,</strong></span> <span class='ocrx_word' id='word_1_177' title='bbox 1284 2431 1325 2489; x_wconf 88' lang='lat' dir='ltr'><strong>ut</strong></span> <span class='ocrx_word' id='word_1_178' title='bbox 1347 2423 1391 2490; x_wconf 88' lang='lat' dir='ltr'><strong>ab</strong></span> <span class='ocrx_word' id='word_1_179' title='bbox 1415 2423 1559 2492; x_wconf 85' lang='lat' dir='ltr'><strong>interitu</strong></span> 
     </span>
     <span class='ocr_line' id='line_1_22' title="bbox 387 2527 1559 2620; baseline -0.01 -10"><span class='ocrx_word' id='word_1_180' title='bbox 387 2539 616 2610; x_wconf 62' lang='lat' dir='ltr'><strong>arcerentur</strong></span> <span class='ocrx_word' id='word_1_181' title='bbox 627 2531 726 2600; x_wconf 88' lang='lat' dir='ltr'><strong>Rom.</strong></span> <span class='ocrx_word' id='word_1_182' title='bbox 737 2528 840 2598; x_wconf 88' lang='lat' dir='ltr'><strong>VIII.</strong></span> <span class='ocrx_word' id='word_1_183' title='bbox 851 2527 906 2596; x_wconf 83' lang='lat'><strong>31.</strong></span> <span class='ocrx_word' id='word_1_184' title='bbox 917 2551 984 2620; x_wconf 87' lang='lat' dir='ltr'><strong>sq.;</strong></span> <span class='ocrx_word' id='word_1_185' title='bbox 996 2529 1094 2596; x_wconf 85' lang='lat' dir='ltr'><strong>XIV.</strong></span> <span class='ocrx_word' id='word_1_186' title='bbox 1107 2529 1162 2616; x_wconf 76' lang='lat'><strong>153</strong></span> <span class='ocrx_word' id='word_1_187' title='bbox 1175 2529 1207 2598; x_wconf 94' lang='lat' dir='ltr'><strong>l.</strong></span> <span class='ocrx_word' id='word_1_188' title='bbox 1219 2531 1297 2598; x_wconf 76' lang='lat' dir='ltr'><strong>i&#39;or.</strong></span> <span class='ocrx_word' id='word_1_189' title='bbox 1308 2531 1412 2599; x_wconf 91' lang='lat' dir='ltr'><strong>VIII.</strong></span> <span class='ocrx_word' id='word_1_190' title='bbox 1421 2531 1476 2599; x_wconf 89' lang='lat' dir='ltr'><strong>ll.</strong></span> <span class='ocrx_word' id='word_1_191' title='bbox 1487 2533 1559 2600; x_wconf 86' lang='lat' dir='ltr'><strong>Ideo</strong></span> 
     </span>
     <span class='ocr_line' id='line_1_23' title="bbox 387 2633 1559 2734; baseline -0.01 -18"><span class='ocrx_word' id='word_1_192' title='bbox 387 2645 425 2734; x_wconf 85' lang='lat' dir='ltr'><strong>d)</strong></span> <span class='ocrx_word' id='word_1_193' title='bbox 448 2641 570 2714; x_wconf 85' lang='lat' dir='ltr'><strong>fideles</strong></span> <span class='ocrx_word' id='word_1_194' title='bbox 587 2657 704 2708; x_wconf 87' lang='lat' dir='ltr'><strong>omues</strong></span> <span class='ocrx_word' id='word_1_195' title='bbox 719 2635 889 2704; x_wconf 82' lang='lat' dir='ltr'><strong>dicuutur</strong></span> <span class='ocrx_word' id='word_1_196' title='bbox 912 2633 1019 2725; x_wconf 83' lang='lat' dir='ltr'><strong>positi</strong></span> <span class='ocrx_word' id='word_1_197' title='bbox 1042 2641 1079 2704; x_wconf 86' lang='lat' dir='ltr'><strong>ct</strong></span> <span class='ocrx_word' id='word_1_198' title='bbox 1101 2637 1271 2706; x_wconf 82' lang='lat' dir='ltr'><strong>destinati</strong></span> <span class='ocrx_word' id='word_1_199' title='bbox 1293 2659 1368 2705; x_wconf 82' lang='lat' dir='ltr'><strong>esse</strong></span> <span class='ocrx_word' id='word_1_200' title='bbox 1384 2639 1429 2706; x_wconf 92' lang='lat' dir='ltr'><strong>ad</strong></span> <span class='ocrx_word' id='word_1_201' title='bbox 1444 2639 1559 2732; x_wconf 84' lang='lat' dir='ltr'><strong>ecqui-</strong></span> 
     </span>
     <span class='ocr_line' id='line_1_24' title="bbox 387 2742 1557 2830; baseline -0.01 -4"><span class='ocrx_word' id='word_1_202' title='bbox 387 2753 549 2826; x_wconf 84' lang='lat' dir='ltr'><strong>sitioncm</strong></span> <span class='ocrx_word' id='word_1_203' title='bbox 566 2742 1029 2830; x_wconf 82' lang='lat' dir='ltr'><strong>salutis1.Thess.V.9.10;</strong></span> <span class='ocrx_word' id='word_1_204' title='bbox 1048 2744 1082 2812; x_wconf 83' lang='lat'><strong>2.</strong></span> <span class='ocrx_word' id='word_1_205' title='bbox 1095 2745 1219 2814; x_wconf 73' lang='lat' dir='ltr'><strong>Thess.</strong></span> <span class='ocrx_word' id='word_1_206' title='bbox 1230 2745 1281 2813; x_wconf 91' lang='lat'><strong>11.</strong></span> <span class='ocrx_word' id='word_1_207' title='bbox 1292 2745 1347 2813; x_wconf 81' lang='lat'><strong>13.</strong></span> <span class='ocrx_word' id='word_1_208' title='bbox 1363 2748 1461 2817; x_wconf 85' lang='lat' dir='ltr'><strong>Deus</strong></span> <span class='ocrx_word' id='word_1_209' title='bbox 1474 2750 1557 2818; x_wconf 86' lang='lat' dir='ltr'><strong>euim</strong></span> 
     </span>
     <span class='ocr_line' id='line_1_25' title="bbox 388 2851 1559 2943; baseline -0.008 -10"><span class='ocrx_word' id='word_1_210' title='bbox 388 2859 605 2933; x_wconf 81' lang='lat' dir='ltr'><strong>vocationem</strong></span> <span class='ocrx_word' id='word_1_211' title='bbox 637 2854 681 2924; x_wconf 87' lang='lat' dir='ltr'><strong>ed</strong></span> <span class='ocrx_word' id='word_1_212' title='bbox 713 2851 815 2921; x_wconf 87' lang='lat' dir='ltr'><strong>fldem</strong></span> <span class='ocrx_word' id='word_1_213' title='bbox 838 2857 875 2920; x_wconf 84' lang='lat' dir='ltr'><strong>et</strong></span> <span class='ocrx_word' id='word_1_214' title='bbox 897 2851 1181 2920; x_wconf 81' lang='lat' dir='ltr'><strong>iustificatiouem</strong></span> <span class='ocrx_word' id='word_1_215' title='bbox 1213 2859 1251 2922; x_wconf 86' lang='lat' dir='ltr'><strong>et</strong></span> <span class='ocrx_word' id='word_1_216' title='bbox 1279 2855 1418 2943; x_wconf 83' lang='lat' dir='ltr'><strong>gratias</strong></span> <span class='ocrx_word' id='word_1_217' title='bbox 1449 2879 1559 2924; x_wconf 81' lang='lat' dir='ltr'><strong>omnes</strong></span> 
     </span>
     <span class='ocr_line' id='line_1_26' title="bbox 386 2959 1557 3060; baseline -0.009 -17"><span class='ocrx_word' id='word_1_218' title='bbox 386 2967 517 3060; x_wconf 75' lang='lat' dir='ltr'><strong>dirigit</strong></span> <span class='ocrx_word' id='word_1_219' title='bbox 540 2965 577 3036; x_wconf 88' lang='lat' dir='ltr'><strong>in</strong></span> <span class='ocrx_word' id='word_1_220' title='bbox 602 2961 771 3042; x_wconf 89' lang='lat' dir='ltr'><strong>omuibus,</strong></span> <span class='ocrx_word' id='word_1_221' title='bbox 790 2959 917 3051; x_wconf 84' lang='lat' dir='ltr'><strong>quibus</strong></span> <span class='ocrx_word' id='word_1_222' title='bbox 939 2981 998 3028; x_wconf 86' lang='lat' dir='ltr'><strong>eus</strong></span> <span class='ocrx_word' id='word_1_223' title='bbox 1021 2959 1189 3050; x_wconf 84' lang='lat' dir='ltr'><strong>largitur,</strong></span> <span class='ocrx_word' id='word_1_224' title='bbox 1215 2961 1259 3030; x_wconf 86' lang='lat' dir='ltr'><strong>ud</strong></span> <span class='ocrx_word' id='word_1_225' title='bbox 1283 2961 1436 3031; x_wconf 84' lang='lat' dir='ltr'><strong>salutem</strong></span> <span class='ocrx_word' id='word_1_226' title='bbox 1456 2971 1557 3033; x_wconf 82' lang='lat' dir='ltr'><strong>aeter·</strong></span> 
     </span>
     <span class='ocr_line' id='line_1_27' title="bbox 386 3069 1557 3166; baseline -0.009 -18"><span class='ocrx_word' id='word_1_227' title='bbox 386 3101 478 3166; x_wconf 82' lang='lat' dir='ltr'><strong>nam;</strong></span> <span class='ocrx_word' id='word_1_228' title='bbox 505 3073 596 3144; x_wconf 84' lang='lat' dir='ltr'><strong>unde</strong></span> <span class='ocrx_word' id='word_1_229' title='bbox 621 3071 698 3141; x_wconf 84' lang='lat' dir='ltr'><strong>vita</strong></span> <span class='ocrx_word' id='word_1_230' title='bbox 720 3075 862 3138; x_wconf 80' lang='lat' dir='ltr'><strong>aeterna</strong></span> <span class='ocrx_word' id='word_1_231' title='bbox 884 3077 939 3138; x_wconf 82' lang='lat' dir='ltr'><strong>eat</strong></span> <span class='ocrx_word' id='word_1_232' title='bbox 962 3069 1042 3136; x_wconf 84' lang='lat' dir='ltr'><strong>fluis</strong></span> <span class='ocrx_word' id='word_1_233' title='bbox 1065 3069 1275 3158; x_wconf 83' lang='lat' dir='ltr'><strong>gratiarum,</strong></span> <span class='ocrx_word' id='word_1_234' title='bbox 1292 3093 1393 3162; x_wconf 84' lang='lat' dir='ltr'><strong>quem</strong></span> <span class='ocrx_word' id='word_1_235' title='bbox 1409 3071 1506 3140; x_wconf 83' lang='lat' dir='ltr'><strong>Deua</strong></span> <span class='ocrx_word' id='word_1_236' title='bbox 1527 3071 1557 3139; x_wconf 91' lang='lat' dir='ltr'><strong>iu</strong></span> 
     </span>
     <span class='ocr_line' id='line_1_28' title="bbox 387 3176 1558 3276; baseline -0.009 -17"><span class='ocrx_word' id='word_1_237' title='bbox 387 3187 433 3264; x_wconf 86' lang='lat' dir='ltr'><strong>ils</strong></span> <span class='ocrx_word' id='word_1_238' title='bbox 457 3179 651 3276; x_wconf 75' lang='lat' dir='ltr'><strong>largiendis</strong></span> <span class='ocrx_word' id='word_1_239' title='bbox 675 3177 829 3248; x_wconf 84' lang='lat' dir='ltr'><strong>intendit</strong></span> <span class='ocrx_word' id='word_1_240' title='bbox 851 3177 950 3246; x_wconf 90' lang='lat' dir='ltr'><strong>Rom.</strong></span> <span class='ocrx_word' id='word_1_241' title='bbox 968 3177 998 3246; x_wconf 94' lang='lat' dir='ltr'><strong>I.</strong></span> <span class='ocrx_word' id='word_1_242' title='bbox 1018 3176 1073 3264; x_wconf 73' lang='lat'><strong>163</strong></span> <span class='ocrx_word' id='word_1_243' title='bbox 1092 3176 1155 3245; x_wconf 92' lang='lat' dir='ltr'><strong>VI.</strong></span> <span class='ocrx_word' id='word_1_244' title='bbox 1174 3177 1231 3264; x_wconf 71' lang='lat'><strong>223</strong></span> <span class='ocrx_word' id='word_1_245' title='bbox 1251 3179 1283 3245; x_wconf 94' lang='lat'><strong>1.</strong></span> <span class='ocrx_word' id='word_1_246' title='bbox 1301 3178 1379 3247; x_wconf 87' lang='lat' dir='ltr'><strong>Pet.</strong></span> <span class='ocrx_word' id='word_1_247' title='bbox 1396 3179 1427 3247; x_wconf 94' lang='grc' dir='ltr'><strong>Ι.</strong></span> <span class='ocrx_word' id='word_1_248' title='bbox 1446 3179 1480 3248; x_wconf 90' lang='grc'><strong>9.</strong></span> <span class='ocrx_word' id='word_1_249' title='bbox 1499 3181 1558 3248; x_wconf 85' lang='lat' dir='ltr'><strong>Hic</strong></span> 
     </span>
     <span class='ocr_line' id='line_1_29' title="bbox 387 3283 1558 3382; baseline -0.013 -15"><span class='ocrx_word' id='word_1_250' title='bbox 387 3291 471 3366; x_wconf 88' lang='lat' dir='ltr'><strong>ordo</strong></span> <span class='ocrx_word' id='word_1_251' title='bbox 492 3287 631 3382; x_wconf 77' lang='lat' dir='ltr'><strong>gratiae</strong></span> <span class='ocrx_word' id='word_1_252' title='bbox 647 3283 692 3353; x_wconf 89' lang='lat' dir='ltr'><strong>ad</strong></span> <span class='ocrx_word' id='word_1_253' title='bbox 709 3285 860 3351; x_wconf 86' lang='lat' dir='ltr'><strong>salutem</strong></span> <span class='ocrx_word' id='word_1_254' title='bbox 876 3283 1054 3351; x_wconf 86' lang='lat' dir='ltr'><strong>iudicatur</strong></span> <span class='ocrx_word' id='word_1_255' title='bbox 1069 3283 1106 3351; x_wconf 92' lang='lat' dir='ltr'><strong>in</strong></span> <span class='ocrx_word' id='word_1_256' title='bbox 1129 3307 1158 3351; x_wconf 88' lang='lat' dir='ltr'><strong>s.</strong></span> <span class='ocrx_word' id='word_1_257' title='bbox 1178 3284 1363 3374; x_wconf 80' lang='lat' dir='ltr'><strong>Scriptura</strong></span> <span class='ocrx_word' id='word_1_258' title='bbox 1386 3287 1434 3354; x_wconf 90' lang='lat' dir='ltr'><strong>iis</strong></span> <span class='ocrx_word' id='word_1_259' title='bbox 1457 3287 1558 3355; x_wconf 89' lang='lat' dir='ltr'><strong>modis</strong></span> 
     </span>
     <span class='ocr_line' id='line_1_30' title="bbox 386 3389 1557 3496; baseline -0.014 -22"><span class='ocrx_word' id='word_1_260' title='bbox 386 3395 577 3496; x_wconf 83' lang='lat' dir='ltr'><strong>loquendi,</strong></span> <span class='ocrx_word' id='word_1_261' title='bbox 610 3391 738 3486; x_wconf 89' lang='lat' dir='ltr'><strong>quibus</strong></span> <span class='ocrx_word' id='word_1_262' title='bbox 768 3391 855 3459; x_wconf 83' lang='lat' dir='ltr'><strong>fides</strong></span> <span class='ocrx_word' id='word_1_263' title='bbox 881 3399 917 3459; x_wconf 91' lang='lat' dir='ltr'><strong>et</strong></span> <span class='ocrx_word' id='word_1_264' title='bbox 944 3390 1086 3460; x_wconf 81' lang='lat' dir='ltr'><strong>iustitia</strong></span> <span class='ocrx_word' id='word_1_265' title='bbox 1116 3389 1313 3460; x_wconf 82' lang='lat' dir='ltr'><strong>christiane</strong></span> <span class='ocrx_word' id='word_1_266' title='bbox 1342 3393 1443 3460; x_wconf 90' lang='lat' dir='ltr'><strong>nullo</strong></span> <span class='ocrx_word' id='word_1_267' title='bbox 1470 3395 1557 3463; x_wconf 82' lang='lat' dir='ltr'><strong>facto</strong></span> 
     </span>
    </p>
   </div>
   <div class='ocr_carea' id='block_1_2' title="bbox 371 3640 1556 4368">
    <p class='ocr_par' dir='ltr' id='par_1_2' title="bbox 371 3640 1556 4368">
     <span class='ocr_line' id='line_1_31' title="bbox 371 3640 1554 3748; baseline -0.024 -15"><span class='ocrx_word' id='word_1_268' title='bbox 371 3640 373 3649; x_wconf 33' lang='grc' dir='ltr'>Ι</span> <span class='ocrx_word' id='word_1_269' title='bbox 449 3667 492 3748; x_wconf 77' lang='lat' dir='ltr'><strong>(t)</strong></span> <span class='ocrx_word' id='word_1_270' title='bbox 510 3667 551 3726; x_wconf 81' lang='lat' dir='ltr'><strong>it·</strong></span> <span class='ocrx_word' id='word_1_271' title='bbox 570 3661 737 3721; x_wconf 79' lang='lat' dir='ltr'><strong>Iruscutsul</strong></span> <span class='ocrx_word' id='word_1_272' title='bbox 760 3661 848 3715; x_wconf 82' lang='lat' dir='ltr'><strong>tstsri</strong></span> <span class='ocrx_word' id='word_1_273' title='bbox 866 3663 1047 3726; x_wconf 71' lang='lat' dir='ltr'><strong>cogerentur,</strong></span> <span class='ocrx_word' id='word_1_274' title='bbox 1071 3657 1349 3724; x_wconf 64' lang='lat' dir='ltr'><strong>ethnicismus</strong></span> <span class='ocrx_word' id='word_1_275' title='bbox 1369 3661 1457 3728; x_wconf 69' lang='lat' dir='ltr'><strong>culp·</strong></span> <span class='ocrx_word' id='word_1_276' title='bbox 1473 3662 1554 3714; x_wconf 70' lang='lat' dir='ltr'><strong>alin</strong></span> 
     </span>
     <span class='ocr_line' id='line_1_32' title="bbox 386 3749 1555 3840; baseline -0.025 -15"><span class='ocrx_word' id='word_1_277' title='bbox 386 3759 570 3840; x_wconf 75' lang='lat' dir='ltr'><strong>perditionis,</strong></span> <span class='ocrx_word' id='word_1_278' title='bbox 589 3755 667 3810; x_wconf 80' lang='lat' dir='ltr'><strong>luter</strong></span> <span class='ocrx_word' id='word_1_279' title='bbox 685 3767 734 3807; x_wconf 85' lang='lat' dir='ltr'><strong>cos</strong></span> <span class='ocrx_word' id='word_1_280' title='bbox 752 3753 853 3818; x_wconf 76' lang='lat' dir='ltr'><strong>fuisse,</strong></span> <span class='ocrx_word' id='word_1_281' title='bbox 869 3767 940 3819; x_wconf 88' lang='lat' dir='ltr'><strong>quos</strong></span> <span class='ocrx_word' id='word_1_282' title='bbox 952 3751 1038 3803; x_wconf 83' lang='lat' dir='ltr'><strong>Pater</strong></span> <span class='ocrx_word' id='word_1_283' title='bbox 1051 3749 1132 3802; x_wconf 82' lang='lat' dir='ltr'><strong>dedit</strong></span> <span class='ocrx_word' id='word_1_284' title='bbox 1142 3749 1219 3802; x_wconf 79' lang='lat' dir='ltr'><strong>Filio</strong></span> <span class='ocrx_word' id='word_1_285' title='bbox 1232 3765 1293 3802; x_wconf 87' lang='lat' dir='ltr'><strong>oum</strong></span> <span class='ocrx_word' id='word_1_286' title='bbox 1316 3751 1468 3802; x_wconf 70' lang='lat' dir='ltr'><strong>voluntate</strong></span> <span class='ocrx_word' id='word_1_287' title='bbox 1486 3755 1555 3802; x_wconf 65' lang='lat' dir='ltr'><strong>unta</strong></span> 
     </span>
     <span class='ocr_line' id='line_1_33' title="bbox 385 3835 1554 3916; baseline -0.03 0"><span class='ocrx_word' id='word_1_288' title='bbox 385 3847 630 3916; x_wconf 67' lang='lat' dir='ltr'><strong>uuintoniam,</strong></span> <span class='ocrx_word' id='word_1_289' title='bbox 644 3842 853 3900; x_wconf 65' lang='lat' dir='ltr'><strong>renunciasti</strong></span> <span class='ocrx_word' id='word_1_290' title='bbox 865 3843 906 3894; x_wconf 90' lang='lat' dir='ltr'><strong>Io.</strong></span> <span class='ocrx_word' id='word_1_291' title='bbox 914 3841 1007 3894; x_wconf 82' lang='lat' dir='ltr'><strong>xvn.</strong></span> <span class='ocrx_word' id='word_1_292' title='bbox 1019 3841 1062 3892; x_wconf 83' lang='lat' dir='ltr'><strong>1a.</strong></span> <span class='ocrx_word' id='word_1_293' title='bbox 1071 3835 1084 3911; x_wconf 88' lang='lat'><strong>(</strong></span> <span class='ocrx_word' id='word_1_294' title='bbox 1092 3859 1104 3886; x_wconf 79' lang='grc' dir='ltr'>ι</span> <span class='ocrx_word' id='word_1_295' title='bbox 1113 3855 1183 3907; x_wconf 87' lang='lat' dir='ltr'><strong>quos</strong></span> <span class='ocrx_word' id='word_1_296' title='bbox 1194 3837 1302 3892; x_wconf 86' lang='lat' dir='ltr'><strong>dedisti</strong></span> <span class='ocrx_word' id='word_1_297' title='bbox 1313 3839 1396 3906; x_wconf 83' lang='lat' dir='ltr'><strong>milri,</strong></span> <span class='ocrx_word' id='word_1_298' title='bbox 1409 3839 1554 3906; x_wconf 65' lang='lat' dir='ltr'><strong>custodivi,</strong></span> 
     </span>
     <span class='ocr_line' id='line_1_34' title="bbox 386 3923 1556 4006; baseline -0.044 0"><span class='ocrx_word' id='word_1_299' title='bbox 386 3951 416 4006; x_wconf 83' lang='lat' dir='ltr'><strong>st</strong></span> <span class='ocrx_word' id='word_1_300' title='bbox 431 3957 512 4002; x_wconf 83' lang='lat' dir='ltr'><strong>usuro</strong></span> <span class='ocrx_word' id='word_1_301' title='bbox 531 3955 565 4000; x_wconf 77' lang='lat' dir='ltr'><strong>cs</strong></span> <span class='ocrx_word' id='word_1_302' title='bbox 585 3937 627 3992; x_wconf 82' lang='lat' dir='ltr'><strong>ets</strong></span> <span class='ocrx_word' id='word_1_303' title='bbox 643 3935 732 4006; x_wconf 76' lang='lat' dir='ltr'><strong>periit</strong></span> <span class='ocrx_word' id='word_1_304' title='bbox 751 3933 809 3986; x_wconf 70' lang='lat' dir='ltr'><strong>nint</strong></span> <span class='ocrx_word' id='word_1_305' title='bbox 828 3931 907 3985; x_wconf 85' lang='lat' dir='ltr'><strong>tilius</strong></span> <span class='ocrx_word' id='word_1_306' title='bbox 927 3930 1101 3999; x_wconf 84' lang='lat' dir='ltr'><strong>perditionis</strong></span> <span class='ocrx_word' id='word_1_307' title='bbox 1113 3950 1125 3977; x_wconf 79' lang='grc' dir='ltr'>ι</span> <span class='ocrx_word' id='word_1_308' title='bbox 1139 3925 1161 3983; x_wconf 70' lang='lat' dir='ltr'><strong>i.</strong></span> <span class='ocrx_word' id='word_1_309' title='bbox 1181 3949 1219 4000; x_wconf 71' lang='lat' dir='ltr'><strong>pn</strong></span> <span class='ocrx_word' id='word_1_310' title='bbox 1239 3929 1323 3989; x_wconf 63' lang='lat' dir='ltr'><strong>iim</strong></span> <span class='ocrx_word' id='word_1_311' title='bbox 1348 3948 1395 3990; x_wconf 49' lang='grc' dir='ltr'><strong>,ης</strong></span> <span class='ocrx_word' id='word_1_312' title='bbox 1417 3923 1556 3998; x_wconf 66' lang='lat' dir='ltr'><strong>duim)</strong></span> 
     </span>
     <span class='ocr_line' id='line_1_35' title="bbox 385 4017 1555 4096; baseline -0.022 -1"><span class='ocrx_word' id='word_1_313' title='bbox 385 4037 415 4096; x_wconf 82' lang='lat' dir='ltr'><strong>io</strong></span> <span class='ocrx_word' id='word_1_314' title='bbox 446 4047 498 4090; x_wconf 79' lang='lat' dir='ltr'><strong>suu</strong></span> <span class='ocrx_word' id='word_1_315' title='bbox 525 4025 669 4086; x_wconf 72' lang='lat' dir='ltr'><strong>Hortensi</strong></span> <span class='ocrx_word' id='word_1_316' title='bbox 694 4021 826 4078; x_wconf 79' lang='lat' dir='ltr'><strong>versione</strong></span> <span class='ocrx_word' id='word_1_317' title='bbox 849 4021 885 4073; x_wconf 79' lang='lat' dir='ltr'><strong>N.</strong></span> <span class='ocrx_word' id='word_1_318' title='bbox 900 4019 932 4072; x_wconf 74' lang='grc' dir='ltr'><strong>Τ.</strong></span> <span class='ocrx_word' id='word_1_319' title='bbox 948 4017 1153 4072; x_wconf 85' lang='lat' dir='ltr'><strong>reddiderunt:</strong></span> <span class='ocrx_word' id='word_1_320' title='bbox 1171 4021 1228 4070; x_wconf 72' lang='lat' dir='ltr'><strong>cet</strong></span> <span class='ocrx_word' id='word_1_321' title='bbox 1252 4019 1304 4070; x_wconf 87' lang='lat' dir='ltr'><strong>nui</strong></span> <span class='ocrx_word' id='word_1_322' title='bbox 1323 4017 1407 4072; x_wconf 82' lang='lat' dir='ltr'><strong>d&#39;sux</strong></span> <span class='ocrx_word' id='word_1_323' title='bbox 1430 4035 1467 4074; x_wconf 88' lang='lat' dir='ltr'><strong>us</strong></span> <span class='ocrx_word' id='word_1_324' title='bbox 1493 4020 1555 4072; x_wconf 83' lang='lat' dir='ltr'><strong>s&#39;est</strong></span> 
     </span>
     <span class='ocr_line' id='line_1_36' title="bbox 386 4107 1552 4202; baseline -0.024 -19"><span class='ocrx_word' id='word_1_325' title='bbox 386 4121 492 4202; x_wconf 77' lang='lat' dir='ltr'><strong>pardo,</strong></span> <span class='ocrx_word' id='word_1_326' title='bbox 513 4119 583 4174; x_wconf 74' lang='lat' dir='ltr'><strong>aruir</strong></span> <span class='ocrx_word' id='word_1_327' title='bbox 607 4115 733 4184; x_wconf 73' lang='lat' dir='ltr'><strong>celuy-ta</strong></span> <span class='ocrx_word' id='word_1_328' title='bbox 751 4115 901 4166; x_wconf 65' lang='lat' dir='ltr'><strong>aaronem</strong></span> <span class='ocrx_word' id='word_1_329' title='bbox 925 4111 974 4176; x_wconf 88' lang='lat' dir='ltr'><strong>qui</strong></span> <span class='ocrx_word' id='word_1_330' title='bbox 996 4108 1085 4162; x_wconf 82' lang='lat' dir='ltr'><strong>estott</strong></span> <span class='ocrx_word' id='word_1_331' title='bbox 1108 4108 1210 4162; x_wconf 78' lang='lat' dir='ltr'><strong>entant</strong></span> <span class='ocrx_word' id='word_1_332' title='bbox 1232 4107 1267 4161; x_wconf 84' lang='lat' dir='ltr'><strong>dc</strong></span> <span class='ocrx_word' id='word_1_333' title='bbox 1291 4108 1448 4176; x_wconf 84' lang='lat' dir='ltr'><strong>perdition.</strong></span> <span class='ocrx_word' id='word_1_334' title='bbox 1466 4131 1478 4156; x_wconf 84' lang='grc' dir='ltr'>ι</span> <span class='ocrx_word' id='word_1_335' title='bbox 1497 4109 1552 4162; x_wconf 72' lang='lat' dir='ltr'><strong>iton</strong></span> 
     </span>
     <span class='ocr_line' id='line_1_37' title="bbox 386 4196 1552 4278; baseline -0.042 -1"><span class='ocrx_word' id='word_1_336' title='bbox 386 4211 535 4278; x_wconf 70' lang='lat' dir='ltr'><strong>admodum</strong></span> <span class='ocrx_word' id='word_1_337' title='bbox 562 4207 659 4264; x_wconf 75' lang='lat' dir='ltr'><strong>citeri</strong></span> <span class='ocrx_word' id='word_1_338' title='bbox 679 4201 885 4270; x_wconf 83' lang='lat' dir='ltr'><strong>iuterpretatlo</strong></span> <span class='ocrx_word' id='word_1_339' title='bbox 901 4197 977 4251; x_wconf 79' lang='lat' dir='ltr'><strong>iistii</strong></span> <span class='ocrx_word' id='word_1_340' title='bbox 998 4198 1029 4250; x_wconf 89' lang='lat' dir='ltr'><strong>in</strong></span> <span class='ocrx_word' id='word_1_341' title='bbox 1049 4197 1079 4251; x_wconf 84' lang='lat' dir='ltr'><strong>h.</strong></span> <span class='ocrx_word' id='word_1_342' title='bbox 1098 4199 1119 4250; x_wconf 92' lang='lat' dir='ltr'><strong>l.</strong></span> <span class='ocrx_word' id='word_1_343' title='bbox 1137 4196 1209 4251; x_wconf 84' lang='lat' dir='ltr'><strong>Vide</strong></span> <span class='ocrx_word' id='word_1_344' title='bbox 1234 4197 1441 4252; x_wconf 55' lang='lat' dir='ltr'><strong>obseratio„</strong></span> <span class='ocrx_word' id='word_1_345' title='bbox 1465 4212 1512 4250; x_wconf 66' lang='lat' dir='ltr'>m</span> <span class='ocrx_word' id='word_1_346' title='bbox 1527 4197 1552 4247; x_wconf 70' lang='lat'><strong>1,</strong></span> 
     </span>
     <span class='ocr_line' id='line_1_38' title="bbox 386 4285 1549 4368; baseline -0.031 -1"><span class='ocrx_word' id='word_1_347' title='bbox 386 4303 522 4368; x_wconf 77' lang='lat' dir='ltr'><strong>scurolis</strong></span> <span class='ocrx_word' id='word_1_348' title='bbox 542 4297 658 4354; x_wconf 72' lang='lat' dir='ltr'><strong>uorsa-0</strong></span> <span class='ocrx_word' id='word_1_349' title='bbox 677 4293 711 4350; x_wconf 83' lang='lat' dir='ltr'><strong>ds</strong></span> <span class='ocrx_word' id='word_1_350' title='bbox 731 4294 761 4348; x_wconf 82' lang='lat' dir='ltr'><strong>is</strong></span> <span class='ocrx_word' id='word_1_351' title='bbox 780 4291 894 4345; x_wconf 85' lang='lat' dir='ltr'><strong>vsrstou</strong></span> <span class='ocrx_word' id='word_1_352' title='bbox 914 4287 951 4341; x_wconf 86' lang='lat' dir='ltr'><strong>du</strong></span> <span class='ocrx_word' id='word_1_353' title='bbox 965 4287 1000 4340; x_wconf 78' lang='lat' dir='ltr'><strong>ii.</strong></span> <span class='ocrx_word' id='word_1_354' title='bbox 1012 4287 1045 4340; x_wconf 73' lang='grc' dir='ltr'><strong>Τ.</strong></span> <span class='ocrx_word' id='word_1_355' title='bbox 1063 4287 1161 4341; x_wconf 82' lang='lat' dir='ltr'><strong>Itonen</strong></span> <span class='ocrx_word' id='word_1_356' title='bbox 1185 4285 1549 4355; x_wconf 75' lang='lat' dir='ltr'><strong>1684.0bscrr.11.p.17.</strong></span> 
     </span>
    </p>
   </div>
   <div class='ocr_carea' id='block_1_3' title="bbox 386 4377 1119 4472">
    <p class='ocr_par' dir='ltr' id='par_1_3' title="bbox 386 4377 1119 4472">
     <span class='ocr_line' id='line_1_39' title="bbox 386 4377 1119 4472; baseline -0.038 -14"><span class='ocrx_word' id='word_1_357' title='bbox 386 4413 462 4472; x_wconf 67' lang='lat' dir='ltr'><strong>ow</strong></span> <span class='ocrx_word' id='word_1_358' title='bbox 483 4387 676 4452; x_wconf 68' lang='lat' dir='ltr'><strong>attactum</strong></span> <span class='ocrx_word' id='word_1_359' title='bbox 696 4383 731 4440; x_wconf 84' lang='lat' dir='ltr'><strong>ds</strong></span> <span class='ocrx_word' id='word_1_360' title='bbox 748 4379 929 4438; x_wconf 70' lang='lat' dir='ltr'><strong>Prudentia.</strong></span> <span class='ocrx_word' id='word_1_361' title='bbox 947 4395 976 4446; x_wconf 85' lang='lat' dir='ltr'><strong>p.</strong></span> <span class='ocrx_word' id='word_1_362' title='bbox 991 4377 1054 4431; x_wconf 77' lang='lat'><strong>288.</strong></span> <span class='ocrx_word' id='word_1_363' title='bbox 1074 4392 1119 4444; x_wconf 81' lang='lat' dir='ltr'><strong>sq.</strong></span> 
     </span>
    </p>
   </div>
   <div class='ocr_carea' id='block_1_4' title="bbox 0 0 1636 5076">
    <p class='ocr_par' dir='ltr' id='par_1_4' title="bbox 0 0 1636 5076">
     <span class='ocr_line' id='line_1_40' title="bbox 0 0 1636 5076; baseline 0 2"><span class='ocrx_word' id='word_1_364' title='bbox 0 0 1636 5076; x_wconf 95' lang='lat' dir='ltr'><strong> </strong></span> 
     </span>
    </p>
   </div>
  </div>
 </body>
</html>
