3360 5060
646 393 684 407 -
706 361 762 422 711
788 393 824 406 -

586 511 785 582 SEC'IIO
821 511 890 579 111.

645 638 757 706 Garun
781 637 811 705 I.

149 787 213 854 Ta.
232 788 311 854 XX.
417 789 468 855 Dc
491 791 633 879 propria
657 794 793 858 ratione
818 790 957 858 divinae
982 793 1164 869 essentiae,
1192 795 1232 855 ut

462 919 536 964 eam
549 898 826 966 consideratione
843 899 886 963 ab
902 896 1088 965 attributis
1105 895 1229 964 distin-

465 1005 617 1095 guimus.
674 1056 1097 1076 ........
1142 1027 1228 1092 paq.
1255 1003 1321 1069 247

151 1111 214 1178 Ta.
233 1109 332 1178 XXI.
415 1113 466 1178 De
489 1111 738 1182 distributione
769 1137 809 1181 ac
842 1113 964 1182 ordine
995 1111 1166 1180 servando
1197 1112 1233 1178 in

465 1219 676 1288 tractatione
700 1220 742 1290 de
765 1221 952 1288 attributis
977 1220 1123 1287 divinis.
1158 1269 1164 1284 .
1217 1245 1232 1278 a
1258 1217 1326 1284 254

647 1382 758 1450 Oneon
783 1343 848 1450 Π.Ι

154 1539 218 1608 Ta.
238 1539 356 1606 XXII.
416 1540 601 1610 Plenitudo
624 1542 803 1612 absolutae
824 1509 1051 1634 ¹perfeetionis
1083 1547 1119 1613 in
1143 1545 1235 1614 Scri·

466 1649 582 1737 pluris
611 1650 821 1738 exprimitur
852 1673 913 1740 per
941 1675 1063 1722 nomen
1087 1653 1151 1722 Dei
1176 1657 1238 1744 qai
1265 1647 1267 1652 ’

155 1861 219 1928 i..
239 1861 377 1928 m..
426 1771 648 1950 itti...
671 1808 820 1932 ...tt
848 1811 994 1956 ...3
1019 1811 1055 1936 .·.
1078 1789 1239 1936 ..tut
1261 1759 1327 1828 ²⁵⁹

469 1970 638 2058 perfectio
661 1971 725 2039 Dei
749 1971 951 2041 declaratur
983 1998 1023 2042 ex
1053 1997 1100 2042 ss.
1127 1974 1240 2043 Patri·

156 2181 221 2248 Tu.
239 2181 371 2250 XXIV.
421 2077 696 2254 nobilior-imina
717 2185 856 2254 infinito
873 2189 960 2251 entia
977 2184 1092 2252 divini
1108 2188 1151 2254 ab
1169 2107 1243 2252 enti
1263 2081 1331 2148 27⁰

472 2292 673 2361 universali.
747 2344 1170 2361 ........
1222 2321 1237 2357 n
1263 2295 1331 2362 278

640 2455 750 2523 Carus
776 2457 844 2525 III.

163 2613 228 2681 Ta.
249 2613 361 2683 XXV.
434 2615 597 2685 Essentia
620 2617 743 2686 divina
768 2641 838 2686 una
861 2625 916 2686 est
933 2619 1070 2686 unitate
1087 2617 1243 2706 cinqolc-

473 2725 607 2791 ritctis.
688 2777 933 2793 .....
950 2763 993 2790 ·.
1046 2776 1053 2791 .
1106 2775 1113 2791 .
1166 2775 1172 2791 .
1226 2723 1333 2790 »285

162 2827 226 2894 Ta.
247 2827 379 2897 XXVI.
428 2831 479 2898 De
489 2830 625 2898 unitate
638 2833 878 2920 simplicitatis
891 2833 926 2900 in
944 2833 1069 2900 divina
1082 2837 1242 2898 naturam
1268 2829 1334 2898 289

164 2933 228 3002 Ta.
248 2934 400 3004 XXVII.
431 2935 483 3002 Ex
502 2935 717 3006 documentis
734 2939 962 3007 revelationis
978 2938 1178 3007 declaretur
1194 2936 1245 3006 di·

474 3044 559 3111 vina
582 3045 801 3132 simplicitas,
818 3053 854 3114 et
877 3045 1018 3136 propria
1040 3046 1116 3114 cius
1140 3044 1244 3128 ratio,

478 3151 569 3242 quod
592 3151 687 3220 Deus
710 3161 764 3221 est
786 3168 880 3220 actito
904 3178 1057 3240 paras..
1110 3204 1117 3219 .
1171 3203 1177 3216 .
1228 3151 1336 3218 »297

165 3253 229 3320 Tu.
249 3254 420 3322 XXVIII.
441 3255 617 3338 Quomodo
641 3259 735 3326 Deus
759 3258 807 3326 sit
832 3263 907 3346 ipso
931 3261 1070 3325 veritos.
1111 3310 1118 3325 .
1171 3309 1178 3324 .
1230 3255 1337 3324 »312

166 3360 227 3428 Ta.
252 3359 385 3428 XXIX.
436 3360 612 3444 Quomodo
637 3363 729 3431 Deus
753 3363 802 3431 sit
827 3366 903 3451 ipsc
928 3364 1073 3430 bonitas.
1110 3417 1116 3430 .
1169 3415 1176 3432 .
1229 3363 1337 3430 »317

166 3467 230 3534 Ta.
251 3465 364 3534 XXX.
437 3453 612 3550 Quomodo
636 3469 729 3536 Deus
753 3469 801 3535 sit
825 3471 901 3555 ipso
924 3468 1179 3556 pulchritudo..
1231 3467 1338 3534 »333

653 3633 765 3699 Canon
788 3631 852 3702 IV.
901 3713 904 3720 Ι

168 3795 232 3864 Τ».
252 3793 386 3862 XXXI.
436 3794 485 3861 De
509 3796 651 3884 propria
666 3795 802 3864 ratione
818 3794 1039 3863 aeternitatis
1063 3792 1248 3860 dirime.»
1275 3791 1340 3857 337

170 3902 234 3969 Τ».
253 3901 406 3970 XXXII.
433 3901 483 3969 De
506 3901 749 3991 temporalium
774 3899 1001 3970 coexistentia
1030 3923 1106 3968 cum
1131 3897 1253 3966 divina

482 4009 691 4077 &clariritate
695 4056 1121 4076 ........
1153 4057 1182 4106 .'
1232 4031 1247 4066 n
1275 4003 1341 4072 342

169 4115 234 4184 Ta.
253 4115 425 4184 XXXIII.
445 4115 576 4184 Divina
593 4115 809 4184 immensitas
826 4121 881 4183 est
896 4113 1085 4182 eminentia
1107 4111 1172 4180 Dei
1197 4133 1253 4180 eu·

486 4246 549 4312 pra
572 4222 761 4292 relationes
784 4221 851 4289 loci
875 4227 912 4289 et
934 4221 1054 4310 spatii.
1119 4270 1126 4287 .
1177 4271 1184 4286 .
1236 4217 1342 4284 »351

173 4329 237 4398 Ta.
256 4329 424 4398 XXXIV.
444 4330 537 4398 Deus
560 4331 660 4398 adest
683 4327 855 4398 creaturis
879 4327 1038 4394 omnibus
1066 4325 1254 4396 secundum

488 4439 677 4515 essentiam,
702 4438 943 4522 praecentione,
961 4442 996 4501 et
1021 4435 1252 4520 potmtiom.n
1279 4428 1344 4495 358
