3292 5062
573 353 753 415 -149-

545 570 689 632 THESIS
710 573 781 633 XII.

153 719 193 780 lle
210 725 392 798 cognitione
412 733 534 794 nostra,
557 726 639 802 quid.
654 728 733 784 Deus
756 726 810 798 sit,
832 726 1006 787 secondum
1028 728 1190 804 triplicem

240 821 368 882 modum
390 822 620 896 affirmationis,
637 824 815 900 negationis
836 831 867 883 et
888 823 1088 884 eminentiae.

157 1029 254 1082 ¹hicet
273 1045 360 1082 sensu
382 1031 533 1085 verissimo
555 1031 590 1084 ad
616 1031 828 1099 scripturarum
848 1031 1007 1086 doctrinam
1030 1037 1129 1086 exacto
1151 1031 1252 1086 ssPe·

108 1119 179 1169 ntrer
197 1121 225 1172 et
241 1118 368 1186 theologi
390 1120 487 1174 docere
509 1123 631 1188 soleant,
652 1123 763 1176 ratione
776 1127 806 1176 et
823 1123 877 1177 tide
890 1125 1019 1189 cognosci
1038 1121 1151 1190 quietem
1166 1124 1253 1174 Deam

108 1222 185 1270 omer
206 1223 258 1260 non
282 1212 377 1262 minen
397 1211 542 1276 cognosci,
568 1211 639 1278 qaid
658 1213 732 1264 Deos
750 1212 804 1264 ait:
829 1227 863 1264 ex
878 1211 985 1264 iisdem
1003 1216 1096 1264 tamen
1123 1210 1252 1264 lontibus

107 1297 241 1351 rimemur
263 1301 407 1366 triplicem
425 1301 534 1354 modum
560 1301 766 1368 quadamtenus
787 1302 991 1368 cognoscendi,
1012 1302 1082 1368 qaid
1106 1303 1142 1354 eit
1162 1301 1250 1366 Deae,

106 1405 171 1455 uper
190 1393 321 1444 notiones
345 1393 457 1445 scillcet
479 1397 539 1445 tum
570 1394 745 1458 affirmantes
770 1395 831 1446 tum
854 1402 988 1460 negantes
1009 1399 1069 1446 tum
1091 1408 1154 1458 eas,
1181 1407 1253 1459 quae

105 1479 259 1532 merulam
276 1463 461 1533 ‘eminentiam
477 1483 672 1548 appellantur.
690 1482 807 1548 Triplex
821 1487 915 1535 entem
933 1483 980 1534 hie
999 1481 1183 1546 cognoscendi
1198 1495 1253 1532 mo·

103 1587 116 1612 ¹
127 1567 170 1620 lue
187 1583 219 1622 ex
238 1583 271 1621 eo
291 1571 355 1637 ipro
373 1571 566 1638 consequitur,
583 1571 657 1638 quod
676 1573 764 1624 Deum
777 1587 832 1624 uon
851 1571 1018 1624 immediata
1032 1571 1189 1624 intuitione
1204 1569 1253 1622 aad

103 1656 188 1710 sileio
204 1673 238 1710 ex
256 1661 451 1712 ereaturarum
468 1659 701 1726 praecognitione
721 1661 853 1714 formatis
875 1660 1084 1725 intelligimus,
1106 1663 1191 1725 atque
1210 1659 1255 1712 ite

103 1745 209 1814 ehnhet,
230 1751 265 1800 nt
286 1749 445 1814 affirmatio,
470 1749 586 1815 negatio
607 1755 636 1802 et
658 1751 738 1802 notio
757 1751 931 1802 eminentiae
952 1764 1008 1802 nou
1028 1763 1085 1802 uua
1105 1749 1140 1802 ab
1160 1749 1255 1802 altere

103 1839 230 1892 rueretur
251 1840 401 1906 consistat,
417 1839 465 1892 aad
480 1855 538 1892 una
556 1841 587 1892 in
606 1842 701 1895 altere
720 1841 761 1896 ait
782 1841 935 1908 implicita,
950 1843 979 1892 et
998 1853 1032 1891 ex
1054 1838 1184 1892 omnibns
1197 1845 1255 1890 une

102 1932 287 1998 -uonplentnr
304 1930 358 1983 Dei
376 1931 539 1996 cognitio.-

152 2157 178 2226 Ι.
195 2157 413 2250 Frequenter
436 2157 559 2227 Patres
583 2159 810 2249 distinguunt
832 2157 926 2227 inter
950 2158 1184 2248 cognitionem
1209 2179 1254 2226 an

101 2265 174 2332 Deos
195 2269 255 2346 eit,
274 2263 412 2357 etquid
434 2267 483 2333 eit
492 2290 506 2346 ‚·
528 2265 620 2334 illud
636 2267 736 2357 prius
751 2273 826 2359 tum
842 2265 978 2335 ratione
993 2275 1066 2334 tum
1084 2265 1151 2334 file
1168 2287 1255 2334 com·

98 2373 318 2461 pertissimnm
341 2395 415 2442 esse
437 2375 556 2458 aiunt,
582 2371 647 2442 hoo
674 2373 824 2441 alterum
852 2395 914 2442 nec
937 2373 1085 2441 seientia
1104 2372 1257 2440 bumana

99 2501 149 2548 rec
168 2481 272 2550 etiam
295 2479 364 2550 fide
387 2479 515 2564 doceri,
539 2480 599 2549 sed
622 2479 807 2549 essentiam
827 2481 902 2564 Dei,
919 2481 1057 2572 quando
1073 2481 1257 2570 quaeritur

98 2587 169 2678 qnid
190 2589 249 2674 sit,
275 2611 350 2657 esse
369 2617 385 2652 a
404 2587 757 2678 inapprehensibilem
779 2595 815 2656 et
838 2587 1218 2678 incomprehensibilem
1239 2612 1253 2648 s

100 2687 231 2778 (erma
246 2719 297 2759 και
311 2691 541 2784 ineptiorem).
555 2695 613 2764 Ita
625 2694 819 2787 loquuntur
835 2694 1003 2764 Nazianz.
1016 2718 1066 2762 or.
1077 2693 1185 2762 aaut
1197 2693 1254 2764 34.

99 2823 127 2866 u.
141 2801 175 2888 a,
203 2802 315 2870 Basil.
333 2809 425 2870 cont.
445 2801 591 2870 Eurum.
610 2801 683 2870 1.1.
704 2827 738 2870 n.
758 2802 819 2888 143
845 2825 899 2892 ep.
918 2802 1005 2888 234,
1031 2802 1140 2890 Nyss.
1160 2806 1254 2870 cont.

100 2905 228 2976 Eunom.
247 2907 274 2976 l.
288 2909 353 2977 XI.
369 2933 403 3000 p.
422 2907 501 2996 3203
520 2909 703 2998 Chrysost.
720 2909 761 2977 de
778 2908 1089 3000 incomprebensib.
1109 2907 1199 2975 horn.
1214 2905 1254 2976 V.

101 3037 129 3080 n.
143 3017 171 3084 5.
197 3016 341 3108 aliique.
371 3017 479 3086 aHoc
511 3039 618 3085 unum
645 3015 892 3107 postulatura
915 3017 1033 3100 nobis,
1068 3015 1123 3083 ait
1145 3013 1257 3105 Chry·

102 3131 253 3192 sostomus
286 3123 314 3191 l.
333 3147 378 3207 o.,
399 3130 440 3192 ut
463 3123 612 3191 sciamus
643 3125 728 3214 quio
752 3123 842 3190 Deua
874 3138 942 3203 est,
974 3146 1042 3190 non
1073 3129 1188 3190 autern
1217 3125 1259 3190 ut

102 3232 267 3299 essentiam
303 3229 380 3299 eius
414 3229 679 3319 investigemus.
709 3231 829 3314 Audi,
864 3230 947 3322 quid
979 3229 1076 3299 dicat
1109 3229 1256 3320 Aposto-

103 3333 167 3404 lus:
190 3339 331 3408 credere
365 3346 501 3427 oportet
534 3337 752 3406 accedentem
788 3337 832 3406 ad
867 3339 993 3420 Deum,
1020 3337 1102 3429 quia
1125 3345 1197 3422 est;
1223 3343 1260 3404 et

103 3440 210 3512 iterum
241 3445 411 3536 propheta
443 3444 656 3534 impietatem
691 3444 799 3512 alicui
838 3445 1074 3533 exprobrans,
1107 3466 1175 3512 non
1206 3463 1258 3512 re·

104 3549 278 3636 prehendit,
306 3551 397 3645 quod
420 3551 622 3642 ignoraret,
649 3551 735 3644 quid
771 3553 860 3619 Deus
894 3566 962 3633 est,
988 3551 1048 3619 sed
1079 3551 1169 3641 quod
1201 3571 1258 3618 ne·

105 3657 204 3744 seivit,
229 3665 315 3753 qnia
339 3675 400 3728 eat.
421 3687 437 3722 e
455 3659 506 3729 At
522 3659 607 3729 haec
623 3684 691 3729 non
709 3683 812 3730 sensu
833 3657 993 3728 absoluto
1010 3659 1166 3748 intelligi
1184 3681 1258 3748 pos·

107 3773 190 3852 suut;
206 3769 237 3836 ei
258 3767 350 3836 euim
374 3767 515 3858 penitus
539 3767 779 3857 ignoraremus
803 3764 890 3858 quid
914 3767 1004 3832 Dens
1020 3780 1082 3847 est,
1101 3766 1259 3854 proiecto

107 3889 198 3960 nequa
218 3873 387 3943 sciremus
403 3898 448 3940 on
464 3877 530 3956 sit,·
545 3883 582 3942 et
604 3873 640 3942 in
665 3895 813 3942 errorem
839 3871 1083 3941 Gnosticorum
1109 3871 1150 3941 de
1166 3893 1257 3938 struu-

110 3995 151 4041 uo
171 3979 234 4048 Deo
258 3982 398 4071 penitus
410 3981 531 4072 ignoto
543 3981 793 4050 eoncedendum
809 3981 900 4048 foret
912 4002 933 4046 a
945 3979 1097 4047 vetustis
1111 3978 1177 4044 ΡΡ.
1189 3978 1259 4046 ire·

110 4102 188 4168 naeu,
211 4088 430 4158 Tertulliano
453 4098 520 4156 ete.
539 4089 772 4156 confutatum.
797 4087 889 4155 Hine
913 4086 980 4153 ΡΡ.
999 4085 1034 4152 in
1051 4083 1258 4172 disputatio·

111 4186 194 4259 uibus
215 4207 335 4264 contra
357 4195 592 4264 Eunomianos
616 4217 693 4262 cum
725 4193 922 4282 cognitione
956 4192 1164 4259 existentiae
1196 4189 1261 4257 Dei

112 4306 285 4370 constanter
309 4302 530 4391 coniungunt
552 4299 784 4391 cognitionem
802 4299 1027 4390 perfectionis
1050 4305 1086 4368 et
1108 4297 1260 4365 attribu·
1302 4307 1312 4336 ⁸

114 4401 207 4472 torum
228 4410 302 4492 Dei,
329 4417 501 4499 quatenus
524 4431 565 4476 ex
590 4408 851 4495 operationibus
867 4415 903 4474 et
920 4404 1261 4474 manifestationibus
