3360 5060
639 357 675 369 -
698 325 817 386 679-
936 383 941 394 ,

139 427 184 496 de
201 429 418 494 'assecutione
440 431 478 494 in
503 442 659 516 tempore.
687 429 806 518 Igitur
828 451 939 520 neque
956 431 1031 498 ulla
1047 451 1150 520 opera
1170 437 1317 521 possunt

137 556 214 602 esse
228 535 492 604 fundamentum
508 535 598 603 iuris
613 536 778 620 alicuine,
797 560 860 604 cur
875 538 1042 605 debeatur
1058 537 1143 606 haec
1157 539 1316 628 dignitas

137 641 390 730 patriarchalis
414 642 537 711 Iacobo
562 643 618 711 vel
641 643 801 712 absolute
825 644 882 712 vcl
899 653 1094 733 comparate
1111 669 1190 714 cum
1205 647 1314 715 Esau:

136 771 208 816 non
231 771 346 839 opera,
372 751 525 842 inquam,
551 751 621 819 iam
645 753 752 836 facta,
780 774 867 844 quae
890 752 990 820 nulla
1014 763 1108 840 sunt,
1127 777 1194 822 non
1212 776 1317 844 opera

137 856 313 945 praevisa,
341 879 427 948 quae
451 857 565 926 adhuc
589 859 714 927 futura
737 882 804 927 non
828 866 975 950 possunt
997 862 1123 930 habere
1148 863 1316 930 rationem

137 962 268 1045 meriti,
295 963 353 1031 cui
369 963 405 1030 in
422 964 642 1033 exsecutione
666 964 743 1053 ipsa
760 965 928 1033 reddatur
944 967 1012 1033 iam
1031 955 1235 1056 praemium,
1255 989 1314 1034 an-

136 1075 278 1161 tequam
302 1071 400 1138 fiant.
430 1071 615 1163 Reliquum
639 1079 694 1140 est
716 1095 812 1164 ergo,
838 1080 879 1142 ut
895 1073 1063 1158 dicamus,
1084 1076 1186 1144 iacob
1202 1077 1246 1144 ad
1262 1075 1313 1144 di·

136 1179 312 1266 gnitatem
338 1181 571 1268 patriarchae,
597 1181 697 1248 cuius
722 1181 852 1269 posteri
875 1189 992 1250 essent
1016 1183 1163 1272 populus
1186 1184 1317 1252 electus

136 1287 270 1375 veteris
295 1286 523 1371 Testamenti,
549 1293 767 1376 assumptum
791 1311 857 1356 non
875 1311 949 1356 esse
966 1297 1106 1379 propter
1122 1289 1316 1379 generatio·

137 1416 217 1461 nem
240 1416 282 1461 ex
307 1393 512 1484 patriarcha
534 1395 646 1477 Isaac,
673 1417 735 1464 nec
759 1403 900 1486 propter
924 1418 1027 1486 opera
1044 1419 1108 1464 sua
1123 1397 1255 1487 aliqua;
1276 1405 1317 1464 ut

138 1499 326 1568 manifesto
349 1501 565 1569 demonstrat
588 1503 801 1590 comparatio
825 1526 902 1570 cum
926 1503 1033 1588 Esau,
1060 1504 1120 1594 qui
1137 1503 1193 1572 his
1209 1503 1315 1570 omni-

136 1609 205 1676 bus
228 1609 270 1694 ei,
285 1631 347 1699 par
370 1619 406 1677 et
422 1609 612 1677 nativitate
628 1609 874 1700 quodammodo
890 1612 997 1679 etiam
1013 1611 1128 1700 potior
1144 1619 1233 1694 erat,
1253 1634 1315 1680 neo

135 1723 255 1786 tamen
279 1717 324 1784 ad
348 1716 412 1785 hoc
437 1716 639 1785 beneficium
663 1725 717 1784 est
740 1717 886 1786 electus.
902 1720 1116 1808 Assumptus
1132 1726 1186 1787 est
1202 1718 1315 1808 igitur

135 1824 241 1893 Iacob
265 1824 308 1892 ad
332 1825 542 1914 dignitatem
558 1825 829 1915 patriarchalem
845 1849 885 1894 ex
904 1849 998 1894 mera
1013 1827 1173 1916 gratuita
1190 1827 1313 1894 volun-

135 1940 213 2001 tate
236 1933 301 2000 Dei
328 1930 514 2022 (προθεσις),
540 1955 627 2024 quae
644 1930 783 1998 dilectio
800 1935 905 2002 simul
922 1943 977 2003 est
993 1935 1123 2016 electio,
1143 1940 1315 2026 quatenus

136 2048 319 2132 spectatur
342 2041 534 2131 assumptio
558 2039 674 2110 Iacobi
697 2066 782 2130 prae
799 2047 921 2131 fratrc
944 2069 1002 2110 suo
1028 2046 1139 2112 Esou:
1161 2073 1176 2108 u
1195 2067 1314 2112 secun·

137 2151 221 2218 dum
234 2149 435 2218 electionem
449 2152 665 2239 propositum
684 2179 699 2212 n
719 2151 737 2218 i
753 2148 816 2214 κατ’
835 2147 962 2238 §alcyon
976 2153 1118 2242 πριθεσις
1134 2176 1169 2220 v.
1188 2152 1312 2220 10-13.

206 2257 336 2326 Sensus
360 2255 474 2345 igitur
498 2257 620 2325 horum
653 2265 857 2326 commatum
883 2257 1005 2326 10-13.
1031 2258 1090 2327 hio
1114 2267 1178 2327 est.
1212 2260 1315 2328 Sicut

137 2365 318 2433 Abraham
341 2371 376 2432 et
398 2364 499 2432 Isaac
515 2365 567 2433 ita
582 2367 685 2434 Iacob
702 2389 770 2434 non
787 2367 863 2434 iure
881 2366 1065 2455 sanguinis
1083 2367 1140 2434 vel
1157 2389 1310 2456 operum,

137 2474 198 2543 sed
221 2473 383 2564 gratuita
406 2474 471 2542 Dei
495 2473 734 2544 benevolentia
757 2495 838 2564 prae
863 2474 974 2540 fratre
999 2496 1060 2540 suo
1075 2474 1171 2541 Esau
1188 2475 1314 2542 consti·

135 2586 239 2650 tutus
250 2587 305 2650 est
320 2579 525 2670 patriarcha
546 2581 665 2670 populi
681 2581 784 2649 electi
800 2581 845 2648 V.
867 2580 909 2647 Τ.
928 2581 1004 2650 Non
1021 2580 1139 2670 aliquo
1157 2581 1233 2648 iure
1250 2579 1314 2647 hoc

137 2711 264 2756 munus
286 2688 318 2756 ei
343 2689 496 2756 debitum
514 2688 635 2772 fuisse,
655 2688 768 2756 adhuc
785 2689 1007 2756 manifestius
1024 2695 1136 2756 estex
1153 2711 1203 2772 eo,
1223 2688 1314 2780 quod

136 2797 233 2864 Esau
257 2797 333 2866 sine
356 2795 431 2864 ulla
455 2797 647 2866 violatione
670 2797 761 2864 iuris
784 2819 852 2864 uon
876 2803 930 2864 est
952 2796 1084 2864 electus
1107 2796 1151 2864 ad
1168 2795 1312 2864 eandem

135 2903 368 2992 dignitatem,
401 2905 561 2996 quamvis
594 2905 632 2972 in
663 2901 821 2972 omnibus
853 2925 916 2992 par
945 2910 1038 2972 esset
1067 2910 1140 2970 tum
1166 2902 1310 2986 saltem,

136 3011 275 3102 quando
298 3010 401 3080 Iacob
424 3033 506 3102 prae
530 3011 606 3101 ipso
630 3011 845 3080 constitutus
869 3017 923 3080 cst
946 3010 1161 3100 patriarcha.
1180 3010 1312 3078 Benefi-

135 3117 241 3201 cium,
267 3119 311 3187 ad
335 3118 425 3210 quod
449 3118 607 3208 gratuito
632 3118 763 3188 alectus
786 3140 860 3188 esse
883 3117 1015 3186 dicitur
1045 3118 1148 3186 Iacob
1180 3124 1215 3186 et
1245 3141 1311 3186 non

136 3225 269 3296 electus
291 3226 400 3310 Esau,
419 3232 474 3294 est
490 3226 628 3318 quidem
644 3227 842 3294 immediate
859 3225 1054 3294 oeconomia
1069 3233 1225 3310 externa,
1244 3250 1311 3294 non

136 3341 253 3401 autem
278 3357 338 3422 per
361 3356 397 3402 sc
421 3334 538 3422 gratia
562 3335 741 3424 pertinens
764 3333 809 3401 ad
837 3333 1167 3417 sanctificationem,
1202 3333 1312 3401 multo

137 3464 220 3511 vero
243 3441 357 3508 minus
383 3441 458 3509 vita
481 3446 635 3508 aeterna.
662 3441 704 3508 Id
720 3447 858 3510 constat
873 3463 916 3509 ex
932 3441 1049 3508 verbis
1066 3441 1167 3529 ipsis,
1186 3441 1311 3532 quibus

137 3548 362 3616 manifestata
373 3556 427 3616 est
438 3547 574 3616 electio:
596 3576 612 3611 a
632 3547 741 3616 maior
755 3547 886 3615 serviet
902 3547 1040 3631 minori,
1059 3553 1125 3616 net
1140 3569 1182 3615 ex
1199 3547 1309 3631 modo,

136 3679 205 3747 qao
228 3655 359 3724 Paulus
384 3655 420 3722 in
444 3656 570 3744 populo
588 3663 746 3746 utroque,
764 3655 941 3724 Israelitis
956 3663 992 3724 et
1008 3655 1194 3739 Idumaeis,
1214 3677 1309 3744 prae·

135 3761 321 3830 dictionem
345 3760 512 3830 historice
536 3761 739 3851 completam
763 3783 837 3830 esse
868 3761 1021 3830 ostendit
1052 3761 1170 3828 verbis
1201 3760 1308 3828 Mala·

136 3867 246 3936 chiae:
269 3896 285 3930 a
304 3867 407 3936 Iacob
430 3865 553 3948 dilexi,
578 3867 674 3934 Esau
697 3873 812 3935 autem
837 3867 914 3936 odio
938 3865 1057 3934 habui.
1087 3893 1102 3926 n
1128 3866 1195 3934 His
1217 3865 1309 3933 enim

134 3975 253 4042 verbis
277 3973 314 4041 in
338 3973 448 4064 priori
472 3981 584 4064 parte:
610 3975 714 4042 Iacob
739 3973 864 4054 dileat,
883 3973 1108 4062 significatur
1123 3973 1215 4062 apud
1233 3995 1308 4062 pro-

134 4080 273 4170 phetam
297 4079 438 4148 dilectio
461 4102 522 4168 per
546 4080 712 4148 beneficia
735 4087 879 4148 externa
902 4079 1028 4169 populo
1044 4078 1152 4148 electo
1169 4077 1310 4168 propria

134 4194 170 4256 et
191 4187 224 4254 ei
248 4186 389 4270 collata,
416 4193 587 4276 quatenus
611 4195 666 4254 est
682 4187 871 4276 peculiaris
887 4185 1036 4276 populus
1051 4185 1129 4272 Dei;
1155 4185 1193 4252 in
1209 4191 1309 4275 parte

135 4295 260 4363 altera:
287 4295 386 4360 ane
409 4291 486 4358 odio
512 4293 637 4376 babai,
663 4295 886 4384 significatur
909 4293 1032 4360 horum
1064 4292 1307 4360 beneficiorum
1354 4315 1358 4329 ·

134 4401 276 4490 negatio
301 4401 448 4490 posteris
471 4399 579 4486 Esau,
605 4401 707 4468 immo
731 4402 901 4470 severitas
925 4402 961 4468 in
989 4402 1108 4492 poenis
1139 4409 1307 4490 tempora-
