3360 5060
573 389 689 450 -ool
712 419 751 435 -

141 493 312 584 Reliquae
335 515 461 586 quaen
483 493 616 562 Gonato
639 494 870 574 obiiciantur,
899 496 1020 583 paucis
1036 493 1248 584 expedienda

75 605 172 668 sunt.

140 707 196 774 2⁰²
213 707 461 775 Testimonium:
491 739 508 773 u
526 709 626 791 Quod
650 711 744 778 Deus
769 710 856 778 velit
871 709 979 777 alicui
996 709 1078 778 dare
1095 709 1248 800 gratiam

75 823 111 882 et
134 814 296 904 gloriam,
321 815 386 884 hoc
409 839 449 885 ex
476 837 569 884 mera
592 815 807 885 liberalitate
831 817 1020 906 procedito
1048 815 1084 884 S.
1106 816 1173 884 Th.
1193 837 1249 884 va·

76 925 136 990 rit.
164 949 197 1015 q.
216 925 248 992 6.
269 945 301 990 a.
323 923 356 990 2.
382 923 584 1014 Responsio:
610 924 642 991 si
665 923 722 991 hio
746 924 908 1006 docetur,
935 924 1083 1013 gloriam
1107 925 1249 993 seorsim

76 1035 265 1120 spectatam
290 1031 546 1120 praedestinari
569 1031 679 1100 nullis
702 1030 873 1121 praevisis
892 1032 1026 1101 meritis
1043 1041 1251 1122 supernatu-

76 1139 231 1222 ralibus,
258 1161 380 1208 sensus
403 1141 492 1224 erit,
526 1140 675 1230 gloriam
705 1141 811 1209 etiam
841 1163 908 1208 non
940 1141 1018 1210 dari
1046 1141 1082 1208 in
1111 1164 1249 1212 exsecu-

74 1247 169 1315 tione
192 1256 234 1316 ut
257 1247 446 1336 praemium
469 1255 505 1316 et
528 1269 686 1316 coronam
718 1269 779 1336 pro
810 1247 946 1315 meritis
973 1249 1249 1338 supernaturali·

75 1357 158 1440 bus,
190 1378 278 1447 quae
312 1362 403 1424 esset
426 1355 580 1424 haeresis
607 1355 892 1424 Protestantinm.
922 1355 958 1423 S.
975 1355 1125 1426 Thomas
1152 1357 1253 1428 docet

74 1487 150 1531 cnm
176 1463 389 1552 Augustino.
410 1464 512 1531 immo
525 1487 600 1532 cum
617 1463 785 1554 Apostolo
799 1463 907 1530 Paulo
931 1468 966 1532 et
989 1487 1066 1532 oum
1085 1465 1251 1534 universa

74 1569 244 1655 Ecclesia,
271 1570 422 1658 gratiam
445 1569 523 1638 dari
547 1569 673 1658 gratis,
699 1576 735 1638 et
757 1570 905 1658 gloriam
930 1569 1008 1638 dari
1033 1576 1075 1638 at
1098 1571 1250 1660 gratiam

76 1701 136 1766 pro
168 1679 307 1767 gratia,
333 1683 438 1769 atque
468 1677 545 1744 ideo
575 1678 728 1767 gratiam
758 1683 794 1744 et
816 1677 963 1766 gloriam
999 1676 1036 1744 in
1068 1677 1250 1768 complexu
1362 1725 1365 1730 ,

74 1791 265 1874 spectatam
288 1785 367 1854 dari
382 1808 423 1868 ss
441 1807 533 1853 mera
556 1785 769 1854 liberalitato
794 1785 867 1852 Dei.
889 1784 980 1852 Vide
996 1807 1102 1876 snpra
1118 1809 1152 1876 p.
1168 1785 1247 1854 583.

75 1916 126 1985 sq.
144 1901 182 1962 et
205 1893 289 1961 alibi
314 1893 453 1982 passim.

140 2001 195 2068 3⁰¹²
217 2001 469 2068 Testimonium:
491 2031 507 2065 a
528 2001 765 2070 Praesoientia
788 2002 990 2068 meritorum
1015 2003 1072 2070 vel
1096 2002 1250 2093 proprio-

75 2129 150 2174 rum
175 2107 231 2176 vel
256 2107 404 2174 aliorum
438 2130 505 2174 non
537 2113 593 2175 est
616 2127 722 2174 causa
744 2107 1104 2196 praedestinationis»
1123 2107 1159 2177 S.
1181 2108 1248 2176 Th.

76 2215 181 2282 verit.
201 2239 234 2304 q.
253 2215 285 2281 6.
307 2236 340 2280 a.
359 2214 392 2280 6.
410 2213 614 2304 Responsio:
638 2213 916 2281 Praedestinatio
932 2221 974 2281 ut
989 2221 1090 2283 aetus
1107 2215 1251 2284 divinus

75 2318 109 2386 in
134 2343 170 2389 se
196 2343 256 2390 seu
273 2331 314 2412 ut
337 2321 487 2389 essentia
511 2321 634 2388 divina
657 2319 790 2388 nullam
814 2319 919 2389 habet
944 2343 1096 2409 oausam3
1115 2323 1251 2392 ratione
1357 2389 1361 2398 .

74 2427 219 2498 effectus
243 2429 421 2498 connotati
446 2431 477 2497 si
500 2427 775 2520 praedestinatio
809 2429 962 2496 sumitur
997 2429 1182 2520 complete,
1209 2437 1251 2500 ut

75 2557 208 2605 sumere
233 2536 320 2605 solet
345 2536 381 2605 S.
402 2535 552 2604 Thomas
575 2541 611 2604 et
634 2535 659 2604 l.
677 2559 707 2603 c.
727 2557 886 2624 expressa
910 2535 1080 2620 declarat,
1106 2559 1173 2604 non
1190 2536 1250 2608 ha·

76 2641 130 2710 het
152 2644 325 2712 rationem
349 2665 391 2711 ex
415 2651 516 2733 parte
538 2642 738 2712 meritorum
763 2643 839 2710 sive
863 2642 977 2731 ipsius
995 2641 1251 2732 praedestinati

77 2751 148 2820 sive
173 2751 334 2834 aliorum,
361 2752 443 2842 quia
466 2750 550 2820 haec
573 2749 651 2839 ipsa
675 2757 759 2818 sunt
781 2751 927 2818 effectus
959 2749 1248 2838 praedestinatio·

77 2857 129 2924 nis
153 2858 320 2947 complete
333 2864 369 2928 et
386 2880 467 2948 prae
491 2857 671 2948 oornplexu
688 2858 839 2926 omnium
856 2857 1042 2924 effectuum
1059 2863 1247 2946 spectatae;

76 2963 133 3032 sed
146 2966 316 3033 rationem
333 2965 438 3032 hahet
453 2965 561 3033 solam
578 2966 765 3032 bonitatem
782 2963 951 3032 divinam.
971 2963 1025 3030 Cf.
1043 2962 1096 3031 th.
1112 2961 1246 3032 LVHI.

139 3073 195 3141 4²·
216 3073 467 3140 Testimonium:
487 3072 595 3142 uNon
620 3077 843 3162 potestesse,
870 3071 960 3162 quod
986 3071 1111 3140 merita
1135 3093 1250 3140 conse·

77 3180 219 3268 quentia
242 3181 394 3269 gratiam
418 3180 490 3248 sint
513 3179 606 3247 ratio
637 3178 822 3248 miserendi
857 3187 919 3244 aut
949 3177 1246 3266 praedestinandi,

77 3287 132 3356 sed
156 3287 231 3355 sola
255 3287 319 3356 Dei
343 3286 519 3369 voluntas,
546 3285 734 3355 secundum
758 3307 861 3376 quam
884 3283 1155 3352 misericorditer
1186 3284 1250 3352 ali·

77 3415 159 3481 quos
183 3393 343 3462 liberato
371 3393 408 3461 S.
428 3393 494 3460 Th.
514 3393 551 3460 in
574 3393 673 3460 Rom.
700 3391 764 3458 IX.
783 3391 866 3458 lect.
889 3391 921 3457 3.
952 3391 1020 3476 (ed.
1053 3391 1095 3459 de
1120 3391 1251 3460 Rubeis

78 3497 185 3568 TVI.
201 3499 348 3588 plna).
366 3500 569 3590 Responsio:
581 3499 686 3566 Ratio
698 3497 1029 3587 praedestinationis
1042 3497 1084 3565 ad
1099 3498 1250 3587 gratiam

77 3615 110 3673 et
132 3607 353 3676 liberationis
369 3629 390 3672 a
406 3617 545 3696 peccato
561 3607 651 3692 (sive
669 3605 811 3673 seorsim
828 3613 1005 3694 spectetur
1022 3605 1096 3673 sive
1114 3605 1150 3672 in
1170 3629 1247 3674 con·

78 3717 220 3784 nexione
246 3737 322 3782 oum
352 3713 667 3804 praedestinatione
684 3713 835 3780 omniurn
853 3713 1136 3803 subsequentium
1168 3713 1248 3780 effe·

79 3827 208 3906 etcum)
225 3844 293 3889 non
310 3827 457 3911 possunt
473 3821 543 3889 dici
566 3821 688 3889 merita
712 3821 874 3910 praevisa
896 3827 931 3887 et
955 3821 1076 3888 futura
1094 3841 1154 3907 per
1171 3840 1248 3908 gra·
1370 3873 1373 3880 .

78 3927 159 3996 tiam
186 3959 202 3993 o
222 3929 290 3996 nisi
315 3929 502 3997 secundnm
526 3930 696 3997 rationem
713 3951 835 3996 causae
852 3927 980 4006 finalis,
1001 3953 1016 3987 n
1036 3933 1076 3994 ut
1091 3925 1249 4018 loquitur
1334 3973 1337 3978 -

81 4031 113 4100 S.
132 4037 198 4106 Th.
219 4036 251 4105 1.
272 4062 305 4128 q.
324 4036 381 4104 23.
401 4059 432 4102 a.
452 4039 485 4102 5.
504 4035 547 4102 ad
565 4036 597 4104 1.
614 4035 773 4102 Pertinet
794 4034 837 4100 ad
855 4032 1022 4123 reliquias
1046 4031 1248 4121 Pelagiano-

80 4163 151 4210 rum
175 4145 323 4213 assertio
339 4143 464 4212 talium
483 4143 684 4212 meritorum
702 4147 875 4232 tamquam
893 4161 1017 4208 causae
1038 4140 1246 4224 meritoriae,

81 4269 116 4315 ax
130 4273 197 4343 qua
209 4251 488 4341 praedestinetur
499 4258 534 4317 et
546 4251 649 4318 detur
662 4248 779 4338 gratia
788 4247 883 4332 (vide
896 4269 1003 4336 supra
1016 4247 1161 4336 pairh).
1174 4247 1248 4314 Hoc

82 4365 191 4428 antem
203 4382 307 4428 sensu
319 4359 360 4427 de
373 4357 688 4448 praedestinatione
701 4355 839 4444 gratiae
851 4353 947 4443 loqui
959 4352 1165 4441 Angelicum
1178 4351 1203 4418 l.
1215 4373 1245 4418 c.

81 4467 217 4536 evidens
239 4473 294 4536 est
308 4489 350 4534 ex
367 4463 485 4532 verbis
501 4465 587 4552 ipsis
603 4471 638 4532 et
654 4487 695 4532 ex
713 4469 891 4530 contextu:
912 4461 1008 4528 calio
1025 4460 1122 4526 modo
1135 4465 1247 4548 potest
