3224 5068
551 397 588 410 -
609 366 669 427 293
691 397 728 410 ..

63 467 174 535 divina
187 490 228 536 ex
244 469 324 559 ipsa
339 469 475 539 ratione
497 471 723 560 perfectionis
739 471 900 539 infinitae
922 468 1084 537 absoluta
1107 489 1223 537 neces-

61 575 156 644 sinte
178 575 372 646 intrinseca
387 577 425 644 iu
440 599 476 645 se
492 583 557 662 est,
576 579 628 646 ita
643 583 685 645 ut
700 579 838 646 omnino
860 581 1034 667 repugnet
1057 597 1132 644 eam
1148 597 1223 643 esse
1284 597 1288 604 ·

59 680 198 750 alterius
220 683 265 752 ad
290 685 428 752 modum
444 685 569 775 partis,
588 709 627 754 eo
642 689 719 776 ipso
736 685 827 777 quod
843 691 897 754 cst
911 683 1110 752 absolutum
1122 683 1222 765 Esse,

60 786 113 854 cui
132 787 230 856 nulla
254 797 370 879 potest
391 792 554 861 accedere
577 792 757 883 perfectio.

118 896 217 966 Licet
238 921 323 988 ergo
345 899 452 968 etiam
475 901 512 968 iu
535 901 608 970 Deo
631 901 766 969 ratione
790 899 1063 989 distinguamus,
1089 903 1131 966 ut
1151 897 1221 967 PP.
1246 917 1252 930 ·

60 1001 330 1092 frequentissime
361 1013 521 1091 monent,
555 1014 719 1076 naturam
750 1006 944 1076 absolutam
976 1013 1012 1074 et
1041 1011 1115 1073 tres
1144 1004 1223 1072 sub-

60 1107 197 1179 sistendi
221 1112 339 1181 modos
358 1111 494 1202 (τροπους
513 1137 565 1188 της
582 1107 760 1206 temptem),
781 1113 866 1183 hacc
878 1135 946 1181 uon
959 1117 1012 1180 est
1023 1109 1225 1201 compositio

60 1213 95 1280 in
115 1215 194 1286 Deo.
226 1219 305 1288 Nou
335 1227 390 1288 est
421 1220 625 1310 compositio
654 1219 805 1310 physica
835 1225 876 1288 ut
905 1241 966 1308 per
998 1241 1034 1286 se
1065 1223 1222 1301 constat,

61 1343 130 1390 cum
158 1327 264 1396 etiam
296 1329 333 1396 iu
363 1327 549 1418 hypostasi
578 1333 697 1398 creata
727 1328 909 1418 physicam
933 1347 1008 1394 esse
1037 1347 1223 1414 negemus,

60 1436 186 1500 etcum
213 1462 231 1497 u
248 1435 424 1526 quaelihet
453 1436 563 1506 trium
593 1457 821 1527 personarum
850 1435 900 1504 sit
930 1432 1147 1516 substantia,
1173 1453 1224 1500 es·

61 1539 165 1608 sentia
187 1541 264 1613 sive
292 1549 422 1613 natura
445 1543 580 1630 divina,
607 1544 803 1613 stillares
826 1543 875 1612 sit
897 1543 1024 1627 Pater,
1049 1540 1167 1608 Filius
1190 1546 1227 1608 et

62 1643 208 1735 Spiritus
224 1648 375 1720 Sanctus
389 1680 406 1715 n
425 1653 487 1738 (cf.
513 1652 615 1722 Cone.
634 1653 754 1721 Later.
775 1651 869 1738 Ν).
887 1651 1006 1742 Neque
1024 1656 1078 1718 est
1093 1671 1226 1740 compo-

63 1753 136 1822 sitio
162 1757 422 1849 metaphysica,
447 1760 584 1853 qualem
612 1761 650 1830 iu
672 1759 858 1854 hypostasi
882 1766 1000 1829 creata
1023 1759 1224 1827 asserimus.

62 1861 99 1928 In
113 1865 240 1934 creatis
261 1867 352 1934 enim
377 1868 556 1958 concipere
580 1891 763 1958 possumus
785 1873 949 1936 naturam
966 1891 1043 1937 cum
1060 1867 1227 1934 abiectius

60 1973 313 2056 promisisses
343 1975 441 2043 modo
472 1974 684 2043 subsistendi
717 1997 778 2064 per
809 1997 869 2060 se,
903 1974 986 2065 quia
1016 1973 1075 2042 hic
1105 1973 1226 2040 modus

62 2097 123 2144 uon
144 2084 197 2148 est
218 2085 369 2148 naturae
392 2087 528 2150 creatae
544 2081 754 2150 essentialis:
773 2083 811 2151 in
826 2083 898 2150 Deo
913 2088 1029 2150 autem
1045 2101 1227 2171 possumus

65 2189 173 2252 nostro
197 2185 413 2275 imperfecto,
427 2187 525 2256 modo
548 2187 774 2278 intelligendi
790 2189 969 2278 concipere
987 2191 1150 2254 naturam
1174 2209 1226 2254 so·

64 2289 130 2358 lum
151 2316 227 2361 cum
251 2291 475 2360 distinctione
492 2294 657 2383 formali,
673 2315 742 2361 uon
765 2298 881 2362 tamen
899 2293 1117 2382 praecisione
1140 2291 1227 2360 chic-

66 2401 148 2466 cciuc
169 2402 213 2468 ab
234 2399 311 2491 ipsc
334 2401 433 2469 modo
456 2399 669 2470 subsistendi
685 2422 746 2490 per
762 2423 811 2489 se;
830 2399 866 2468 h.
881 2422 912 2468 e.
930 2421 1112 2490 possumus
1135 2400 1228 2490 cogi-

65 2511 134 2576 tare
153 2515 330 2594 naturam,
342 2509 428 2600 quin
443 2489 603 2600 expresse
627 2509 819 2598 cogitemus
842 2508 1057 2577 subsistendi
1074 2507 1225 2594 modum,

66 2615 206 2685 sednon
230 2639 415 2707 possumus
438 2623 602 2686 naturam
624 2615 801 2686 infinitam
825 2618 980 2707 cogitare
1004 2617 1068 2701 ita,
1095 2623 1137 2686 ut
1159 2639 1228 2684 mo·

67 2720 125 2790 dus
146 2723 353 2790 subsistendi
369 2747 435 2814 per
457 2747 492 2793 se
513 2747 582 2792 uon
606 2723 812 2794 includatur
834 2723 871 2792 in
888 2747 925 2792 re
949 2723 1118 2815 cogitata,
1145 2724 1229 2815 quia

67 2827 277 2896 subsistencia
294 2853 360 2919 per
381 2855 416 2897 sc
437 2837 492 2899 est
513 2829 580 2898 tali
604 2834 751 2898 naturae
782 2829 993 2915 essentialis,
1018 2830 1043 2898 i.
1059 2851 1089 2898 e.
1108 2835 1164 2898 est
1185 2851 1228 2898 ex

66 2934 246 3006 intrinseca
261 2937 469 3008 necessitate
484 2937 711 3029 perfectionis
727 2937 899 3007 infinitae.
911 2937 953 3006 In
969 2937 1099 3007 creatis
1114 2941 1230 3028 potest

68 3051 184 3112 nutura
195 3044 392 3134 cogitariet
402 3068 476 3114 esse
488 3045 563 3115 sinc
572 3045 669 3114 modo
684 3045 966 3136 subsistendiper
975 3067 1022 3130 se,
1034 3052 1071 3114 et
1083 3045 1159 3114 ideo
1171 3046 1228 3114 hic

69 3150 177 3220 modus
195 3159 311 3242 potest
331 3152 466 3243 concipi
485 3153 652 3223 accedeus
670 3160 848 3246 tamquam
860 3153 993 3244 gradus
1015 3152 1229 3244 metaphysi-

68 3281 124 3328 cus
135 3260 380 3351 superadditus
403 3267 552 3331 naturae
567 3284 630 3353 per
645 3284 681 3330 se
698 3262 947 3348 consideratae,
967 3261 1090 3332 divina
1113 3265 1229 3329 autem

69 3371 187 3435 ustura
200 3389 265 3436 uec
286 3389 362 3436 esse
376 3389 439 3436 uec
455 3367 606 3458 cogitari
621 3372 736 3458 potest
751 3367 836 3458 quin
860 3366 908 3436 sit
931 3367 1131 3436 substantia
1154 3373 1231 3436 tota

69 3471 166 3560 inse,
190 3475 229 3544 in
253 3497 321 3568 quo
344 3475 420 3566 ipso
444 3477 514 3545 sita
537 3482 593 3546 est
614 3476 707 3546 ratio
730 3475 972 3566 hypostaseos,
992 3481 1029 3545 ct
1043 3475 1120 3546 ideo
1144 3475 1231 3544 haec

71 3581 151 3680 raho
172 3581 402 3673 hypostaseos
417 3605 486 3650 non
502 3589 618 3673 potest
640 3583 791 3674 cogitari
814 3589 856 3651 ut
869 3581 1001 3673 produc
1017 3582 1148 3674 aliquis
1163 3604 1230 3651 me-

70 3685 267 3776 taphysicus
290 3688 538 3778 superadditus
560 3694 727 3774 naturae,
754 3688 914 3780 quamvis
938 3689 1050 3779 possit
1080 3687 1230 3778 cogitari

72 3791 216 3864 formalis
239 3795 334 3864 ratic
357 3801 505 3866 naturae
529 3817 590 3865 seu
614 3796 837 3888 quidditatis,
853 3796 937 3888 quin
952 3818 1113 3886 expresse
1137 3794 1231 3886 cogi·

72 3903 157 3968 tetur
179 3901 338 3970 formalis
369 3901 461 3970 ratio
491 3903 732 3993 hypostaseos.
759 3903 817 3971 Ita
847 3925 908 3972 eus
937 3907 1052 3992 potest
1079 3901 1232 3991 cogitari

74 4005 145 4094 quin
167 4030 328 4098 expresse
353 4008 528 4098 cogitetur
551 4007 644 4077 ratio
668 4009 760 4096 boni;
779 4009 839 4078 sed
856 4010 940 4100 quia
954 4031 1015 4076 ens
1037 4031 1079 4077 ex
1103 4008 1232 4076 intrin-

74 4131 139 4180 seca
161 4134 224 4183 sua
247 4113 384 4182 ratione
407 4121 462 4182 est
485 4115 621 4199 bouum,
640 4115 716 4184 ideo
739 4113 930 4183 ratisboni
952 4137 1020 4182 nou
1044 4120 1160 4205 potest
1178 4137 1232 4184 co·

76 4215 170 4304 giteri
185 4227 226 4290 ut
241 4220 375 4310 gredm
392 4219 654 4312 metaphysicus
672 4221 748 4290 enti
764 4221 1024 4312 superadditus,
1043 4223 1103 4292 sed
1120 4222 1232 4292 solum

77 4330 109 4391 ut
127 4327 320 4418 expressior
343 4327 465 4396 modus
486 4327 589 4396 eutis.
608 4327 678 4414 (Of.
697 4349 804 4419 supra
819 4351 854 4419 p.
869 4327 964 4414 160.)

132 4433 222 4506 Haec
245 4435 385 4528 quidem
408 4435 505 4504 clara
528 4441 623 4522 suut,
642 4436 673 4506 si
689 4440 731 4506 ut
747 4458 817 4506 uua
832 4442 961 4504 natura
983 4436 1036 4505 ita
1058 4441 1234 4506 uuaeeset
