3240 5064
535 375 572 388 -
597 343 654 403 195
676 375 713 388 -

42 457 72 518 et
91 447 348 538 intelliguntur
372 449 482 514 lamen
506 446 643 536 ploriae
665 445 873 536 simpliciter
896 447 1047 518 dietum:
1073 471 1113 518 eo
1137 451 1209 518 fere

40 559 139 642 nodo,
158 579 230 649 quo
254 557 375 646 gratia
398 563 452 626 est
475 557 632 625 inoreata
649 557 744 624 Deus
761 556 846 646 ipse,
866 549 923 625 o'ui
947 557 1206 646 coniungimur,

38 673 68 732 et
87 665 209 754 gratia
234 672 320 732 sunt
342 671 443 732 aotus
466 663 756 754 supernaturales
780 663 873 748 fidei,
894 665 980 752 spei,
1007 662 1206 746 eharitatis,

40 773 155 862 quihus
179 772 221 839 in
243 773 354 840 Deum
376 773 564 858 tendimns;
584 772 644 840 sed
667 771 786 860 gratia
809 770 1016 860 simpliciter
1039 771 1135 838 diota
1157 769 1208 837 in·

39 879 210 968 telligitnr
236 879 396 948 formalia
413 881 638 970 participatio
656 879 798 948 divinae
814 887 962 946 naturae
978 879 1014 946 in
1031 879 1130 946 nobis
1147 899 1208 969 per

39 987 188 1054 habitum
212 995 252 1056 et
275 988 460 1072 auxilium,
486 1010 574 1080 quae
597 1010 659 1056 nos
683 988 754 1066 Deo
777 987 996 1076 coniungunt
1019 993 1056 1054 et
1073 1008 1114 1054 ex
1132 985 1207 1077 qui-

40 1095 95 1162 bus
117 1101 224 1164 aetus
249 1095 456 1186 procedunt.

95 1201 169 1270 Hoo
193 1201 269 1268 iam
286 1197 388 1270 sensu
412 1201 641 1270 determinato
665 1201 847 1293 quaeritur
864 1201 905 1270 de
923 1201 1084 1284 veritate,
1110 1200 1208 1268 etde

40 1309 171 1397 propria
195 1309 338 1377 ratione
360 1308 505 1378 luminis
522 1308 668 1398 gloriae.

95 1416 124 1482 I.
148 1415 427 1484 Demonstratur
451 1415 584 1486 veritas
608 1416 677 1501 rei,
703 1441 749 1481 aa
772 1419 820 1482 sit
844 1415 877 1482 1ο
900 1438 942 1484 ex
967 1415 1011 1484 iis
1035 1414 1204 1500 omnibus,

41 1524 153 1613 quibus
184 1528 367 1591 ostensum
398 1528 454 1590 est
485 1525 522 1591 in
553 1522 690 1591 duabus
713 1521 872 1592 thesibus
903 1521 1205 1612 praecedentibus,

41 1629 268 1698 immediatam
285 1629 351 1698 Dei
368 1629 536 1698 visionem
553 1629 622 1718 ipsi
637 1630 708 1698 Deo
724 1629 790 1696 soli
814 1630 1022 1712 naturalem,
1042 1649 1207 1718 superare

43 1735 124 1804 vires
145 1736 334 1805 naturales
356 1737 516 1804 cuiusvis
539 1735 741 1804 intellectus
757 1735 879 1821 oreati;
899 1735 1056 1826 hancque
1080 1734 1206 1802 nihilo·

45 1841 144 1911 ninus
166 1843 344 1912 visionem
368 1849 543 1933 tamquam
567 1841 730 1910 ultimum
753 1841 855 1910 finem
872 1863 912 1910 ao
930 1863 1123 1932 supremam
1148 1863 1206 1908 no·

45 1956 137 2016 stram
154 1948 412 2020 beatitudinem
429 1950 528 2016 nobis
543 1949 647 2016 aDeo
663 1949 867 2039 promissam
883 1970 969 2016 esse.
983 1949 1026 2016 In
1042 1947 1099 2015 his
1114 1948 1206 2016 enim

46 2055 118 2144 ipsis
140 2058 358 2142 continetur,
377 2056 595 2125 intellectum
618 2064 773 2125 oreatum
796 2055 934 2124 viribus
957 2062 1204 2144 supernatura-

46 2161 124 2232 libus
146 2165 205 2234 vel
230 2163 370 2232 auxilio
392 2163 656 2253 supernaturali
672 2163 716 2231 ad
731 2161 821 2230 hano
838 2162 1006 2230 visionem
1030 2163 1204 2232 instruen-

48 2271 115 2338 dum
142 2294 182 2341 ao
214 2271 425 2342 elevandum
455 2293 542 2339 esse.
573 2269 749 2352 Quamdiu
780 2271 893 2360 igitur
924 2271 1040 2339 lumen
1071 2270 1205 2360 gloriae

47 2379 139 2446 solum
165 2377 330 2470 generice
346 2377 478 2446 dieitur
503 2377 652 2446 elevatio
676 2377 954 2467 supernaturalis
981 2379 1110 2468 absque
1135 2377 1204 2446 dis-

49 2485 189 2553 tinotiori
221 2485 513 2554 determinatione
543 2485 704 2574 propriae
728 2485 877 2553 rationis
901 2483 1008 2552 huius
1038 2484 1201 2568 luminis,

50 2590 81 2658 de
99 2615 134 2660 eo
155 2599 299 2662 constat
321 2591 388 2660 fide
412 2591 588 2660 catholiea
610 2597 682 2658 tam
707 2598 819 2676 oerto,
846 2613 948 2684 quam
971 2598 1104 2660 eertum
1127 2598 1200 2676 est,

51 2697 139 2766 vitan
162 2707 344 2768 aeternam
368 2719 441 2767 esee
463 2698 715 2770 beatitudinem
739 2699 1051 2790 supernaturalem,
1070 2699 1111 2767 de
1135 2721 1204 2790 qua

52 2807 200 2896 scriptum
225 2813 303 2876 eet:
332 2805 500 2875 «habetis
524 2807 681 2875 fructum
705 2813 861 2876 vestrum
885 2806 923 2874 in
955 2805 1202 2875 sanetifieatio·

52 2935 121 2998 nen,
144 2916 248 2985 finem
275 2936 358 2984 vero
381 2913 491 2982 vitam
514 2920 732 2982 aeternam...
758 2913 885 2982 Gratia
908 2920 1024 2984 autem
1038 2914 1105 2983 Dei
1128 2915 1204 2984 vita

54 3027 173 3090 aeterna
189 3049 206 3084 n
225 3021 328 3090 Rom.
347 3019 410 3089 Vl.
428 3019 484 3088 23.

102 3127 142 3196 2⁰.
168 3127 368 3219 Speoialius
391 3127 649 3198 demonstratur
673 3129 807 3196 veritas
830 3127 973 3196 luminis
1004 3127 1137 3218 gloriae
1161 3151 1202 3197 ex

56 3234 182 3305 veritate
205 3235 392 3304 habituum
408 3243 443 3304 et
461 3237 628 3304 donorum
652 3235 985 3326 supernaturalium,
1001 3258 1089 3328 quae
1105 3237 1205 3306 nobis

56 3338 108 3406 ian
127 3343 162 3410 in
184 3344 248 3412 via
271 3342 524 3433 impertiuntur
547 3343 648 3412 velut
672 3343 847 3412 inohoatio
864 3347 900 3411 et
915 3345 1136 3434 praeparatio
1160 3344 1203 3412 ad

57 3449 359 3517 oomnmmationem
382 3449 420 3516 iu
451 3449 581 3538 patria.
609 3451 726 3542 Neque
758 3449 849 3517 enim
881 3449 1024 3518 aliunde
1054 3449 1200 3535 malins,

58 3573 140 3640 quam
159 3575 201 3624 ex
224 3553 346 3622 ordine
369 3555 581 3643 gratiarum,
610 3577 652 3623 ex
677 3555 823 3645 pignore
845 3559 882 3623 et
904 3553 1116 3640 arrhabone,
1143 3556 1203 3648 qui

58 3659 135 3728 nobis
155 3662 305 3731 donatur
329 3662 366 3729 in
384 3663 454 3747 via,
474 3661 674 3752 intelligere
698 3684 879 3752 possumus
903 3662 1068 3730 donorum
1092 3665 1202 3753 perfe-

59 3767 182 3837 ctionem
196 3791 237 3839 ao
252 3769 504 3860 plenitudinem
529 3771 566 3838 in
589 3771 738 3846 terminu
762 3771 873 3839 beato.
891 3771 1114 3840 Renovamnr
1134 3771 1203 3861 spi·

59 3869 115 3939 ritu
135 3878 254 3946 mentis
285 3881 425 3945 nostrae
456 3900 517 3968 per
548 3877 723 3946 iustitiam
756 3877 855 3946 nobis
879 3876 1136 3964 inhaerentem,
1162 3900 1203 3947 ao

62 3977 187 4052 virtutes
208 3984 302 4070 fidei,
322 3985 396 4074 spei
411 3990 448 4053 et
464 3983 650 4054 eharitatis
673 3989 911 4074 permanentes
934 3986 971 4052 in
995 3985 1093 4054 nobis
1116 3985 1202 4053 aoei-

62 4083 151 4170 pimus
175 4091 310 4160 infusas
333 4091 449 4179 (Cone.
476 4091 574 4161 Trid.
598 4115 681 4162 sess.
704 4091 768 4162 VI.
798 4115 828 4160 o.
855 4094 917 4177 7.),
944 4093 1071 4184 quibus
1102 4097 1202 4162 aetus

64 4199 315 4280 wperuatnrales
337 4199 565 4288 respondent,
591 4206 692 4269 aetus
715 4200 805 4270 enim
831 4199 1135 4290 supernaturales,
1161 4205 1203 4267 nt

65 4293 132 4366 fient
149 4304 241 4376 velut
263 4305 553 4390 oonnaturaliter,
572 4305 754 4395 postulant
768 4307 979 4396 principium
996 4312 1201 4398 supernatu-

67 4403 164 4476 raliter
191 4411 362 4484 elevatum
396 4411 494 4479 donis
528 4411 779 4480 habitualibus.
819 4411 920 4482 Siout
945 4437 1028 4503 ergo
1059 4413 1202 4482 habitus

1025 4540 1042 4574 ι
