3230 5072
902 389 939 404 -
961 357 1020 418 404
1042 390 1080 404 -

400 461 438 546 (a
448 473 553 550 parte
565 467 658 546 acte)
674 460 869 532 detraxeris
878 461 941 552 (1).
957 463 991 551 ὀ)
1003 461 1104 545 Quod
1115 469 1170 534 est
1181 462 1289 532 simul
1304 464 1342 532 in
1359 464 1563 556 cognitione,

401 587 478 636 non'
492 575 674 659 propterca
689 569 758 638 iam
773 571 879 640 etiam
903 577 1019 662 potest
1040 594 1115 642 esse
1139 571 1244 642 simul
1259 575 1296 642 in
1312 573 1403 642 resli
1424 573 1567 646 existen·

401 676 463 744 tia.
490 676 610 746 Potest
632 678 723 746 euim
745 686 874 750 notura
897 680 948 749 rei
972 702 1169 771 repugnare
1192 682 1463 770 coexistentiao,
1489 687 1567 778 quin

401 789 574 873 repugnet
596 784 822 856 simultsneae
838 787 1032 877 cognitioni
1048 787 1175 858 mentis
1191 789 1398 879 praesertim
1413 797 1569 861 aeternae
1598 837 1599 840 =

401 897 436 958 et
458 889 630 959 infinitae.
656 891 710 960 Er
734 915 792 978 eo,
819 894 909 986 quud
933 893 1007 964 dies
1030 895 1199 966 hodierno
1220 903 1257 966 et
1279 897 1437 968 oramina
1470 899 1567 969 simul

400 999 635 1089 cognoscitur,
662 1023 730 1070 non
754 1003 914 1094 sequitur
937 1025 1035 1095 possa
1058 1005 1126 1072 sibi
1150 1006 1354 1076 coexistere.
1379 1007 1483 1077 Unde
1504 1009 1568 1077 ccl·
1598 1007 1599 1060 ἓ

399 1107 503 1197 liges,
529 1128 570 1174 ex
593 1108 792 1198 cognitione
814 1111 879 1181 Dei
903 1111 1120 1181 infinitorum
1144 1135 1215 1182 una
1238 1137 1316 1182 cum
1331 1115 1399 1183 Dei
1422 1117 1568 1206 omnipo
1598 1113 1599 1180 i

399 1220 514 1288 tentia
535 1243 603 1288 non
626 1219 694 1288 rite
717 1218 855 1304 inferri,
874 1219 982 1288 Deum
1000 1235 1099 1310 posse
1114 1219 1304 1310 producere
1326 1221 1471 1292 infinita
1493 1229 1568 1292 actu

399 1327 600 1412 existentia,
626 1327 710 1396 licet
731 1325 866 1394 nullum
890 1327 939 1395 sit
961 1349 1003 1396 ex
1026 1327 1178 1397 infinitis
1201 1329 1367 1420 cognitis,
1389 1331 1483 1422 quod
1505 1330 1567 1399 sin·

399 1434 554 1524 gillatim
576 1434 764 1525 producere
788 1441 947 1525 nequeat.
973 1436 1078 1505 Ratio
1101 1438 1138 1506 iu
1162 1437 1220 1523 iis,
1247 1460 1335 1530 quae
1357 1445 1489 1508 natura
1512 1458 1569 1506 sus

400 1551 486 1612 sunt
508 1541 704 1612 successiva
727 1547 781 1610 eet
794 1541 949 1629 evidens;
968 1542 1006 1611 in
1022 1541 1115 1629 eliis,
1142 1566 1230 1637 quae
1246 1569 1306 1637 per
1323 1570 1359 1616 sc
1376 1546 1567 1616 successiva

399 1655 578 1735 nossent,
597 1649 689 1719 ratio
704 1656 769 1736 est,
789 1650 872 1742 quic
888 1651 1081 1722 intrinseca
1103 1659 1233 1723 natura
1255 1655 1410 1725 actualis
1425 1655 1566 1726 existen·

399 1758 471 1826 tiae
501 1763 638 1828 creatae
667 1757 842 1849 postulat,
869 1763 909 1829 ut
941 1759 989 1830 sit
1015 1789 1031 1826 c
1054 1761 1091 1829 in
1114 1784 1277 1830 mensura
1306 1768 1343 1831 et
1372 1785 1516 1832 numero
1536 1767 1567 1830 ct

399 1868 560 1959 pondere,
577 1896 593 1932 n
611 1869 766 1938 limitata
788 1867 925 1938 scilicet
948 1868 1039 1938 sicut
1062 1871 1099 1938 iu
1122 1869 1319 1941 intensione
1334 1872 1386 1940 ite
1402 1871 1441 1940 in
1457 1875 1565 1940 exten·

400 1975 495 2044 sione
513 1976 575 2063 (2).
595 1975 671 2046 Non
694 1999 778 2066 ergo
794 1977 888 2045 Deus
912 1977 1091 2068 cognoscit
1113 1977 1254 2047 infinita
1268 1985 1448 2072 tamquam
1472 1977 1566 2048 simu

400 2082 643 2175 producibilis,
662 2082 721 2152 sed
737 2083 970 2174 producibilis
985 2085 1048 2170 ita,
1068 2093 1109 2155 ut
1123 2092 1205 2156 actu
1228 2086 1422 2156 existentia
1445 2109 1565 2178 semper

400 2191 532 2261 sintin
555 2191 703 2283 pondere
727 2197 763 2261 et
785 2215 928 2261 numero
950 2192 1123 2262 limitibus
1147 2194 1379 2264 determinato
1404 2218 1446 2266 ac
1462 2196 1563 2264 finito.

399 2299 473 2370 Hoc
485 2306 551 2385 est,
564 2299 655 2392 quod
670 2298 723 2368 ait
733 2297 975 2370 Pallavicinus
989 2299 1013 2368 l.
1026 2323 1071 2370 e.:
1084 2329 1101 2364 c
1110 2301 1204 2370 Deus
1217 2323 1286 2370 uon
1302 2302 1484 2393 cognoscit
1498 2301 1565 2371 iufi-

275 2477 279 2486 ,
399 2407 476 2478 uita
498 2407 681 2498 possibilia
697 2413 738 2476 nt
760 2429 862 2477 unam
880 2407 1129 2492 collectionem
1147 2410 1207 2481 sed
1222 2412 1402 2500 cognoscit
1416 2411 1564 2480 infinitas

398 2515 619 2588 collectiones
634 2515 794 2606 singulae
806 2517 1014 2608 possibiles»
1025 2517 1213 2605 (infinitam
1225 2519 1487 2592 multitudinem
1502 2544 1563 2612 poe

399 2621 557 2692 sibilium
569 2622 730 2692 ordinum
745 2643 785 2692 uc
802 2627 1060 2713 systematum).
1083 2627 1114 2708 c)
1129 2623 1183 2692 Ex
1200 2647 1239 2692 cc
1251 2625 1342 2716 quod
1355 2629 1560 2720 quantitates

399 2738 435 2801 ct
448 2731 679 2822 perfectiones
703 2737 840 2801 creatae
856 2736 941 2801 suut
956 2729 1139 2823 possibiles
1160 2733 1306 2803 maiores
1319 2739 1357 2803 et
1371 2735 1518 2807 maiores
1530 2739 1559 2806 in

399 2836 589 2922 infinitum,
610 2858 677 2905 non
694 2835 853 2927 sequitur
869 2835 1068 2926 possibilem
1084 2859 1159 2906 esse
1176 2837 1450 2932 unamaliquam
1467 2864 1559 2934 quon·

399 2945 537 3014 titatem
561 2944 617 3014 vei
649 2944 895 3035 perfectionem
927 2949 1076 3014 creatam
1108 2945 1302 3032 infinitam,
1328 2948 1414 3040 quia
1436 2949 1474 3020 iu
1495 2948 1559 3018 illis

398 3049 624 3142 possibilibus
647 3058 682 3120 et
705 3051 977 3141 perfectionibus
993 3057 1029 3122 ct
1044 3053 1315 3145 quantitatibus,
1335 3077 1374 3123 co
1389 3055 1467 3146 ipso
1482 3055 1557 3148 quod

399 3165 483 3230 sunt
505 3157 689 3251 possibiles
711 3158 884 3244 infinitae,
910 3159 1011 3228 nulla
1033 3167 1088 3230 est
1110 3159 1247 3246 ultima,
1273 3168 1309 3231 ct
1333 3183 1404 3231 uua
1425 3161 1557 3232 alterum
1598 3171 1599 3224 i

398 3295 466 3340 non
490 3269 559 3338 nisi
582 3267 803 3360 proportione
827 3267 929 3336 finita
950 3268 1100 3338 excedit.
1117 3268 1215 3358 Ergo
1229 3269 1336 3338 etiam
1351 3291 1394 3338 ex
1411 3291 1462 3356 ec,
1482 3266 1556 3362 quod

399 3378 493 3447 Deus
516 3374 696 3466 cognoscit
710 3395 825 3443 omnes
848 3375 1078 3466 perfectiones
1094 3379 1130 3445 et
1146 3376 1366 3468 quantitates
1389 3375 1556 3468 possibiles

401 3481 628 3552 multitudine
652 3479 829 3564 infinitas,
856 3502 922 3546 non
948 3479 1107 3571 seqnitur
1130 3481 1292 3571 cognosci
1316 3481 1470 3574 aliquam
1492 3478 1555 3550 infi-

399 3589 520 3659 nitam.
546 3587 601 3658 cf.
628 3587 718 3655 Ruiz
743 3585 785 3656 dc
808 3585 939 3656 Sciant.
965 3585 1031 3656 Dei
1053 3586 1144 3677 disp.
1163 3587 1218 3658 20.
1239 3593 1324 3658 sect.
1342 3589 1376 3658 4.
1395 3612 1431 3659 n.
1446 3589 1479 3659 3.
1492 3611 1551 3678 sqq.

463 3845 504 3920 (1)
523 3849 642 3916 Propter
661 3847 891 3900 honorationem
911 3844 1044 3913 pluribus
1062 3844 1248 3900 Scholasticis
1267 3845 1385 3914 ipsique
1405 3845 1434 3900 S.
1449 3847 1552 3901 Thence

398 3955 454 3994 non
473 3937 590 3992 ridetur
608 3941 806 4004 argumentum
825 3935 944 3990 evidens
963 3939 1066 3989 contra
1085 3935 1312 4003 possibilitatem
1337 3937 1436 3990 nundi
1460 3935 1552 3991 reterri

398 4029 465 4084 inde
485 4029 609 4094 ductum,
632 4027 706 4096 qnod
725 4028 918 4080 successiones
938 4029 1035 4080 esseut
1047 4025 1335 4094 influitsasimnlque
1353 4028 1452 4082 unius
1470 4029 1550 4094 utpote
1598 4051 1599 4092 q

399 4119 533 4174 continuo
553 4121 721 4173 crescentes.
743 4116 927 4186 Respondent
952 4117 1042 4184 enim,
1064 4117 1125 4170 iore
1143 4117 1274 4170 infinitas
1298 4121 1329 4170 et
1356 4133 1443 4187 supra
1459 4129 1549 4172 omnen
1598 4097 1599 4160 t

399 4223 545 4264 numerum
566 4215 781 4274 cpcrrccms5
801 4205 925 4261 sednon
946 4222 1008 4260 esse
1026 4207 1157 4260 intinitss
1181 4225 1199 4258 c
1219 4215 1302 4272 porte
1322 4217 1389 4275 poss
1410 4209 1439 4262 in
1461 4203 1548 4262 scusli

400 4301 586 4355 successione.

462 4387 504 4462 (2)
522 4391 689 4459 Oppositum
708 4390 827 4460 probare
841 4389 973 4442 instituit
985 4389 1064 4442 inter
1076 4389 1150 4444 slics
1165 4389 1295 4458 vesques
1308 4391 1340 4444 in
1355 4393 1381 4444 1.
1394 4393 1426 4447 Ρ.
1438 4389 1503 4456 cup.
1513 4383 1545 4436 8⁶·

400 4479 443 4533 Oi.
457 4479 531 4548 disp.
544 4480 589 4533 63.
604 4497 627 4534 c.
639 4481 666 4533 s.
