3240 5064
892 349 930 364 -
950 318 1011 376 274
1033 349 1070 362 -
1276 371 1295 406 ‚

399 429 608 508 urentium
629 425 660 494 ie
676 425 829 516 prefeoto
845 429 899 492 est
921 422 1032 492 omnis
1055 423 1217 492 absoluta
1240 421 1422 514 persentio.
1448 449 1465 484 ι
1484 419 1581 488 Deus

400 532 649 624 multiplieiter
661 531 798 622 quidem
810 530 955 598 dieitum
970 550 1129 619 magnus,
1142 531 1263 612 honus,
1275 530 1427 620 sapiens,
1440 528 1579 608 boetus,

401 663 518 724 verus,
532 645 567 709 et
579 637 750 730 quidquid
765 636 864 706 aliud
880 659 947 706 non
964 637 1108 726 indigne
1124 636 1194 706 diei
1210 635 1364 722 videtur;
1379 635 1442 704 sed
1458 633 1581 704 eadem

401 747 605 839 magnitudo
616 745 691 816 eins
703 751 757 814 est
769 765 856 836 qnee
868 744 1054 834 sapientia,
1065 767 1134 812 non
1149 744 1241 812 enim
1254 743 1341 812 mole
1357 765 1516 833 magnus
1526 745 1581 810 est

399 855 459 926 sed
476 855 622 940 virtute,
641 859 678 920 et
692 851 809 921 eedem
834 850 983 936 bonitas,
1004 873 1091 942 qnae
1108 851 1281 941 sapientia
1296 856 1334 919 et
1352 848 1577 941 magnitudo,

399 969 437 1032 et
448 960 565 1030 eedem
578 959 711 1028 veritus
728 979 815 1048 qnae
832 957 896 1024 illa
912 957 1038 1044 omnia3
1049 967 1086 1025 et
1097 979 1164 1024 non
1180 963 1237 1026 est
1251 956 1301 1024 ibi
1316 955 1416 1024 alind
1434 957 1581 1024 beatum

401 1093 475 1140 esse
494 1079 531 1138 et
552 1067 651 1136 eliud
675 1087 837 1156 magnum
861 1071 899 1134 et
921 1065 1112 1156 eapientem
1135 1071 1200 1133 aut
1223 1087 1344 1134 verum
1366 1069 1433 1134 aut
1450 1065 1579 1133 bonum

401 1199 488 1262 esee,
507 1182 570 1246 ant
585 1178 720 1242 omnino
734 1176 845 1262 iprum
859 1173 977 1241 Error
997 1172 1033 1240 S.
1045 1173 1199 1262 August.
1219 1171 1261 1241 de
1275 1172 1375 1241 Trin.
1390 1171 1577 1242 1.Ἦ.ο.7.

400 1285 526 1355 Omnes
549 1282 686 1352 scilieet
708 1280 791 1350 illue
815 1280 1057 1371 perfectiones,
1075 1289 1111 1350 et
1128 1302 1362 1373 quorsumque
1385 1280 1481 1349 elius
1505 1303 1580 1350 non·

401 1393 516 1483 ripere
540 1412 740 1480 possumus,
765 1397 849 1458 sunt
879 1411 946 1455 esre
968 1389 1156 1458 seeundum
1177 1388 1341 1480 aliquam
1373 1388 1577 1457 nobilitatis

250 1511 260 1537 ‘
401 1499 570 1570 rationem
594 1497 868 1582 consideratum,
894 1497 982 1563 Esse
1002 1495 1116 1585 igitur
1137 1496 1343 1586 simpliciter
1365 1517 1387 1562 a
1405 1495 1577 1564 Patribus

401 1607 534 1678 dieitur
557 1604 667 1672 omnis
690 1603 857 1694 persentio
881 1603 1067 1672 seeundum
1091 1626 1222 1674 omnem
1245 1601 1446 1672 nobilitatis
1469 1603 1575 1672 ratio-

403 1737 480 1784 nem
498 1713 549 1800 (1)
564 1717 600 1780 et
615 1709 802 1780 seeundum
825 1732 955 1778 omnem
972 1709 1139 1799 gradum
1158 1733 1219 1780 seu
1235 1710 1366 1800 potius,
1385 1709 1481 1801 quod
1497 1709 1574 1778 nul-

404 1823 478 1890 lum
490 1821 596 1888 hebet
611 1818 771 1907 gre-dum,
786 1817 883 1886 ultre
896 1839 995 1910 quem
1010 1839 1078 1886 uon
1095 1819 1143 1888 sit
1153 1819 1358 1908 perfeetum.
1370 1817 1446 1886 Hoe
1461 1817 1574 1908 ipsum

403 1929 492 1998 dioit
511 1927 548 1996 S.
562 1925 763 1996 Beruerdus
786 1926 823 1994 iu
846 1924 910 1993 ille
934 1925 1115 2014 praeclara
1137 1925 1411 1996 consideratione
1426 1926 1496 1996 Dei
1519 1925 1572 2012 (de

403 2035 582 2104 Consider.
608 2034 633 2102 l.
652 2033 696 2102 V.
712 2057 742 2104 a.
758 2033 821 2119 6.).
842 2033 959 2116 «Quis
982 2039 1035 2102 est
1051 2033 1191 2120 (Deus)?
1213 2033 1292 2102 Non
1315 2053 1398 2100 sane
1419 2033 1573 2102 occurrit

405 2143 555 2226 melius,
581 2163 684 2233 quam
707 2144 770 2232 qni
794 2156 854 2210 ert.
880 2141 954 2210 Hoe
977 2141 1052 2231 ipse
1073 2139 1115 2209 de
1138 2162 1175 2210 ee
1198 2139 1314 2210 voluit
1342 2125 1568 2230 responderi,

406 2251 470 2320 hoo
493 2249 614 2319 doenit
635 2249 771 2320 dioente
793 2248 914 2338 Moyse
936 2247 981 2317 ad
1004 2247 1187 2338 populum:
1213 2250 1276 2340 poi
1298 2262 1371 2330 ert,
1397 2247 1496 2316 misit
1520 2269 1569 2316 me

405 2359 449 2428 ed
473 2381 554 2427 vos:
580 2357 702 2426 merito
725 2357 886 2448 quidem,
912 2356 1005 2425 nihil
1028 2379 1067 2426 eo
1091 2357 1340 2448 competentius
1367 2356 1569 2426 aeternitati

405 2487 493 2559 quee
508 2467 603 2534 Deus
618 2469 682 2533 est.
702 2463 741 2532 Si
757 2463 944 2548 bonnm,si
967 2485 1142 2554 magnum,
1161 2463 1192 2532 si
1207 2465 1358 2550 beatum,
1379 2463 1411 2532 si
1433 2464 1566 2555 eapien-

404 2583 486 2658 tem,
506 2573 562 2643 vel
586 2571 756 2665 quidquid
771 2572 843 2641 tale
859 2573 900 2640 de
915 2573 987 2641 Deo
1003 2571 1147 2656 dixeris,
1166 2571 1203 2640 in
1219 2571 1284 2641 hoe
1307 2572 1413 2642 verbo
1436 2571 1565 2640 insten-

405 2689 519 2764 retur,
537 2679 628 2772 quod
643 2685 698 2748 est
712 2681 794 2748 Est.
810 2681 939 2770 Nempe
955 2678 1020 2748 hoe
1034 2685 1088 2748 est
1104 2679 1136 2748 ei
1151 2701 1237 2762 esse,
1252 2679 1342 2771 quod
1358 2678 1443 2748 haee
1459 2678 1566 2746 omnio

405 2811 490 2859 sese.
516 2787 556 2856 Si
577 2792 614 2858 et
636 2793 774 2856 eentum
797 2787 886 2856 telis
907 2787 1028 2871 addae,
1054 2810 1122 2856 non
1145 2787 1323 2858 recessisti
1345 2787 1390 2856 ab
1404 2787 1515 2868 Eum
1537 2785 1564 2854 si

405 2920 446 2966 ee
468 2893 610 2978 dixeris,
636 2893 728 2964 nihil
751 2893 933 2982 addidisti;
959 2895 990 2964 si
1013 2917 1081 2964 non
1105 2894 1257 2980 dixeris,
1282 2893 1375 2979 nihil
1396 2893 1561 2962 minuisti.

405 3005 526 3073 Iamsi
543 3002 666 3073 vidisti
683 3003 747 3072 hoo
762 3010 833 3072 tam
857 3003 1038 3093 singulare
1060 3011 1132 3072 tam
1156 3027 1325 3073 summum
1340 3003 1441 3087 Eme,
1458 3022 1563 3070 nonne

405 3113 441 3180 in
458 3108 712 3200 eomparatione
727 3108 847 3194 huius,
866 3110 1036 3202 quidquid
1052 3109 1116 3180 hoo
1131 3117 1280 3194 nonest,
1300 3109 1438 3180 iudicas
1452 3109 1562 3200 potius

406 3239 474 3286 non
495 3237 570 3285 esee
593 3235 695 3307 qnam
718 3215 817 3284 esse?
840 3215 934 3298 Quid
958 3217 1040 3284 item
1056 3217 1174 3286 Deus?
1198 3217 1281 3286 Sine
1304 3240 1372 3308 qno
1394 3216 1484 3286 nihil
1498 3221 1558 3285 est.

407 3325 491 3394 Tem
514 3323 605 3392 uihil
627 3344 702 3392 esse
731 3323 806 3391 sine
836 3324 932 3413 ipso,
959 3344 1061 3416 quam
1085 3345 1147 3392 nee
1177 3324 1251 3414 ipse
1275 3324 1350 3394 sine
1374 3347 1411 3394 ee
1441 3329 1556 3414 potest.

407 3433 485 3522 Ipse
509 3431 588 3516 sihi,
613 3431 687 3522 ipee
710 3431 868 3500 omuibus
890 3439 962 3516 eet,
987 3451 1027 3500 ae
1050 3453 1112 3522 per
1134 3429 1199 3502 hoo
1221 3431 1466 3522 quodammodo
1492 3430 1557 3520 ipse

474 3702 516 3778 (1)
531 3703 712 3760 rSeoundnm
732 3703 841 3758 modum
854 3719 908 3774 qun
925 3719 970 3758 ree
989 3707 1077 3759 hahet
1095 3721 1158 3770 esre,
1178 3709 1223 3760 est
1239 3721 1308 3760 eune
1325 3707 1424 3760 modus
1440 3709 1469 3761 ln
1488 3705 1554 3759 nobi·

406 3798 508 3862 litem
526 3811 591 3850 nem
613 3811 668 3862 ree,
692 3794 843 3850 seeundum
863 3795 938 3863 qnod
956 3811 1036 3850 enum
1052 3811 1107 3850 me
1124 3799 1305 3852 monebitur
1317 3799 1353 3852 ed
1371 3801 1554 3868 eliquenrpe·

404 3885 505 3938 eielem
525 3883 634 3938 modum
657 3885 823 3938 nobilitatis
840 3885 972 3940 mniorem
990 3889 1037 3940 rel
1053 3887 1199 3954 minorem,
1215 3887 1322 3941 dinltur
1337 3903 1400 3943 esee
1419 3885 1553 3942 secundun

404 3976 457 4029 hoe
477 3975 603 4029 nobilior
619 3975 666 4028 vel
686 3975 780 4028 minu
796 3975 1024 4040 retinemur
1045 3976 1071 4028 el
1089 3977 1202 4044 ellquld
1220 3979 1274 4043 ert,
1295 3977 1342 4030 nul
1360 3977 1490 4046 competit
1501 3979 1554 4028 son

405 4065 639 4128 virtuosorum,
661 4065 688 4118 el
708 4065 790 4118 nulle
810 4065 905 4118 virtue
924 4067 1091 4120 nobilitatis
1103 4065 1199 4120 deense
1221 4065 1412 4136 polest,'quae
1427 4065 1552 4122 alleuirel

403 4156 590 4210 eonveulet...
603 4155 684 4210 slent
702 4159 797 4210 eutem
807 4155 899 4209 omnir
910 4157 1051 4210 nobiliter
1063 4163 1093 4210 et
1103 4157 1240 4226 persentio
1257 4159 1336 4213 inest
1347 4159 1400 4226 rei,
1419 4155 1552 4212 eeoudnn

407 4244 481 4316 quod
499 4247 559 4310 κὴ
580 4247 625 4300 lte
647 4249 738 4300 emuli
757 4245 885 4300 delector
902 4247 980 4300 ineat
999 4247 1041 4313 ei,
1066 4248 1218 4302 muudum
1244 4247 1319 4315 quod
1344 4263 1401 4302 non
1422 4251 1472 4302 oet
1489 4245 1551 4297 Dru

406 4339 499 4388 entem
519 4335 595 4390 sieut
610 4335 698 4390 hebet
716 4337 784 4390 Em
796 4336 938 4404 totellter,
951 4337 994 4389 ite
1010 4337 1046 4391 et
1065 4351 1097 4392 eo
1116 4337 1250 4392 toteliter
1264 4337 1384 4392 obsistit
1401 4353 1455 4392 non
1475 4347 1548 4388 erre·

405 4427 434 4482 S.
446 4425 499 4480 'lh
512 4429 586 4480 eunt.
599 4425 682 4479 (ient.
696 4427 718 4480 1.
730 4427 775 4480 28.
