3262 5076
55 455 219 524 tinctione
242 452 279 522 S.
295 451 446 521 Thomas
467 451 499 520 1.
515 477 548 544 q.
564 348 667 520 1921.
682 452 737 520 11.
754 451 808 539 123
831 453 872 521 de
893 454 996 522 verit.
1022 477 1055 545 q.
1069 451 1126 522 28.
1140 477 1173 522 a.
1188 453 1222 538 3,

54 571 86 633 et
107 563 171 632 alii
196 585 312 631 omnes
335 559 546 630 Scholastici
570 561 607 628 in
630 561 667 628 h.
686 561 711 628 l.
731 560 891 630 Summae
907 571 943 631 et
959 562 995 630 in
1013 562 1045 630 1.
1063 561 1147 631 dist.
1165 562 1222 631 45.

55 667 224 735 Voluntas
238 667 444 755 beneplaciti
458 665 507 752 (1)
516 673 621 754 prout
633 665 994 756 contradistiuguitur
1006 688 1028 733 a
1039 666 1225 735 voluntate

54 777 157 864 sipni,
175 781 231 843 est
252 773 364 841 omnis
391 773 457 842 Dei
474 774 638 842 voluntas
655 775 793 864 proprie
809 773 915 858 dicta,
932 779 1004 840 tam
1020 773 1226 842 antecedens

55 905 149 976 quam
167 899 392 972 consequens,
405 888 478 948 tam
495 881 735 950 conditionata
747 903 848 972 quam
861 881 1034 950 absoluta.
1050 881 1225 950 Voluntas

53 991 155 1078 cippi,
183 999 226 1056 ut
249 1010 322 1056 eam
346 987 556 1056 scholastici
580 989 801 1079 intelligunt,
818 1012 885 1057 non
910 996 966 1057 est
981 989 1058 1078 ipsa
1084 988 1148 1057 Dei
1167 1011 1225 1056 vo·

53 1097 179 1184 luntas;
200 1096 260 1164 setl
276 1103 330 1164 est
345 1097 485 1186 signum
500 1097 734 1165 extrinsecum
751 1097 947 1188 voluntatis
963 1097 1116 1180 divinas,
1134 1096 1225 1189 quod

54 1204 283 1294 metaphorice
307 1205 439 1294 (potius
462 1205 706 1294 metonymice)
730 1204 950 1272 voluntatem
972 1202 1145 1294 appellari
1167 1202 1226 1271 illi

54 1311 350 1380 animadvertunt.
369 1311 586 1380 Enumerant
609 1320 726 1380 autem
743 1313 895 1404 quinque
907 1311 1108 1379 huiusmodi
1121 1311 1225 1400 signa

54 1443 109 1488 seu
125 1418 321 1488 obiectivas
337 1417 639 1486 manifestationes
656 1419 866 1486 voluntatis:
887 1417 1087 1508 «praecipit
1099 1423 1135 1486 et
1149 1439 1225 1508 pro·

54 1527 156 1610 hibet,
183 1525 373 1616 permittit,
399 1524 564 1612 consulit,
591 1525 724 1616 implet.
742 1553 758 1588 n
778 1525 871 1594 Sunt
885 1525 1064 1594 videlicet:
1092 1548 1226 1615 pracce-

55 1651 163 1723 ptum,
185 1633 401 1724 prohibitio,
427 1633 629 1715 consilinm,
655 1636 809 1724 operatio
840 1639 877 1702 et
903 1635 1095 1722 permissio.
1121 1633 1227 1722 Hugo

56 1740 342 1831 comprehendens
365 1741 502 1808 nomine
525 1741 702 1832 praecepti
726 1741 831 1810 etiem
863 1741 1048 1809 consilium
1076 1744 1228 1833 quatuor

56 1855 188 1918 tantum
201 1849 305 1938 signa
317 1848 514 1917 voluntatis
526 1855 695 1918 recenset.
705 1847 865 1918 Ceterum
878 1871 940 1938 per
953 1872 990 1917 se
1001 1849 1227 1917 manifestum
1257 1853 1259 1858 ’

56 1966 112 2040 est,
129 1959 270 2047 sipnnm
286 1971 317 2023 ct
333 1955 651 2046 manifestationem
667 1957 888 2026 voluntatisa
904 1957 976 2026 Deo
988 1956 1127 2025 infinite
1141 1958 1227 2024 bono

56 2071 87 2132 et
100 2067 218 2133 veraci
236 2087 309 2132 esse
325 2087 394 2132 non
410 2087 521 2153 posse,
541 2067 627 2156 quin
644 2065 676 2134 ei
692 2065 900 2154 respondeat
922 2064 1088 2132 voluutas
1105 2064 1228 2155 aliqua

57 2171 186 2262 proprie
216 2171 324 2253 dicta,
343 2193 446 2261 quam
472 2171 567 2240 Deus
583 2175 682 2262 sipno
700 2171 922 2240 manifestam
938 2171 1013 2239 lieri
1032 2159 1126 2239 vult.¹
1142 2171 1228 2240 Cou-

58 2279 221 2346 sideranti
246 2278 396 2370 patebit,
419 2293 621 2368 praecepto,
644 2280 897 2368 prohibitioni,
923 2279 1066 2345 consilio
1094 2301 1228 2370 semper

58 2386 269 2455 uoluntatem
294 2385 417 2454 saltem
440 2387 701 2456 antecedentem
724 2395 760 2455 et
783 2387 1007 2478 beneplaciti;
1033 2386 1228 2476 operationi

59 2503 88 2562 et
101 2494 323 2584 permissioni
333 2495 551 2562 voluntatem
564 2493 717 2587 aliquam
730 2494 855 2563 saltem
868 2501 1118 2586 consequenter
1131 2495 1227 2563 abso·

59 2601 159 2671 lutam
175 2601 399 2692 respondere.
415 2599 501 2670 Dixi
516 2606 614 2690 sipno
628 2603 836 2692 respondere
848 2624 982 2692 semper
995 2602 1225 2687 voluntatem,

60 2733 151 2800 quam
174 2711 272 2778 Deus
295 2709 377 2777 vult
399 2710 645 2778 manifestare:
671 2733 739 2778 non
763 2733 845 2779 vero
869 2709 963 2794 dixi,
990 2711 1029 2778 in
1058 2710 1129 2778 Deo
1153 2731 1227 2778 esse

61 2840 183 2908 semper
194 2817 427 2901 voluntatem,
440 2841 542 2910 qnam
556 2819 704 2884 homines
717 2841 758 2884 en
770 2821 870 2907 sipno
883 2817 1069 2906 collipcnt5
1082 2821 1229 2908 possunt

60 2928 140 2996 enim
162 2949 297 2998 errare.
326 2927 384 2995 Sic
408 2933 572 3010 errasset,
591 2925 653 3018 qui
676 2950 718 2994 ex
743 2933 926 3017 praecepto
946 2928 1041 2995 facto
1064 2925 1227 2994 Abrahae

62 3036 261 3125 collegisset,
280 3035 317 3103 in
339 3035 412 3104 Deo
434 3055 509 3102 esse
533 3033 762 3120 voluntatem,
780 3043 823 3102 ut
844 3035 945 3102 Isaac
968 3041 1050 3102 actu
1074 3033 1149 3123 ipso
1165 3032 1227 3100 im·

63 3142 256 3210 moleretur.

118 3249 207 3318 iiiuc
231 3248 339 3338 impia
368 3267 451 3316 sane
480 3253 535 3316 est
564 3245 705 3315 Calvisi
736 3245 919 3315 distinctio
948 3247 985 3314 in
1013 3245 1229 3315 voluntatem

65 3355 117 3425 Dei
138 3359 363 3446 manifestum
378 3365 415 3424 et
438 3380 601 3422 arcanam
624 3351 688 3438 iia,
707 3360 749 3424 ut
764 3354 856 3445 quod
879 3354 975 3422 Deus
990 3354 1176 3442 manifeste
1191 3375 1229 3422 sa

65 3463 142 3533 velle
156 3463 347 3555 significet,
366 3465 487 3552 fugam
504 3470 736 3552 peccatorum,
755 3460 1032 3530 observationem
1049 3461 1156 3552 legia,
1175 3483 1228 3530 sa-

118 3733 157 3809 (1)
168 3738 245 3791 Haec
257 3737 416 3806 appellatio
432 3739 563 3789 voluntas
575 3735 747 3804 beneplaciti
761 3735 973 3802 significatione
986 3731 1133 3786 admodum
1147 3734 1230 3786 varia

68 3823 92 3876 in
109 3825 228 3879 diversis
246 3827 430 3880 contestibus
444 3829 612 3893 usurpatur.
630 3825 806 3892 Quandoque
821 3826 896 3878 enim
909 3826 1045 3878 voluntas
1058 3821 1229 3886 beneplaciti

70 3914 185 3968 strictius
207 3915 348 3982 accipitur
367 3917 588 3982 provoluntate
614 3917 763 3982 absoluta,
785 3919 814 3968 et
836 3930 909 3984 quas
930 3917 996 3968 actu
1019 3911 1123 3965 efficiat
1147 3925 1227 3965 suum

71 4003 205 4060 terminum
229 4007 260 4058 in
281 4005 461 4072 oppositione
483 4003 517 4058 ιιι]
535 4006 715 4059 voluntatem
742 4005 980 4070 conditionatum
1002 4003 1076 4056 alias
1097 4003 1225 4068 senapis

72 4093 141 4146 citum
159 4096 267 4151 dicitur
287 4111 337 4164 pro
357 4095 483 4163 simplici
506 4095 712 4162 complacentia
731 4097 762 4148 in
781 4095 893 4148 ratione
913 4095 989 4160 boui,
1011 4093 1127 4147 etiamsi
1147 4095 1228 4149 nullo

73 4182 184 4237 molosit
197 4186 450 4252 voluntantum,
464 4201 519 4252 quo
532 4200 616 4237 sensu
631 4185 724 4252 aliqui
737 4184 847 4252 dicunt,
862 4185 1042 4237 voluntatem
1054 4183 1228 4253 beneplaciti

75 4284 124 4324 esse
144 4277 227 4330 otiam
249 4277 325 4330 circa
347 4277 421 4329 bona
442 4291 517 4328 mere
537 4276 699 4343 possibilia.
724 4275 854 4342 Denique
874 4275 905 4326 in
925 4274 1106 4342 oppositione
1127 4274 1163 4328 etl
1183 4291 1228 4326 so·

76 4360 189 4419 lisntctem
211 4367 290 4434 sipni
315 4367 481 4435 appellatur
501 4368 634 4418 solantes
662 4365 830 4432 beneplaciti
853 4365 944 4420 omnis
969 4365 1104 4418 voluntas
1129 4363 1230 4419 diviua

77 4454 171 4519 itoprie
188 4455 275 4524 dicta,
297 4458 331 4509 ut
349 4457 381 4510 in
396 4458 479 4510 textu
500 4453 676 4509 declaratum
694 4455 792 4509 habos.

197 4565 357 4618 Fransslin
1087 4560 1120 4614 ai
