3240 5064
536 385 574 400 ..
595 353 653 414 251
677 385 715 400 ..

42 453 106 523 nul
120 457 221 526 entis
233 456 445 548 participati
455 462 492 526 et
502 458 687 528 affirmatio
705 458 810 528 Entis
826 456 979 528 absoluti
990 456 1213 547 exprimitur,

41 562 115 630 dum
130 563 275 634 dieitur
292 587 350 630 ens
363 588 386 631 a
400 587 446 632 se.
467 565 563 634 Haec
581 588 666 656 ergo
686 566 810 635 merito
833 570 980 634 essentia
998 564 1121 634 divina
1133 583 1217 654 praa

39 671 162 740 ceteris
177 673 253 741 Dei
275 673 548 762 perfectionibus
570 680 744 744 censetur.

97 778 425 848 Animadvertatur
449 802 576 872 quaeso
604 781 791 852 discrimen
821 781 1008 850 maximum
1039 779 1132 849 inter
1155 801 1217 849 ens

39 907 95 974 per
122 887 438 978 participationem
461 893 499 958 et
522 913 579 956 ene
602 914 624 955 a
643 913 688 957 se.
706 889 750 956 In
780 889 953 958 creaturis
983 887 1153 958 inferiora
1182 894 1219 956 et

39 994 147 1082 magis
165 994 406 1064 determinata
421 1017 553 1086 semper
569 997 780 1086 perfectiore
795 1003 927 1065 suntet
943 995 1067 1065 saltem
1083 995 1218 1064 virtute

39 1099 71 1164 in
83 1121 119 1168 se
134 1100 334 1170 includunt
350 1102 580 1191 perfectiones
597 1102 769 1192 graduum
785 1102 1015 1194 superiorum.
1034 1101 1219 1170 cEntibus

40 1205 214 1294 viventia,
242 1209 445 1280 viventibus
469 1211 651 1295 sensitiva,
677 1210 734 1279 his
756 1210 958 1295 rationalia,
984 1208 1219 1280 rationalibus

41 1317 273 1404 (sensitivis)
307 1317 376 1408 ipsi
405 1318 555 1408 spiritus
585 1319 710 1409 (puri)
741 1319 956 1411 antecellunt
974 1345 990 1382 n
1008 1319 1156 1407 Dionys.
1177 1316 1219 1384 de

42 1421 110 1492 dir.
128 1448 227 1494 nom.
247 1449 278 1494 c.
297 1427 329 1493 Β.
349 1433 381 1508 5.
400 1426 433 1493 3.
452 1423 545 1508 Quia
568 1447 715 1518 nemque
742 1449 809 1494 esee
824 1433 1065 1496 creaturarum
1081 1431 1220 1492 nonest

42 1529 255 1620 simpliciter
278 1532 338 1602 sed
352 1532 621 1601 determinatum
643 1532 689 1600 ad
712 1541 847 1602 certum
874 1533 1033 1623 gradum,
1052 1531 1129 1600 ideo
1153 1552 1220 1598 esse

43 1639 220 1728 reperitur
242 1639 281 1724 iu
303 1638 380 1708 illis
406 1640 520 1730 gradu
554 1639 719 1708 nobiliori
754 1639 812 1709 vel
847 1641 962 1708 minua
996 1638 1126 1723 nobili,
1154 1657 1221 1729 quc

44 1747 278 1840 propinquius
294 1746 352 1816 vel
366 1747 534 1817 remotius
549 1747 739 1817 imitantur
751 1753 788 1816 et
800 1747 1011 1816 adumbrant
1025 1747 1114 1814 Esse
1129 1744 1221 1814 divi-

46 1877 136 1924 num.
154 1854 301 1924 Gradus
323 1855 437 1945 igitur
458 1847 659 1924 restrictior
680 1856 869 1923 rationalis
891 1855 1044 1925 includit
1073 1853 1222 1944 gradum

48 1962 338 2033 universaliorem
355 1965 461 2045 vitae,
485 1962 544 2032 hio
570 1963 699 2032 iterum
714 1963 862 2054 gradum
888 1963 1100 2053 superiorem
1117 1963 1222 2044 entis,

48 2094 112 2140 non
134 2078 255 2141 autam
272 2071 350 2140 vice
374 2093 489 2141 versa.
506 2071 558 2140 At
580 2093 663 2141 vero
687 2095 744 2138 ene
759 2097 782 2138 c
797 2095 831 2140 sc
853 2094 920 2140 non
943 2077 998 2140 est
1021 2070 1223 2140 restrictum

50 2177 89 2246 ad
112 2179 265 2270 gradum
288 2179 452 2271 aliquem,
479 2179 540 2248 sed
562 2185 617 2248 est
638 2179 728 2246 Esse
744 2178 952 2269 simpliciter
967 2185 1004 2248 et
1019 2177 1096 2246 ideo
1109 2176 1223 2246 totius
1261 2166 1264 2172 ’

50 2287 246 2356 nobilitatis
260 2292 298 2356 et
312 2287 426 2356 totius
446 2285 683 2377 perfectionis.
703 2285 800 2376 Ergo
816 2287 899 2356 dnm
926 2310 984 2354 ens
999 2311 1022 2352 c
1037 2309 1071 2353 se
1093 2285 1224 2354 dicitur

50 2395 147 2464 nulla
168 2395 295 2466 addita
316 2394 618 2480 determinatione,
635 2389 854 2483 intelligitur
877 2394 1040 2463 absoluta
1054 2391 1223 2484 perfectio

52 2505 85 2570 in
107 2504 235 2596 quavis
249 2503 345 2572 linea
359 2502 464 2588 entis,
482 2503 515 2571 si
529 2503 583 2572 ita
598 2502 696 2594 loqui
711 2502 768 2570 fas
782 2507 848 2571 est.
868 2501 967 2571 Unda
984 2523 1046 2591 per
1067 2500 1224 2569 additam

54 2610 373 2680 determinationem
387 2611 481 2678 vitoe
496 2634 519 2675 c
534 2633 569 2676 se
583 2633 652 2678 non
669 2607 894 2698 significatur
911 2609 1043 2700 gradus
1059 2606 1221 2692 nobilior,

54 2720 109 2788 sed
130 2719 343 2811 exprimitur
366 2717 535 2808 perfectio
562 2717 785 2787 determinati
816 2716 949 2785 ordinis
980 2714 1224 2805 comprehense

55 2825 119 2894 iam
134 2826 173 2895 in
187 2827 312 2896 Esses
323 2848 370 2909 se,
388 2824 480 2917 quod
495 2829 550 2894 est
564 2825 731 2917 perfectio
744 2824 853 2893 omnis
866 2821 1011 2910 ordinis;
1026 2827 1062 2890 et
1073 2820 1225 2890 ulterius

56 2933 84 3000 si
105 2933 272 3003 definitur
286 2932 364 3003 vite
386 2933 431 3001 ad
447 2932 725 3014 intellectualem,
743 2931 829 3000 haec
845 2931 922 3022 ipsa
938 2929 1224 2998 intellectualitas

59 3063 130 3108 ose
150 3041 221 3110 iam
244 3039 600 3131 comprehendebatur
622 3041 659 3109 in
675 3042 751 3108 cita
767 3027 851 3122 ase,
869 3046 906 3108 et
927 3045 1077 3130 utraque
1100 3036 1225 3106 ultimo

59 3147 92 3214 in
113 3149 199 3216 Eue
222 3173 245 3215 c
260 3172 306 3216 se.
324 3147 417 3216 Hinc
432 3148 470 3216 in
487 3162 561 3215 ente
577 3173 599 3215 a
614 3171 648 3215 se
660 3147 795 3237 gradus
809 3146 1045 3216 universalior
1060 3151 1096 3214 et
1110 3143 1225 3213 minua

60 3253 305 3326 determinatus
329 3254 590 3346 comprehendit
620 3256 754 3347 gradus
776 3255 972 3340 inferiores,
999 3275 1084 3346 quos
1113 3253 1224 3322 conci-

60 3364 166 3452 pimus
187 3363 233 3432 ad
257 3369 372 3434 certas
387 3362 543 3432 rationes
558 3363 826 3451 determinatos;
846 3367 1024 3433 contrane
1040 3360 1174 3431 obtinet
1188 3360 1224 3430 in

61 3486 128 3540 ente
143 3497 210 3562 per
227 3473 553 3562 participationem.

120 3580 242 3650 rotem
265 3581 357 3649 hanc
371 3580 565 3650 doctrinam
580 3580 796 3650 lucidissime
812 3579 1077 3671 complanasset
1093 3577 1225 3648 Sauo-

64 3711 128 3758 nss
149 3689 183 3758 1.
201 3689 235 3758 2.
255 3715 288 3782 q.
307 3691 341 3759 2.
360 3711 393 3758 a.
411 3691 445 3758 5.
463 3690 508 3758 ed
523 3688 557 3758 2.
579 3689 698 3758 «Esse
719 3687 927 3778 simpliciter
949 3691 1149 3778 acceptum,
1175 3707 1225 3753 se·

65 3797 204 3866 cundum
235 3797 327 3888 quod
350 3795 503 3866 includit
524 3795 562 3862 in
586 3817 622 3864 se
646 3787 1045 3883 omnemperiectionem
1068 3791 1223 3876 essendi,

66 3903 263 3990 praeeminet
285 3904 382 3974 vitae
398 3909 435 3973 et
451 3902 608 3972 omnibus
625 3901 898 3992 perfectionibus
922 3899 1224 3993 subsequentibus.

68 4005 119 4077 Sic
138 4010 250 4100 igitur
273 4011 388 4101 ipsum
412 4009 499 4078 Esse
521 4007 710 4099 praebebat
733 4008 770 4076 in
794 4029 830 4076 se
854 4008 968 4076 omnia
991 4008 1081 4074 bona
1111 4006 1228 4076 subse·

69 4119 208 4204 quentia,
226 4124 263 4186 et
277 4117 343 4186 hcc
358 4115 457 4186 modo
472 4114 667 4205 Dionysius
681 4113 840 4205 loquitur
857 4114 914 4200 (de
926 4112 999 4182 div.
1010 4134 1101 4180 nom.
1117 4135 1147 4180 c.
1163 4113 1225 4198 5.).

72 4219 128 4292 Sed
149 4225 178 4294 si
199 4225 439 4295 consideretur
462 4224 577 4314 ipsum
601 4245 689 4304 esse,
712 4227 819 4312 prout
840 4221 1081 4310 participatur
1103 4219 1141 4288 in
1164 4219 1229 4289 hae

71 4332 173 4400 revel
194 4333 271 4418 illa,
298 4355 386 4425 quae
407 4355 476 4402 non
500 4331 647 4422 capiunt
668 4336 779 4398 totam
802 4328 1049 4419 perfectionem
1064 4326 1224 4411 essendi,

73 4436 122 4504 sed
141 4437 266 4510 babent
288 4463 357 4509 eece
377 4439 630 4531 imperfectum,
649 4437 743 4508 sicut
764 4443 819 4506 est
842 4460 909 4504 esse
931 4435 1120 4506 cuiuslibet
1132 4457 1228 4504 crea·
