3224 5068
896 348 934 364 ..
954 316 1016 376 352
1038 347 1077 362 -

404 417 454 487 eit
475 417 604 490 relatio
633 420 873 511 praesentiae,
898 425 935 490 et
956 427 998 490 ut
1021 442 1104 512 pars
1126 417 1222 512 perti
1243 425 1281 488 et
1309 423 1426 487 totum
1448 417 1515 486 toti
1541 417 1573 484 in

404 527 467 595 illo
490 527 604 617 spatio
627 529 846 618 respondeat,
864 529 955 622 quod
971 530 1050 620 ipsa
1071 527 1272 598 extensione
1296 527 1483 595 formatur.
1504 523 1573 614 Spi-

403 633 497 702 ritus
520 639 642 703 oontra
673 657 709 704 ee
732 636 819 705 totis
842 641 976 730 (neque
999 637 1091 706 enim
1115 637 1245 704 habent
1267 638 1412 726 partes)
1439 641 1574 724 possunt

404 761 503 808 suam
517 740 750 830 praesentiam
766 741 929 812 exhibere
945 743 1108 834 pluribus
1124 741 1242 826 simul,
1257 749 1365 834 atque
1381 741 1467 810 adeo
1478 739 1572 808 etiam

403 847 557 916 extensis
580 851 617 916 et
640 850 767 938 spatiis
790 849 854 934 ita,
881 856 925 920 ut
947 850 1097 941 spiritus
1112 856 1212 936 totus
1227 849 1330 917 sitin
1344 855 1421 917 toto
1437 853 1474 915 et
1487 853 1573 914 totus

405 955 443 1022 in
466 954 618 1044 singulis
640 955 815 1046 partibus.
833 957 930 1028 Haeo
953 980 1037 1027 vero
1060 957 1117 1028 vis
1139 956 1360 1048 praesentiae
1382 955 1459 1024 sine
1480 953 1574 1022 dubio

404 1066 460 1130 eet
481 1063 649 1152 perfectio
672 1063 795 1156 aliqua
818 1065 855 1132 in
879 1065 1024 1156 spiritu,
1049 1087 1157 1157 eoque
1182 1065 1304 1150 maior,
1323 1087 1392 1157 quo
1414 1063 1460 1131 ad
1481 1061 1574 1152 plura

404 1170 617 1239 extendatur
631 1171 688 1240 vis
703 1193 777 1240 sese
794 1177 1010 1262 praesentem
1033 1171 1233 1242 exhibendi.
1252 1171 1295 1240 In
1311 1171 1446 1262 spiritu
1468 1177 1572 1236 auten

403 1275 506 1344 finito
537 1279 622 1346 haee
646 1278 701 1346 vis
724 1301 786 1346 neo
816 1278 1003 1348 illimitata
1024 1301 1099 1347 esse
1131 1285 1266 1370 potest,
1299 1277 1361 1348 sed
1390 1275 1572 1345 necessario

405 1402 486 1448 suos
509 1381 615 1449 habet
636 1380 787 1469 limitea3
814 1405 876 1451 nee
900 1383 1051 1452 fortasse
1074 1383 1188 1475 quoad
1211 1387 1322 1451 totam
1350 1403 1451 1448 snam
1473 1379 1571 1447 effice·

405 1487 495 1556 eiam
511 1511 646 1578 semper
660 1495 715 1557 est
730 1491 769 1554 in
785 1504 877 1572 oeta,
895 1490 956 1558 sed
972 1490 1227 1582 quadamtenus
1243 1489 1356 1558 solum
1374 1493 1413 1554 in
1427 1489 1571 1576 potentio

404 1617 478 1665 esse
493 1596 693 1687 poterit(of.
706 1595 1047 1688 SuarezMetaphys.
1058 1599 1148 1690 disp.
1160 1599 1216 1668 51.
1227 1605 1312 1668 seot
1322 1599 1358 1666 4.
1368 1596 1466 1666 1132.
1477 1597 1569 1686 sqql.

404 1703 613 1773 Huiusmodi
629 1709 747 1772 autem
761 1701 993 1773 limitationes
1005 1728 1121 1775 omnes
1133 1706 1170 1774 iu
1183 1705 1314 1796 spiritu
1326 1703 1468 1772 infinito
1483 1701 1570 1792 plane

406 1817 607 1900 repugnant
620 1809 684 1897 (1).

470 1919 596 2012 Itaque
612 1921 648 2004 α)
660 1918 756 1988 Deus
771 1919 973 1989 substantia
989 1919 1166 2012 spiritalis
1181 1919 1320 1988 infinite
1335 1919 1494 2009 perfeota
1508 1937 1569 1984 esee

404 2050 473 2096 non
496 2033 633 2117 potest,
659 2028 746 2120 quin
776 2027 889 2118 possit
912 2051 986 2097 esse
1018 2050 1181 2119 praesens
1212 2027 1295 2096 aliis
1325 2025 1567 2102 existentibus,
1600 2033 1601 2112 ᾗ

404 2157 640 2228 quaecumque
663 2141 910 2226 supponantur
933 2137 1096 2206 existere.
1125 2137 1158 2222 t)
1182 2135 1225 2204 In
1247 2137 1320 2204 Deo
1351 2134 1483 2225 spiritu
1505 2131 1568 2200 ini·

403 2245 479 2312 nito
494 2250 531 2313 et
546 2251 628 2313 aotu
644 2267 731 2335 puro
754 2268 822 2312 non
845 2251 962 2336 potest
984 2245 1120 2336 oonoipi
1137 2245 1194 2314 vis
1210 2245 1431 2335 praesentiae
1454 2239 1567 2332 partim

405 2352 442 2420 iu
460 2365 538 2417 aera
553 2351 683 2441 partim
702 2355 740 2417 in
751 2354 928 2442 potentium·
943 2352 1005 2422 sed
1025 2359 1102 2422 tota
1117 2356 1173 2422 est
1187 2373 1320 2442 semper
1336 2351 1373 2418 iu
1392 2365 1483 2430 aeta,
1499 2367 1567 2437 qua·

404 2465 508 2528 tenus
531 2467 586 2528 est
608 2459 743 2552 aliquid
767 2459 861 2530 reale
885 2461 922 2528 in
947 2460 1031 2544 Deo,
1050 2481 1129 2529 oum
1154 2459 1299 2528 realiter
1321 2481 1390 2526 non
1414 2455 1465 2524 sit
1485 2451 1566 2522 aliud

404 2588 507 2659 quam
532 2567 611 2657 ipsa
634 2566 788 2636 existens
811 2568 1011 2636 substantia
1035 2565 1291 2636 intellectualia
1324 2563 1484 2632 absolute
1505 2583 1565 2651 per·

404 2675 508 2758 foeta,
526 2695 615 2766 quae
639 2674 810 2767 quidquid
832 2681 900 2760 est,
918 2675 956 2744 in
970 2681 1054 2744 aetu
1070 2681 1125 2744 est
1141 2676 1203 2761 (of.
1230 2695 1338 2764 supra
1353 2697 1389 2764 p.
1404 2671 1499 2758 302.)
1513 2669 1562 2755 (ι).
1601 2721 1602 2774 ᾗ

404 2783 435 2864 e)
451 2780 516 2850 Vis
540 2780 756 2870 praesentiae
778 2803 846 2848 non
870 2786 985 2872 potest
1008 2781 1046 2850 in
1068 2781 1141 2850 Deo
1164 2803 1239 2850 esse
1262 2779 1431 2849 restricta
1453 2777 1496 2845 ad
1514 2773 1564 2841 eli·
1601 2789 1602 2792 ’

403 2910 489 2981 quos
511 2886 662 2972 limites,
689 2887 787 2956 ultra
810 2910 896 2980 qnos
919 2889 1016 2958 Deus
1038 2911 1107 2957 non
1130 2889 1180 2958 sit
1208 2907 1374 2979 praesens
1398 2899 1497 2966 oeten
1517 2880 1564 2950 sed

402 3001 456 3064 est
478 2993 596 3064 virtus
613 2993 775 3062 absoluta
790 2995 849 3064 oui
866 3003 1043 3086 repugnat
1061 2997 1173 3066 omnis
1196 2995 1376 3079 limitatio,
1402 3015 1463 3062 sen
1485 2993 1562 3060 Deus

403 3101 599 3170 formaliter
629 3106 671 3169 ut
701 3102 897 3169 substantia
926 3127 1085 3192 praesens
1116 3111 1171 3174 est
1199 3103 1318 3172 virtus
1349 3108 1386 3170 st
1416 3098 1564 3190 perfectio

402 3209 563 3278 absoluta
578 3209 653 3278 sine
670 3209 783 3278 limite
806 3211 912 3278 etiam
931 3211 968 3279 in
985 3213 1122 3280 ratione
1146 3209 1377 3302 praesentiae.
1395 3209 1489 3298 Ergo
1503 3205 1562 3273 sine

401 3315 507 3384 dubio
523 3315 738 3385 immensitas
751 3317 817 3384 snb
829 3315 894 3386 lnoo
910 3323 1090 3408 ooneeptu,
1107 3317 1198 3410 quod
1211 3317 1306 3386 Dens
1319 3316 1503 3384 intrinsece
1518 3309 1560 3378 de·

401 3422 612 3492 terminatus
627 3429 682 3490 est
693 3421 738 3492 ad
750 3422 908 3492 intimam
926 3424 1159 3514 praesentiam
1171 3423 1209 3492 in
1224 3423 1385 3491 omnibus
1400 3415 1558 3490 existenti·

466 3615 509 3694 (1)
529 3619 598 3674 adn
618 3624 733 3674 oreatus
753 3621 877 3689 spiritus
902 3621 938 3676 ed
957 3627 986 3676 te
1005 3625 1129 3677 collatus
1147 3620 1279 3698 (Domlne
1299 3617 1388 3692 Deus)
1407 3621 1448 3674 eit
1464 3619 1560 3673 cirum

400 3711 535 3780 seriptue,
549 3709 585 3764 ed
599 3725 702 3778 eorpus
716 3727 783 3765 raro
797 3712 1084 3782 incircumscriptus?
1096 3714 1201 3782 Nempe
1212 3713 1327 3766 omniuo
1337 3711 1558 3776 mrennmiptm

396 3805 451 3868 eet,
463 3801 538 3869 quod
557 3817 619 3855 oum
633 3801 742 3855 alieubi
757 3804 848 3856 totum
860 3807 913 3870 est,
927 3819 984 3857 non
998 3807 1096 3870 potest
1107 3799 1308 3875 (naturaliter)
1322 3803 1410 3856 simul
1423 3795 1555 3856 eeseelibl.

397 3891 472 3960 quod
490 3892 524 3945 de
544 3891 615 3946 solis
634 3893 781 3960 corporeis
800 3893 938 3959 cerritum
953 3893 1233 3961 incircumscriptum
1255 3909 1332 3960 vero,
1348 3893 1424 3962 quod
1435 3889 1512 3946 simul
1523 3889 1556 3937 eet

396 3981 502 4049 ubique
523 3985 625 4050 totum,
646 3983 723 4052 quod
745 3982 778 4036 de
800 3987 828 4035 te
849 3985 910 4036 eolo
929 3983 1123 4049 intelligitur.
1143 3983 1398 4052 Oireumeeriptum
1415 3975 1555 4036 reroetir·

397 4070 643 4139 elreumseriptum
663 4072 750 4126 simul
771 4075 825 4138 est,
843 4071 917 4139 quod
937 4086 998 4125 oum
1019 4072 1126 4126 alieubi
1140 4073 1294 4138 sirmeum,
1308 4073 1553 4140 potesttotumw·

398 4162 485 4215 simul
503 4161 585 4228 alibi,
602 4177 659 4215 uon
678 4167 773 4216 umen
793 4163 909 4230 ubique,
931 4161 1006 4230 qnod
1021 4161 1056 4216 de
1074 4162 1181 4217 ereetie
1200 4162 1355 4230 spiritibus
1374 4156 1552 4226 cognoscitur·

398 4251 427 4306 Β.
440 4249 568 4304 Aneelm.
582 4253 712 4320 Proelog.
726 4269 749 4306 e.
764 4253 807 4305 13.

463 4335 506 4413 (2)
524 4342 583 4396 Hoe
601 4343 695 4411 iprum
714 4343 772 4396 elio
793 4341 874 4397 modo
894 4341 952 4396 dlol
971 4343 1065 4396 solet:
1087 4343 1113 4396 ei
1126 4342 1202 4398 Deua
1217 4357 1274 4398 nou
1289 4345 1367 4396 erret
1380 4340 1478 4406 ubique
1489 4345 1550 4402 pret

400 4445 467 4484 eene
486 4439 560 4496 ueta,
581 4437 680 4500 posset
698 4433 808 4488 moveri
826 4433 856 4488 ln.
868 4448 892 4487 e.
908 4431 1026 4486 mutui.
