3280 5070
904 389 943 404 ..
964 355 1026 419 502
1046 389 1084 404 ..

406 461 449 530 de
471 461 610 530 Natura
632 469 669 530 et
690 473 785 552 grat.
803 486 833 531 o.
848 462 905 530 27.
919 486 955 531 ιι.
970 461 1028 532 dl.
1043 461 1164 555 Neque
1187 462 1279 531 enim
1295 461 1459 531 voluntas
1472 461 1566 528 snivi-

405 568 472 636 fisa
494 568 701 638 antecedens
724 575 778 638 eat
800 569 974 638 absoluta.
991 569 1108 652 Quare
1123 577 1242 638 antem
1257 571 1417 638 absolun
1432 592 1499 638 non
1514 569 1566 652 sit

406 699 482 745 enm
507 681 623 765 posset
645 698 731 760 esso,
757 675 822 745 hoe
845 680 911 762 (nt
933 677 1031 762 dixi)
1055 677 1099 746 ad
1122 677 1188 746 Dei
1211 679 1366 767 pertinet
1389 677 1568 760 indiciam,

405 783 467 875 qui
491 783 618 851 maluit
640 783 682 852 ds
706 781 807 851 malis
832 784 916 852 bene
940 785 1074 868 faeere,
1099 805 1204 876 qnam
1227 785 1365 852 omnino
1392 785 1486 851 mala
1506 806 1571 851 esse

404 913 474 958 non
497 891 622 960 sinere.
637 890 677 996 ο0
701 885 801 959 ho'mo
824 897 864 958 tn
888 891 968 983 quis
991 913 1047 974 es,
1082 897 1122 960 ut
1144 893 1354 983 respondeas
1376 893 1474 961 Dsoi
1500 891 1572 959 Noli

404 1017 582 1089 quaerere,
608 1017 716 1088 qnare
739 997 834 1065 Dens
857 996 997 1066 infinite
1021 998 1171 1088 sapiens,
1197 999 1307 1066 bonas
1329 1006 1366 1068 et
1388 999 1508 1066 inatus
1522 997 1572 1065 do

405 1104 520 1172 minas
535 1103 702 1172 donorum
718 1126 860 1174 snorum
874 1128 943 1173 non
958 1126 1032 1172 eam
1048 1105 1198 1195 elegerit
1212 1105 1461 1190 oeoonomiam,
1479 1127 1572 1198 qnam

406 1210 559 1278 homines
582 1209 652 1277 sibi
674 1210 836 1300 fingunt;
862 1211 922 1280 sed
945 1231 1084 1302 quaere,
1110 1235 1174 1280 onr
1196 1211 1353 1280 homines
1375 1235 1464 1304 qnos
1486 1212 1573 1278 Dens

405 1317 486 1386 volt
509 1317 642 1385 salvari
664 1323 702 1384 et
725 1319 843 1386 beatos
864 1339 939 1386 esse
963 1319 1000 1386 in
1023 1325 1203 1387 aeternnm
1234 1319 1402 1387 beatitate
1431 1317 1571 1400 divina,

405 1425 473 1515 ipsi
495 1432 611 1493 tamen
634 1424 761 1508 nolint,
787 1431 823 1492 et
853 1423 947 1493 ooslo
968 1431 1120 1509 terrani,
1146 1423 1289 1514 gaudiis
1312 1425 1467 1494 oswnis
1492 1446 1573 1518 qnae

404 1539 573 1624 superant
595 1555 726 1600 omnen
750 1555 901 1618 sensnm,
928 1533 1130 1623 voluptates
1154 1533 1380 1603 brevissimas
1401 1538 1439 1602 et
1460 1534 1572 1602 misen

402 1640 529 1725 rimas,
560 1640 694 1731 glorias
717 1641 861 1710 eoelesti
884 1639 1032 1710 honores
1054 1640 1219 1711 ridendos
1241 1640 1317 1709 sive
1339 1641 1459 1732 potins
1482 1641 1572 1730 plan·

403 1749 534 1838 gendoe
556 1747 810 1838 anteponantii

854 1917 1062 1974 nstitutus
1080 1921 1119 1974 11.

457 2041 499 2091 Da
514 2037 774 2104 praedestinatione
792 2035 930 2087 donorum
947 2035 1207 2100 supernaturalium
1225 2037 1379 2088 animot-
1395 2045 1527 2102 speetu

867 2187 1011 2248 THESIS
1031 2189 1115 2248 LVI.

494 2305 540 2367 De
561 2321 657 2367 senen
676 2309 781 2377 nario,
804 2321 867 2383 qao
889 2303 1136 2382 praedestinatio
1158 2307 1196 2364 in
1216 2307 1308 2366 modo
1331 2308 1488 2385 loquendi

686 2402 877 2480 Scripturas
897 2409 928 2463 et
949 2401 1090 2462 Patrnm
1111 2405 1284 2482 accipitur.

467 2567 661 2622 avoluntnis
679 2565 823 2621 salvitas
840 2565 1008 2631 eonditum,
1029 2580 1086 2632 qno
1104 2565 1180 2618 Dens
1199 2568 1469 2634 supernaturalitas
1487 2569 1566 2623 teas·

403 2657 503 2712 undis
522 2657 558 2710 ad
578 2659 699 2710 salntem
719 2656 933 2724 pertinentibus
952 2654 1022 2722 tide,
1046 2655 1271 2722 iustificatione,
1294 2657 1502 2722 glorificatione
1521 2657 1568 2710 io-

404 2747 526 2800 ·nines
545 2747 645 2800 effectu
665 2747 728 2813 ipso
755 2759 894 2799 exornare
915 2745 951 2798 ab
970 2747 1087 2798 aeterno
1107 2746 1229 2811 statuit,
1256 2759 1293 2798 ex
1316 2745 1527 2814 Scripseram
1543 2751 1569 2799 et

404 2858 416 2884 a
433 2837 551 2890 Patron
562 2835 789 2904 nominatimque
798 2835 954 2900 Augustini
965 2833 1095 2888 doctrina
1105 2833 1453 2901 dieiturprasdests'natr'o,
1466 2837 1565 2894 alsatio,

404 2926 614 2992 „propositam
637 2925 719 2981 Unde
737 2926 806 2980 haee
824 2925 940 2978 nonina
958 2925 1063 2992 hisque
1082 2925 1196 2991 gemin
1218 2940 1275 2980 non
1301 2940 1357 2980 nno
1380 2941 1503 2994 nuper,
1523 2923 1565 2978 ssd

403 3033 483 3086 »pro
501 3017 700 3071 beneficiorum
719 3016 848 3082 ratione,
870 3030 956 3069 aenan
977 3031 1051 3070 nane
1070 3016 1200 3084 pleniora
1219 3029 1295 3069 nano
1314 3015 1410 3070 ιιιίιιιι
1430 3017 1512 3084 pleno
1530 3030 1565 3069 ιι-

404 3107 565 3176 reiptenda
583 3121 646 3160 esse
665 3106 919 3160 demonstratur.»

471 3249 728 3318 Praenstiones.
756 3249 801 3318 1⁰.
828 3247 1107 3318 Praedestinatio
1142 3245 1347 3340 inpooptapoc.
1376 3249 1503 3339 ὁμοιως)
1525 3249 1564 3316 si·

399 3357 627 3449 gniiieatione
649 3357 814 3448 generios
836 3363 954 3448 potest
976 3356 1048 3426 dioi
1071 3378 1169 3424 omne
1192 3355 1381 3426 eonsilium
1403 3357 1481 3442 Dei,
1505 3379 1564 3450 qno
1630 3369 1631 3382 ¹

399 3469 436 3536 in
466 3466 674 3536 aeternitate
703 3465 861 3556 disponit
889 3489 929 3535 se
959 3465 1041 3536 vult
1069 3464 1293 3534 existentiam
1324 3465 1562 3559 eninsenmqns

399 3575 455 3644 sni
479 3573 594 3664 operis
617 3571 661 3641 ad
677 3579 790 3642 extra.
808 3571 875 3642 Est
890 3572 981 3641 enirn
997 3572 1198 3642 huiusmodi
1214 3572 1399 3642 oonsiiinrn
1419 3576 1562 3664 profesto

398 3680 585 3748 destinatio
607 3681 645 3748 in
669 3685 782 3748 mente
804 3679 945 3764 divina,
977 3685 1083 3772 atque
1113 3687 1188 3748 tum
1216 3678 1401 3749 duratione
1433 3689 1507 3750 tam
1528 3687 1562 3747 at

398 3811 516 3874 musa,
537 3785 742 3880 possedant
757 3793 834 3856 tota
849 3787 1062 3856 aeternitate
1077 3787 1189 3878 ipsam
1204 3787 1317 3878 operis
1333 3787 1559 3870 existentiam

398 3896 549 3988 adeoque
571 3901 626 3964 est
642 3891 930 3984 praedestinatio.
950 3892 1009 3963 sio
1024 3893 1230 3963 Ambrosias
1246 3893 1284 3961 in
1300 3891 1467 3963 Heraean.
1480 3895 1505 3964 i.
1518 3893 1559 3960 11.

399 4029 429 4075 o.
446 4007 479 4073 5.
498 4027 533 4072 n.
547 4003 604 4073 21.
624 4002 736 4072 ideam
752 4023 793 4072 ao
807 4001 1025 4071 voluntatem
1048 4002 1250 4071 ereatrioem
1278 4001 1388 4070 haias
1415 3999 1559 4071 universi

397 4111 554 4200 appellat
569 4109 934 4201 praedestinationem,
954 4115 1126 4200 quatenns
1142 4109 1319 4199 praeeedit
1333 4131 1558 4179 aoonsumns·

396 4217 525 4286 fionem
549 4217 682 4308 operis;
699 4241 715 4278 ι
734 4217 785 4286 sio
800 4224 837 4286 st
851 4217 1046 4306 Dionysias
1061 4217 1203 4286 divinas
1219 4216 1316 4284 ideas
1330 4215 1497 4286 adiuncta
1509 4235 1557 4284 ro

396 4321 534 4392 lunesto
549 4323 723 4414 praetiosa
736 4328 839 4392 vooat
852 4349 869 4387 a
882 4321 1214 4412 praedefinitiones»
1229 4344 1290 4392 sen
1304 4349 1322 4386 ι
1333 4321 1557 4413 praedestina·

396 4431 544 4500 tiones»
577 4451 781 4520 προορισμους.
