3224 5068
912 383 949 394 -
971 349 1031 410 323
1052 381 1090 394 -

415 459 596 523 creaturae
625 447 823 523 rationalis.
854 453 1043 524 creaturae
1066 454 1256 524 rationales
1279 453 1318 523 in
1341 456 1501 524 omnibus
1517 455 1582 522 suis

414 560 686 649 perfectionibus
698 567 770 630 tam
783 562 1005 630 naturalibus
1018 579 1120 653 quam
1132 561 1336 652 praesertim
1345 569 1583 653 supernatura·

414 668 508 738 libus
532 692 642 761 usqne
665 669 710 738 ad
723 671 971 760 ‘perfectionem
986 670 1084 739 illem
1102 693 1296 760 supremam
1312 671 1349 738 in
1365 671 1502 740 visione
1516 672 1582 737 bea·

413 776 511 844 tilica
533 782 618 845 sunt
633 777 769 868 quidem
783 783 819 846 et
833 778 929 868 ipsae
945 778 1118 848 obiectiva
1134 778 1372 847 manifestatio
1388 779 1581 846 divinarum

412 884 664 974 perfectionum
687 905 794 977 eaque
818 885 928 954 multo
951 885 1100 975 amplior
1114 891 1151 954 et
1176 886 1249 954 Deo
1265 885 1506 976 propinquior,
1525 907 1581 974 quo

413 992 665 1062 excellentiora
688 1001 772 1064 sunt
799 994 890 1064 dona
919 995 957 1062 in
987 995 1075 1084 ipsis
1108 1015 1211 1086 qnam
1241 993 1279 1062 in
1310 993 1581 1062 irrationalibus.

413 1101 464 1168 At
486 1125 555 1168 non
582 1101 696 1169 solum
710 1100 774 1169 hoe
791 1101 888 1169 modo
905 1101 1079 1170 ordinatio
1096 1101 1140 1170 ad
1166 1102 1278 1170 Deum
1305 1100 1474 1168 ultimum
1490 1099 1580 1166 finem

413 1212 468 1277 est
488 1208 608 1274 tentem
624 1211 661 1274 in
677 1210 740 1290 eia5
756 1209 815 1278 sed
831 1209 1040 1277 ordinantur
1056 1209 1100 1276 ad
1123 1208 1246 1292 Deum,
1264 1213 1306 1276 ιιι
1328 1207 1425 1276 Deus
1443 1206 1581 1274 ultimus

413 1315 506 1400 fluis,
524 1338 591 1406 quo
616 1317 796 1402 fruantur,
815 1316 863 1384 sit
885 1341 1047 1382 summum
1072 1317 1192 1382 bonum
1219 1319 1280 1382 cia.
1302 1341 1318 1378 e
1337 1313 1516 1383 Summum
1532 1313 1596 1378 ho»

414 1423 519 1491 minis
543 1423 668 1491 bonum
692 1429 851 1509 vocatur,
878 1425 979 1493 cuius
1002 1424 1217 1514 possessione
1240 1422 1340 1490 homo
1364 1424 1504 1507 beatus,
1528 1443 1579 1488 seu

414 1531 515 1600 ouius
538 1553 645 1600 causa
668 1537 784 1600 cetera
810 1533 1004 1621 appetenda
1026 1537 1063 1599 et
1085 1531 1337 1624 prosequenda,
1362 1533 1481 1622 ipsum
1508 1549 1578 1596 vero

413 1661 483 1706 non
507 1644 650 1729 propter
673 1639 772 1708 aliud
797 1639 856 1707 sed
882 1645 1023 1730 propter
1056 1662 1093 1708 se
1124 1640 1248 1708 solum.
1266 1639 1391 1732 Itaque
1425 1637 1515 1730 quod
1536 1639 1579 1704 est

414 1767 585 1814 summum
610 1747 734 1814 bonum
758 1747 921 1832 bominis,
939 1747 1135 1816 necessario
1158 1755 1212 1817 est
1239 1747 1387 1816 ultimus
1401 1747 1481 1816 eins
1496 1744 1575 1826 linis3

412 1877 553 1922 rursum
577 1853 668 1944 qnod
691 1859 746 1923 cst
762 1878 932 1923 summum
949 1855 1099 1924 hominis
1116 1855 1253 1940 bonnm,
1271 1855 1309 1924 in
1326 1879 1365 1925 eo
1381 1875 1519 1924 necesse
1532 1857 1575 1918 est

414 1961 604 2030 consistere
636 1961 712 2031 eius
742 1963 1012 2048 beatitudinem,
1039 1985 1127 2055 quae
1150 1964 1243 2032 nihil
1272 1970 1327 2033 est
1356 1963 1459 2032 aliud
1489 1981 1596 2052 quam¹

413 2070 539 2138 summi
552 2070 632 2138 boni
643 2071 825 2161 possessio.
840 2072 1018 2140 Summum
1028 2072 1152 2140 bonum
1162 2077 1199 2140 et
1207 2072 1354 2140 ultimus
1361 2071 1447 2139 finis
1458 2067 1574 2138 dicitur

413 2199 468 2244 res
491 2176 579 2266 ipsa,
598 2177 700 2246 euius
715 2177 929 2267 possessione
944 2183 981 2246 et
996 2177 1165 2246 fruitione
1193 2178 1285 2246 beati
1308 2199 1442 2262 sumna,
1460 2180 1496 2242 et
1510 2173 1572 2261 ipsa
1595 2229 1596 2242 ι

400 2285 518 2377 ιιιιὶιιι
550 2284 602 2352 rei
632 2286 803 2374 possessio
839 2291 876 2354 et
898 2286 1042 2372 fruitio;
1076 2285 1184 2354 simili
1215 2286 1313 2354 modo
1343 2290 1378 2354 et
1408 2279 1570 2352 beatitudo
1595 2285 1596 2344 1

308 2411 311 2420 ⁴
412 2391 586 2482 accipitur
608 2415 671 2482 pro
694 2391 773 2482 ipsa
795 2415 849 2477 re,
876 2393 977 2462 euius
1001 2392 1129 2461 unione
1151 2391 1246 2462 beati
1274 2393 1446 2462 efficimur
1467 2397 1501 2458 et
1520 2406 1570 2476 pro

412 2501 490 2590 ipsa
513 2499 651 2584 unione;
678 2499 743 2566 illa
766 2521 787 2566 a
814 2499 1023 2568 Doctoribus
1039 2503 1186 2568 vocatur
1202 2499 1382 2568 beatitudo
1398 2495 1565 2572 obieetiva
1595 2499 1596 2520 ¹

412 2607 497 2676 haec
521 2607 714 2675 formalis»
739 2605 837 2674 Lesa.
856 2605 898 2674 de
922 2629 1053 2674 summo
1076 2607 1163 2676 Bon.
1182 2606 1212 2674 I.
1230 2606 1263 2674 1.
1282 2606 1357 2672 Iam
1380 2627 1466 2676 vero
1490 2604 1567 2671 Deus
1595 2613 1596 2628 ¹

410 2737 581 2783 summum
605 2716 729 2784 bonnm
753 2715 791 2782 in
815 2736 850 2782 se
874 2715 951 2802 ipso
981 2720 1074 2784 esset
1097 2715 1235 2804 quidem
1266 2713 1373 2782 etiam
1395 2713 1436 2782 in
1466 2709 1566 2780 ordine
1595 2703 1596 2764 l

410 2821 650 2912 providentiae
667 2842 758 2890 mere
773 2821 933 2890 naturali
953 2844 1124 2890 summum
1140 2821 1265 2889 bonum
1280 2826 1465 2890 creaturae
1479 2817 1565 2886 ratio·

410 2927 495 3013 nali,
521 2927 725 2996 beatificans
752 2949 813 3017 per
836 2927 1068 3016 cognitionem
1091 2933 1127 2994 et
1149 2947 1298 2994 amorem
1321 2925 1565 3016 respondentem
1595 2925 1596 3008 ι

409 3035 633 3105 naturalibus
657 3041 837 3106 creaturae
861 3035 1106 3104 facultatibus:
1131 3042 1171 3102 at
1193 3036 1230 3102 in
1257 3034 1435 3124 praesenti
1465 3029 1565 3100 ordine

410 3131 725 3234 supernaturali'se
741 3144 856 3234 ipsum
872 3141 1036 3232 proponit
1052 3142 1219 3210 rationali
1243 3147 1428 3212 creaturae
1443 3147 1483 3208 ut
1497 3135 1563 3204 ulti·
1595 3131 1596 3200 t

409 3273 501 3318 mum
519 3250 621 3318 finem
637 3257 673 3320 et
689 3273 859 3318 summum
874 3249 1000 3316 bonum
1017 3248 1117 3337 plene
1141 3249 1346 3317 beatificans
1370 3271 1441 3316 non
1462 3265 1561 3314 secun·

410 3357 492 3425 dum
515 3357 727 3447 exigentiam
750 3361 899 3426 naturae
923 3356 1108 3425 rationalis
1132 3362 1281 3441 erectae,
1308 3357 1368 3426 sed
1391 3357 1487 3426 ultra
1506 3348 1561 3420 eni·

409 3463 565 3551 gentiam
591 3463 788 3534 naturalem
804 3463 992 3532 secundum
1015 3463 1226 3533 infinitatem
1244 3463 1357 3554 ipsius
1374 3464 1466 3549 boni;
1482 3455 1561 3528 modo
1595 3509 1596 3556 p

408 3571 573 3640 nimirum
589 3595 657 3646 uon
669 3573 905 3662 adtemperato
919 3571 1092 3640 limitibus
1104 3578 1139 3640 et
1154 3571 1371 3641 deficientias
1387 3576 1557 3642 creaturae,
1595 3557 1596 3648 t

409 3677 470 3746 sed
502 3679 600 3748 modo
630 3678 856 3770 respondente
888 3677 1059 3746 infinitati
1089 3677 1155 3748 Dei
1185 3677 1370 3747 elevantis.
1390 3669 1559 3758 Coniungit

408 3786 559 3855 enimse
583 3787 677 3856 Deus
700 3787 878 3855 infinitum
903 3788 1027 3855 bonum
1051 3786 1154 3854 utin
1178 3809 1214 3855 se
1237 3791 1291 3854 est
1318 3786 1500 3856 videndum
1519 3779 1556 3844 in·
1595 3775 1596 3780 ’

407 3893 567 3964 telleotri
582 3919 643 3984 per
659 3895 776 3964 lumen
800 3894 934 3984 gloriae
957 3895 1105 3978 elevato,
1124 3915 1239 3962 amore
1254 3894 1338 3963 huic
1355 3893 1481 3963 visioni
1495 3881 1557 3956 boni

407 4000 491 4069 infin¹
513 4001 542 4071 ai
576 4003 803 4093 respondente
838 4001 1040 4086 amandum,
1074 4007 1110 4068 et
1140 4001 1328 4070 fruendum
1363 3995 1555 4070 beatitudine

407 4107 628 4197 sempiterna,
648 4130 735 4200 quae
751 4131 794 4178 ex
809 4109 896 4177 bono
914 4109 1052 4178 infinito
1065 4108 1118 4177 ita
1129 4131 1191 4198 per
1205 4109 1373 4178 visionem
1386 4115 1422 4178 et
1433 4120 1554 4176 amorem

408 4215 505 4282 nobis
529 4237 565 4284 se
588 4217 861 4286 communicante
885 4239 968 4284 conn
997 4217 1164 4284 tonaliter
1189 4221 1225 4285 et
1246 4215 1442 4285 necessario
1458 4225 1551 4283 ‚eonsc-

407 4321 541 4413 quitur.
558 4323 760 4392 Possidstur
782 4323 902 4414 itaque
924 4325 937 4386 l
961 4347 1022 4394 eus
1045 4345 1106 4414 per
1129 4325 1299 4394 visionem
1322 4330 1359 4394 et
1381 4313 1553 4391 amoremet

406 4429 573 4518 gaudium
589 4429 846 4500 interminabile
861 4436 892 4497 ta
923 4453 1039 4523 ,quam
1054 4454 1224 4500 summum
1241 4433 1366 4500 bonum
1382 4426 1550 4500 esulanus
