3394 5056
610 405 648 418 -
670 373 710 432 37
731 406 769 418 ..

123 479 238 549 nodum
260 476 604 563 communicationis,
630 500 718 571 quae
741 485 857 548 tamen
880 478 1040 548 doctrina
1055 478 1099 546 ad
1116 483 1271 568 posteros
1295 553 1306 570 ,

120 587 288 680 pmpugari
298 610 320 656 a
330 587 455 678 primis
471 587 667 656 hominibus
682 610 752 656 non
763 593 912 678 poterat,
930 587 1002 656 nisi
1019 587 1271 680 quadamtenus

119 719 169 786 per
187 695 415 765 extrinsecam
437 695 709 765 institutionem.
733 697 809 765 Hoc
832 696 982 766 medium
1017 695 1271 764 manifestatio-

119 803 165 872 nis
184 803 257 890 Dei,
274 803 446 874 revelatio
468 811 505 874 ct
526 803 687 874 doctrina
708 804 750 874 dc
773 805 845 874 Deo
868 803 1070 896 divinisque
1085 802 1273 872 attributis

118 934 170 1002 per
188 912 445 982 institutionem
475 913 520 982 ad
542 917 699 1002 posteros
721 912 959 1002 propaganda,
986 911 1171 979 obnoxium
1194 913 1273 978 erat

119 1021 318 1109 corruptioni
341 1025 377 1088 et
397 1019 614 1110 perversioni
636 1042 705 1088 non
727 1019 849 1110 utique
871 1019 909 1087 in
932 1043 992 1104 se,
1018 1019 1077 1088 sed
1101 1023 1272 1110 quatenus

118 1125 260 1196 doctrina
282 1127 442 1198 revelata
465 1133 501 1197 et
522 1127 690 1218 primitus
719 1127 854 1197 tradita
876 1150 918 1196 ex
941 1127 1119 1197 hominum
1149 1125 1273 1196 menti·
1413 1149 1416 1158 ⁴

117 1235 171 1304 bus
189 1241 329 1326 poterat
350 1235 544 1320 obliterari,
570 1236 608 1304 in
629 1236 705 1305 eius
720 1236 834 1306 locum
850 1235 1055 1306 substitutis
1071 1235 1273 1306 commentis

116 1349 144 1412 et
164 1343 329 1414 doctrinis
352 1345 516 1414 absurdis
532 1344 574 1414 de
590 1343 659 1414 diis
677 1345 826 1415 fictitiis.
845 1346 904 1415 Ita
919 1346 1035 1437 reipsa
1049 1345 1183 1414 factum
1198 1365 1273 1413 esse

114 1451 283 1538 novimus,
310 1457 347 1521 ct
368 1452 462 1522 inter
496 1475 612 1522 omnes
636 1459 759 1544 gentes
793 1453 986 1524 traditione
1010 1459 1046 1522 et
1068 1439 1273 1544 publicaue

115 1557 243 1645 privata
264 1559 491 1630 institutione
513 1566 743 1651 propagatam
765 1561 979 1652 theologiam
1013 1561 1135 1646 illam,
1169 1583 1273 1652 quam

115 1665 197 1736 varo
218 1667 414 1737 fabulosam
436 1673 474 1738 et
496 1669 637 1739 civilem
653 1669 820 1760 appellat,
836 1670 1042 1741 distinctam
1059 1691 1080 1738 a
1095 1669 1274 1758 theologia

116 1773 250 1863 physica
272 1775 349 1846 sive
372 1776 541 1863 naturali,
568 1798 657 1870 qnae
679 1799 701 1846 a
723 1779 995 1868 sapientioribus
1018 1802 1088 1847 uon
1107 1802 1149 1849 ex
1162 1776 1272 1847 tradi·
1350 1815 1354 1826 ·

115 1881 197 1951 tione
225 1883 286 1953 sed
318 1898 438 1951 eontra
461 1909 661 1952 communem
685 1882 907 1954 traditionem
940 1909 981 1956 ac
1014 1886 1273 1956 institutionem

115 1989 303 2080 popularem
317 1991 460 2061 exculta
474 1998 530 2062 est
545 1993 607 2080 (cf.
619 1993 820 2084 S.Augnst.
832 1993 991 2065 Civ.Dei.
1003 1995 1097 2064 LVI.
1114 1993 1270 2080 etVH.).
1390 2001 1392 2006 '

170 2097 408 2170 llaniiestatio
423 2101 489 2170 Dei
511 2101 698 2188 naturalis,
728 2110 900 2195 quatenus
924 2103 1094 2173 obiective
1117 2107 1274 2193 spectata

116 2207 301 2276 continetur
323 2208 401 2299 ipso
424 2209 608 2300 spectabili
631 2211 814 2298 universo,
844 2235 906 2282 nec
932 2213 1109 2302 corrumpi
1135 2215 1275 2302 poterat

116 2315 151 2382 ab
164 2315 297 2386 homine
320 2340 384 2386 nec
406 2318 549 2406 mutari,
575 2341 617 2388 ea
638 2319 753 2409 igitur
775 2321 1001 2412 aprimordio
1023 2321 1195 2388 humanae
1218 2339 1273 2388 ra·

115 2421 193 2491 tioni
213 2430 355 2516 praesto
377 2431 456 2496 erat
485 2427 602 2496 eadem
634 2449 766 2519 semper
790 2429 1004 2498 sinceritate.
1030 2428 1099 2498 Sed
1121 2427 1274 2497 humana

115 2531 206 2616 ratio,
231 2531 334 2601 cuius
357 2554 445 2600 usus
467 2539 503 2602 et
525 2535 655 2603 abusus
679 2535 897 2605 avoluntate
920 2534 1109 2624 plurimum
1133 2533 1270 2625 pendet,

114 2659 172 2706 non
191 2639 309 2708 eodem
332 2661 466 2729 semper
488 2640 587 2710 modo
609 2641 654 2710 ad
677 2663 752 2711 eam
786 2665 822 2711 se
845 2642 961 2711 habet.
989 2641 1163 2726 Quamdiu
1187 2641 1273 2710 fides

115 2743 333 2814 intraditam
368 2747 560 2816 doctrinam
594 2748 821 2819 revelationis
844 2750 885 2819 de
919 2750 992 2819 Deo
1015 2753 1216 2840 perseverat
1238 2753 1274 2816 ct

115 2849 227 2922 saltem
250 2853 289 2921 in
324 2854 494 2926 communi
517 2855 666 2947 quadam
689 2858 819 2926 notitia
842 2864 1089 2944 conservatur,
1115 2856 1274 2927 doctriua

115 2961 262 3029 revelata
295 2965 334 3028 et
367 2959 547 3030 institutio
577 2985 620 3031 ex
649 2965 863 3035 revelatione
895 2965 1010 3057 petits
1045 2966 1139 3034 circa
1164 2965 1275 3033 Deum

116 3063 294 3158 trinaque
316 3067 494 3138 attributa
531 3069 764 3158 cognitionem
786 3071 1005 3158 rationalem,
1033 3093 1121 3164 quae
1155 3077 1210 3140 est
1232 3093 1274 3140 ex

117 3173 447 3244 manifestationibus
469 3175 715 3264 naturalibus,
740 3183 816 3246 tum
839 3179 883 3246 ab
906 3177 1082 3248 erroribus
1116 3199 1272 3269 praemu-

116 3281 173 3368 nit,
194 3291 270 3355 tum
293 3285 447 3377 positive
468 3287 571 3356 iuvat
594 3311 634 3358 ac
666 3293 846 3378 promovet
862 3287 924 3375 (1);
944 3288 1034 3358 unde
1061 3288 1115 3374 iit,
1139 3294 1182 3357 ut
1208 3290 1275 3358 hec

117 3388 149 3456 in
168 3391 317 3464 feliciori
340 3391 548 3479 conditione,
574 3393 635 3462 ubi
658 3393 897 3465 manifestatio
920 3399 957 3463 et
979 3395 1132 3485 cognitio
1157 3417 1199 3464 ex
1216 3395 1276 3464 du·

119 3495 192 3585 plici
212 3500 310 3570 fonte
333 3499 574 3590 coniungitur,
589 3501 684 3572 vires
707 3506 742 3571 et
764 3501 962 3572 functiones
984 3503 1134 3572 rationis
1157 3525 1219 3592 per
1238 3526 1275 3572 se

119 3610 307 3678 etseorsum
329 3615 505 3700 spectatae
528 3630 550 3676 a
573 3610 728 3680 subsidio
749 3611 978 3680 revelationis
994 3634 1062 3680 non
1078 3618 1152 3681 tam
1169 3611 1275 3681 facile

121 3710 385 3806 diafinguantnr.
410 3717 462 3786 At
484 3739 567 3786 vero
590 3717 628 3786 in
651 3716 848 3787 conditione
872 3717 984 3788 altera
1008 3719 1209 3788 commentis
1232 3719 1274 3788 de

121 3817 189 3906 diis,
212 3823 273 3913 qui
295 3823 457 3892 divinum
479 3823 571 3892 nihil
594 3823 724 3894 habent
746 3823 807 3893 sed
823 3831 1096 3894 nomentantum
1112 3827 1269 3910 mendax,

122 3929 310 4002 substitutis
332 3931 371 4001 in
393 3931 507 4002 locum
535 3933 713 4003 doctrinae
745 3957 787 4002 ex
813 3935 1028 4004 revelatione
1050 3934 1205 4004 traditae
1233 3935 1276 4004 de

172 4109 211 4185 (1)
228 4113 370 4180 Quomodo
387 4129 443 4168 non
463 4116 554 4170 solum
568 4117 702 4172 absoluta
717 4117 758 4173 sit
769 4119 927 4173 necessitas
939 4118 1127 4172 revelationis
1146 4117 1181 4171 ad
1194 4117 1277 4170 fldem

122 4207 365 4274 supernaturalem,
386 4205 435 4260 red
454 4208 542 4260 etiem
560 4209 716 4262 necessitas
735 4209 853 4262 moralis
872 4209 908 4263 ad
926 4209 1116 4274 cognitionem
1140 4209 1276 4276 simplici-

122 4295 167 4360 ter,
187 4311 254 4364 qnae
275 4297 409 4352 situatis
432 4299 548 4351 exculta
565 4299 594 4350 et
612 4297 675 4351 sine
694 4297 831 4352 admixtis
854 4299 1009 4367 erroribus,
1025 4298 1117 4366 quoad
1136 4299 1277 4352 veritates

121 4385 196 4438 etiam
207 4389 365 4442 rationales
386 4385 496 4441 ordinis
507 4387 639 4452 religiosi
658 4403 691 4442 sc
706 4388 833 4456 moralis,
847 4387 1054 4443 declaravimus
1067 4387 1099 4441 in
1113 4386 1276 4456 Appendicc

122 4471 151 4526 ad
166 4475 256 4532 l'ract.
267 4477 302 4532 dc
321 4477 407 4533 irad.
