<?xml version="1.0" encoding="UTF-8"?>
<!DOCTYPE html PUBLIC "-//W3C//DTD XHTML 1.0 Transitional//EN"
    "http://www.w3.org/TR/xhtml1/DTD/xhtml1-transitional.dtd">
<html xmlns="http://www.w3.org/1999/xhtml" xml:lang="en" lang="en">
 <head>
  <title>
</title>
<meta http-equiv="Content-Type" content="text/html;charset=utf-8" />
  <meta name='ocr-system' content='tesseract 3.04.00' />
  <meta name='ocr-capabilities' content='ocr_page ocr_carea ocr_par ocr_line ocrx_word'/>
</head>
<body>
  <div class='ocr_page' id='page_1' title='image "./ioannisbaptfran01frangoog_0042.png"; bbox 0 0 3394 5056; ppageno 0'>
   <div class='ocr_carea' id='block_1_1' title="bbox 102 339 1266 637">
    <p class='ocr_par' dir='ltr' id='par_1_1' title="bbox 102 339 1266 637">
     <span class='ocr_line' id='line_1_1' title="bbox 599 339 756 401; baseline -0.006 -15"><span class='ocrx_word' id='word_1_1' title='bbox 599 372 637 386; x_wconf 85' lang='lat'>-</span> <span class='ocrx_word' id='word_1_2' title='bbox 658 339 698 401; x_wconf 83' lang='lat'>25</span> <span class='ocrx_word' id='word_1_3' title='bbox 718 371 756 385; x_wconf 91' lang='lat'>..</span> 
     </span>
     <span class='ocr_line' id='line_1_2' title="bbox 102 445 1266 539; baseline 0.002 -27"><span class='ocrx_word' id='word_1_4' title='bbox 102 467 265 535; x_wconf 80' lang='lat' dir='ltr'>generans</span> <span class='ocrx_word' id='word_1_5' title='bbox 289 468 401 539; x_wconf 87' lang='lat' dir='ltr'>neque</span> <span class='ocrx_word' id='word_1_6' title='bbox 427 446 570 535; x_wconf 88' lang='lat' dir='ltr'>genita,</span> <span class='ocrx_word' id='word_1_7' title='bbox 595 469 705 537; x_wconf 87' lang='lat' dir='ltr'>neque</span> <span class='ocrx_word' id='word_1_8' title='bbox 729 445 925 534; x_wconf 82' lang='lat' dir='ltr'>procedens,</span> <span class='ocrx_word' id='word_1_9' title='bbox 944 445 1069 514; x_wconf 90' lang='lat' dir='ltr'>sedest</span> <span class='ocrx_word' id='word_1_10' title='bbox 1093 450 1175 532; x_wconf 90' lang='lat' dir='ltr'>(non</span> <span class='ocrx_word' id='word_1_11' title='bbox 1202 447 1266 514; x_wconf 88' lang='lat' dir='ltr'>snb</span> 
     </span>
     <span class='ocr_line' id='line_1_3' title="bbox 103 549 1265 637; baseline 0 -19"><span class='ocrx_word' id='word_1_12' title='bbox 103 551 236 618; x_wconf 80' lang='lat' dir='ltr'>formali</span> <span class='ocrx_word' id='word_1_13' title='bbox 256 552 394 622; x_wconf 87' lang='lat' dir='ltr'>ratione</span> <span class='ocrx_word' id='word_1_14' title='bbox 416 551 570 620; x_wconf 89' lang='lat' dir='ltr'>absoluti</span> <span class='ocrx_word' id='word_1_15' title='bbox 593 551 653 619; x_wconf 88' lang='lat' dir='ltr'>sed</span> <span class='ocrx_word' id='word_1_16' title='bbox 676 552 740 618; x_wconf 91' lang='lat' dir='ltr'>sub</span> <span class='ocrx_word' id='word_1_17' title='bbox 763 549 902 618; x_wconf 83' lang='lat' dir='ltr'>formali</span> <span class='ocrx_word' id='word_1_18' title='bbox 937 549 1072 619; x_wconf 90' lang='lat' dir='ltr'>ratione</span> <span class='ocrx_word' id='word_1_19' title='bbox 1106 550 1265 637; x_wconf 76' lang='lat' dir='ltr'>relativi)</span> 
     </span>
    </p>
   </div>
   <div class='ocr_carea' id='block_1_2' title="bbox 101 657 1267 1082">
    <p class='ocr_par' dir='ltr' id='par_1_2' title="bbox 101 657 1267 1082">
     <span class='ocr_line' id='line_1_4' title="bbox 102 657 1266 751; baseline 0.002 -25"><span class='ocrx_word' id='word_1_20' title='bbox 102 659 204 728; x_wconf 84' lang='lat' dir='ltr'>Pater</span> <span class='ocrx_word' id='word_1_21' title='bbox 230 660 291 751; x_wconf 87' lang='lat' dir='ltr'>qui</span> <span class='ocrx_word' id='word_1_22' title='bbox 305 667 475 749; x_wconf 87' lang='lat' dir='ltr'>generat,</span> <span class='ocrx_word' id='word_1_23' title='bbox 493 659 609 730; x_wconf 87' lang='lat' dir='ltr'>Filius</span> <span class='ocrx_word' id='word_1_24' title='bbox 624 658 685 751; x_wconf 90' lang='lat' dir='ltr'>qui</span> <span class='ocrx_word' id='word_1_25' title='bbox 701 659 876 748; x_wconf 84' lang='lat' dir='ltr'>gignitur,</span> <span class='ocrx_word' id='word_1_26' title='bbox 892 664 928 726; x_wconf 91' lang='lat' dir='ltr'>et</span> <span class='ocrx_word' id='word_1_27' title='bbox 944 658 1101 748; x_wconf 84' lang='lat' dir='ltr'>Spiritus</span> <span class='ocrx_word' id='word_1_28' title='bbox 1117 657 1266 728; x_wconf 87' lang='lat' dir='ltr'>Sanctus</span> 
     </span>
     <span class='ocr_line' id='line_1_5' title="bbox 102 766 1267 856; baseline 0.002 -22"><span class='ocrx_word' id='word_1_29' title='bbox 102 768 158 856; x_wconf 90' lang='lat' dir='ltr'>qui</span> <span class='ocrx_word' id='word_1_30' title='bbox 180 768 347 856; x_wconf 87' lang='lat' dir='ltr'>procedit,</span> <span class='ocrx_word' id='word_1_31' title='bbox 365 773 408 836; x_wconf 87' lang='lat' dir='ltr'>ut</span> <span class='ocrx_word' id='word_1_32' title='bbox 431 766 673 835; x_wconf 80' lang='lat' dir='ltr'>distinctiones</span> <span class='ocrx_word' id='word_1_33' title='bbox 696 766 829 834; x_wconf 86' lang='lat' dir='ltr'>sintin</span> <span class='ocrx_word' id='word_1_34' title='bbox 852 768 1009 856; x_wconf 90' lang='lat' dir='ltr'>personis</span> <span class='ocrx_word' id='word_1_35' title='bbox 1028 775 1064 836; x_wconf 90' lang='lat' dir='ltr'>et</span> <span class='ocrx_word' id='word_1_36' title='bbox 1087 767 1206 836; x_wconf 87' lang='lat' dir='ltr'>unitas</span> <span class='ocrx_word' id='word_1_37' title='bbox 1228 767 1267 836; x_wconf 90' lang='lat' dir='ltr'>iu</span> 
     </span>
     <span class='ocr_line' id='line_1_6' title="bbox 101 873 1267 965; baseline 0.002 -25"><span class='ocrx_word' id='word_1_38' title='bbox 101 881 244 944; x_wconf 80' lang='lat' dir='ltr'>natura:</span> <span class='ocrx_word' id='word_1_39' title='bbox 253 875 355 944; x_wconf 85' lang='lat' dir='ltr'>Licet</span> <span class='ocrx_word' id='word_1_40' title='bbox 376 874 492 964; x_wconf 88' lang='lat' dir='ltr'>igitur</span> <span class='ocrx_word' id='word_1_41' title='bbox 514 873 607 941; x_wconf 88' lang='lat' dir='ltr'>alius</span> <span class='ocrx_word' id='word_1_42' title='bbox 630 875 678 942; x_wconf 88' lang='lat' dir='ltr'>sit</span> <span class='ocrx_word' id='word_1_43' title='bbox 693 873 809 959; x_wconf 88' lang='lat' dir='ltr'>Pater,</span> <span class='ocrx_word' id='word_1_44' title='bbox 828 873 921 942; x_wconf 85' lang='lat' dir='ltr'>alius</span> <span class='ocrx_word' id='word_1_45' title='bbox 935 874 1063 960; x_wconf 82' lang='lat' dir='ltr'>Filius,</span> <span class='ocrx_word' id='word_1_46' title='bbox 1083 873 1177 944; x_wconf 87' lang='lat' dir='ltr'>alius</span> <span class='ocrx_word' id='word_1_47' title='bbox 1189 873 1267 965; x_wconf 87' lang='lat' dir='ltr'>Spi-</span> 
     </span>
     <span class='ocr_line' id='line_1_7' title="bbox 101 981 1267 1082; baseline 0.003 -33"><span class='ocrx_word' id='word_1_48' title='bbox 101 983 193 1050; x_wconf 85' lang='lat' dir='ltr'>ritus</span> <span class='ocrx_word' id='word_1_49' title='bbox 213 983 378 1067; x_wconf 84' lang='lat' dir='ltr'>Sanctus,</span> <span class='ocrx_word' id='word_1_50' title='bbox 396 1006 464 1050; x_wconf 93' lang='lat' dir='ltr'>non</span> <span class='ocrx_word' id='word_1_51' title='bbox 487 988 602 1051; x_wconf 87' lang='lat' dir='ltr'>tamen</span> <span class='ocrx_word' id='word_1_52' title='bbox 624 981 735 1068; x_wconf 71' lang='lat' dir='ltr'>aliud,</span> <span class='ocrx_word' id='word_1_53' title='bbox 754 982 814 1050; x_wconf 89' lang='lat' dir='ltr'>sed</span> <span class='ocrx_word' id='word_1_54' title='bbox 829 981 867 1050; x_wconf 83' lang='lat' dir='ltr'>id</span> <span class='ocrx_word' id='word_1_55' title='bbox 883 983 973 1082; x_wconf 89' lang='lat' dir='ltr'>quod</span> <span class='ocrx_word' id='word_1_56' title='bbox 996 989 1050 1052; x_wconf 89' lang='lat' dir='ltr'>est</span> <span class='ocrx_word' id='word_1_57' title='bbox 1071 983 1188 1067; x_wconf 83' lang='lat' dir='ltr'>Peter,</span> <span class='ocrx_word' id='word_1_58' title='bbox 1213 989 1267 1052; x_wconf 89' lang='lat' dir='ltr'>est</span> 
     </span>
    </p>
   </div>
   <div class='ocr_carea' id='block_1_3' title="bbox 102 1087 1312 4506">
    <p class='ocr_par' dir='ltr' id='par_1_3' title="bbox 102 1087 1267 1393">
     <span class='ocr_line' id='line_1_8' title="bbox 103 1087 1266 1178; baseline 0.004 -23"><span class='ocrx_word' id='word_1_59' title='bbox 103 1088 214 1157; x_wconf 83' lang='lat' dir='ltr'>Filius</span> <span class='ocrx_word' id='word_1_60' title='bbox 234 1095 272 1158; x_wconf 92' lang='lat' dir='ltr'>et</span> <span class='ocrx_word' id='word_1_61' title='bbox 295 1088 456 1178; x_wconf 86' lang='lat' dir='ltr'>Spiritus</span> <span class='ocrx_word' id='word_1_62' title='bbox 479 1089 641 1173; x_wconf 86' lang='lat' dir='ltr'>Sanetus,</span> <span class='ocrx_word' id='word_1_63' title='bbox 667 1087 758 1156; x_wconf 90' lang='lat' dir='ltr'>idem</span> <span class='ocrx_word' id='word_1_64' title='bbox 781 1089 930 1173; x_wconf 90' lang='lat' dir='ltr'>omnino,</span> <span class='ocrx_word' id='word_1_65' title='bbox 949 1096 990 1158; x_wconf 90' lang='lat' dir='ltr'>ut</span> <span class='ocrx_word' id='word_1_66' title='bbox 1012 1089 1200 1160; x_wconf 88' lang='lat' dir='ltr'>secundum</span> <span class='ocrx_word' id='word_1_67' title='bbox 1213 1112 1266 1160; x_wconf 93' lang='lat' dir='ltr'>or·</span> 
     </span>
     <span class='ocr_line' id='line_1_9' title="bbox 103 1195 1267 1268; baseline 0.004 -4"><span class='ocrx_word' id='word_1_68' title='bbox 103 1197 284 1266; x_wconf 81' lang='lat' dir='ltr'>thodoxam</span> <span class='ocrx_word' id='word_1_69' title='bbox 306 1203 344 1266; x_wconf 86' lang='lat' dir='ltr'>et</span> <span class='ocrx_word' id='word_1_70' title='bbox 373 1195 580 1265; x_wconf 87' lang='lat' dir='ltr'>catholicam</span> <span class='ocrx_word' id='word_1_71' title='bbox 611 1195 712 1263; x_wconf 84' lang='lat' dir='ltr'>fidem</span> <span class='ocrx_word' id='word_1_72' title='bbox 742 1196 1057 1266; x_wconf 87' lang='lat' dir='ltr'>consubstantiales</span> <span class='ocrx_word' id='word_1_73' title='bbox 1085 1220 1160 1268; x_wconf 89' lang='lat' dir='ltr'>esse</span> <span class='ocrx_word' id='word_1_74' title='bbox 1196 1221 1267 1268; x_wconf 90' lang='lat' dir='ltr'>cre·</span> 
     </span>
     <span class='ocr_line' id='line_1_10' title="bbox 102 1303 1001 1393; baseline 0 -21"><span class='ocrx_word' id='word_1_75' title='bbox 102 1304 259 1374; x_wconf 72' lang='lat' dir='ltr'>tantm.»</span> <span class='ocrx_word' id='word_1_76' title='bbox 279 1303 411 1372; x_wconf 87' lang='lat' dir='ltr'>Conoil.</span> <span class='ocrx_word' id='word_1_77' title='bbox 428 1304 593 1372; x_wconf 86' lang='lat' dir='ltr'>Lateran.</span> <span class='ocrx_word' id='word_1_78' title='bbox 607 1303 671 1372; x_wconf 85' lang='lat' dir='ltr'>IV.</span> <span class='ocrx_word' id='word_1_79' title='bbox 691 1325 765 1393; x_wconf 87' lang='lat' dir='ltr'>cap.</span> <span class='ocrx_word' id='word_1_80' title='bbox 782 1304 1001 1372; x_wconf 83' lang='lat' dir='ltr'>Dumuamus.</span> 
     </span>
    </p>

    <p class='ocr_par' dir='ltr' id='par_1_4' title="bbox 105 1409 1312 2687">
     <span class='ocr_line' id='line_1_11' title="bbox 164 1409 1268 1500; baseline 0 -20"><span class='ocrx_word' id='word_1_81' title='bbox 164 1410 219 1480; x_wconf 86' lang='lat' dir='ltr'>Ex</span> <span class='ocrx_word' id='word_1_82' title='bbox 241 1411 310 1480; x_wconf 88' lang='lat' dir='ltr'>hae</span> <span class='ocrx_word' id='word_1_83' title='bbox 333 1410 411 1500; x_wconf 92' lang='lat' dir='ltr'>ipsa</span> <span class='ocrx_word' id='word_1_84' title='bbox 433 1409 515 1478; x_wconf 90' lang='lat' dir='ltr'>fidei</span> <span class='ocrx_word' id='word_1_85' title='bbox 539 1409 730 1478; x_wconf 84' lang='lat' dir='ltr'>catholicae</span> <span class='ocrx_word' id='word_1_86' title='bbox 764 1410 975 1500; x_wconf 82' lang='lat' dir='ltr'>professione</span> <span class='ocrx_word' id='word_1_87' title='bbox 1001 1411 1059 1479; x_wconf 89' lang='lat' dir='ltr'>vel</span> <span class='ocrx_word' id='word_1_88' title='bbox 1082 1413 1193 1482; x_wconf 88' lang='lat' dir='ltr'>obiter</span> <span class='ocrx_word' id='word_1_89' title='bbox 1216 1412 1268 1480; x_wconf 90' lang='lat' dir='ltr'>iu·</span> 
     </span>
     <span class='ocr_line' id='line_1_12' title="bbox 105 1516 1268 1610; baseline 0.003 -24"><span class='ocrx_word' id='word_1_90' title='bbox 105 1527 217 1607; x_wconf 81' lang='lat' dir='ltr'>specta</span> <span class='ocrx_word' id='word_1_91' title='bbox 238 1517 423 1602; x_wconf 88' lang='lat' dir='ltr'>(distinete</span> <span class='ocrx_word' id='word_1_92' title='bbox 445 1517 536 1586; x_wconf 89' lang='lat' dir='ltr'>enim</span> <span class='ocrx_word' id='word_1_93' title='bbox 552 1516 594 1586; x_wconf 87' lang='lat' dir='ltr'>de</span> <span class='ocrx_word' id='word_1_94' title='bbox 616 1539 657 1584; x_wconf 89' lang='lat' dir='ltr'>ea</span> <span class='ocrx_word' id='word_1_95' title='bbox 678 1516 717 1584; x_wconf 89' lang='lat' dir='ltr'>in</span> <span class='ocrx_word' id='word_1_96' title='bbox 741 1517 912 1587; x_wconf 78' lang='lat' dir='ltr'>Tractetu</span> <span class='ocrx_word' id='word_1_97' title='bbox 935 1519 976 1588; x_wconf 90' lang='lat' dir='ltr'>de</span> <span class='ocrx_word' id='word_1_98' title='bbox 993 1519 1170 1588; x_wconf 81' lang='lat' dir='ltr'>Trinitate</span> <span class='ocrx_word' id='word_1_99' title='bbox 1194 1520 1268 1610; x_wconf 85' lang='lat' dir='ltr'>sgi-</span> 
     </span>
     <span class='ocr_line' id='line_1_13' title="bbox 107 1625 1270 1716; baseline 0.004 -26"><span class='ocrx_word' id='word_1_100' title='bbox 107 1629 199 1710; x_wconf 89' lang='lat' dir='ltr'>mus)</span> <span class='ocrx_word' id='word_1_101' title='bbox 229 1625 417 1692; x_wconf 87' lang='lat' dir='ltr'>manifesto</span> <span class='ocrx_word' id='word_1_102' title='bbox 448 1629 568 1712; x_wconf 88' lang='lat' dir='ltr'>patet,</span> <span class='ocrx_word' id='word_1_103' title='bbox 607 1625 718 1692; x_wconf 91' lang='lat' dir='ltr'>Deum</span> <span class='ocrx_word' id='word_1_104' title='bbox 749 1625 786 1692; x_wconf 91' lang='lat' dir='ltr'>in</span> <span class='ocrx_word' id='word_1_105' title='bbox 818 1647 854 1693; x_wconf 88' lang='lat' dir='ltr'>se</span> <span class='ocrx_word' id='word_1_106' title='bbox 891 1625 1186 1716; x_wconf 78' lang='lat' dir='ltr'>simplicissimum</span> <span class='ocrx_word' id='word_1_107' title='bbox 1212 1650 1270 1695; x_wconf 89' lang='lat' dir='ltr'>no-</span> 
     </span>
     <span class='ocr_line' id='line_1_14' title="bbox 107 1730 1271 1823; baseline 0.007 -27"><span class='ocrx_word' id='word_1_108' title='bbox 107 1739 194 1800; x_wconf 86' lang='lat' dir='ltr'>strse</span> <span class='ocrx_word' id='word_1_109' title='bbox 215 1731 410 1821; x_wconf 77' lang='lat' dir='ltr'>cognitioni</span> <span class='ocrx_word' id='word_1_110' title='bbox 431 1730 537 1814; x_wconf 86' lang='lat' dir='ltr'>fidei,</span> <span class='ocrx_word' id='word_1_111' title='bbox 562 1732 729 1823; x_wconf 79' lang='lat' dir='ltr'>quamdiu</span> <span class='ocrx_word' id='word_1_112' title='bbox 747 1761 763 1795; x_wconf 82' lang='lat' dir='ltr'>c</span> <span class='ocrx_word' id='word_1_113' title='bbox 781 1755 823 1800; x_wconf 85' lang='lat' dir='ltr'>ex</span> <span class='ocrx_word' id='word_1_114' title='bbox 846 1738 947 1822; x_wconf 82' lang='lat' dir='ltr'>parte</span> <span class='ocrx_word' id='word_1_115' title='bbox 970 1733 1212 1823; x_wconf 81' lang='lat' dir='ltr'>cognoscimus</span> <span class='ocrx_word' id='word_1_116' title='bbox 1234 1741 1271 1804; x_wconf 89' lang='lat' dir='ltr'>st</span> 
     </span>
     <span class='ocr_line' id='line_1_15' title="bbox 107 1837 1312 1928; baseline 0.006 -25"><span class='ocrx_word' id='word_1_117' title='bbox 107 1859 144 1904; x_wconf 85' lang='lat' dir='ltr'>ex</span> <span class='ocrx_word' id='word_1_118' title='bbox 164 1845 264 1927; x_wconf 83' lang='lat' dir='ltr'>perte</span> <span class='ocrx_word' id='word_1_119' title='bbox 286 1838 535 1928; x_wconf 79' lang='lat' dir='ltr'>prophetamus</span> <span class='ocrx_word' id='word_1_120' title='bbox 549 1865 566 1900; x_wconf 79' lang='lat' dir='ltr'>r</span> <span class='ocrx_word' id='word_1_121' title='bbox 585 1837 633 1926; x_wconf 84' lang='lat'>(1.</span> <span class='ocrx_word' id='word_1_122' title='bbox 645 1837 722 1906; x_wconf 89' lang='lat' dir='ltr'>Cor.</span> <span class='ocrx_word' id='word_1_123' title='bbox 736 1838 841 1908; x_wconf 91' lang='lat' dir='ltr'>XIII.</span> <span class='ocrx_word' id='word_1_124' title='bbox 856 1838 919 1925; x_wconf 89' lang='grc'><strong>9.),</strong></span> <span class='ocrx_word' id='word_1_125' title='bbox 936 1861 1009 1908; x_wconf 89' lang='lat' dir='ltr'>sese</span> <span class='ocrx_word' id='word_1_126' title='bbox 1032 1839 1193 1910; x_wconf 88' lang='lat' dir='ltr'>exhibere</span> <span class='ocrx_word' id='word_1_127' title='bbox 1205 1843 1270 1910; x_wconf 89' lang='lat' dir='ltr'>sub</span> <span class='ocrx_word' id='word_1_128' title='bbox 1310 1884 1312 1890; x_wconf 92' lang='lat'>·</span> 
     </span>
     <span class='ocr_line' id='line_1_16' title="bbox 108 1943 1269 2039; baseline 0.004 -28"><span class='ocrx_word' id='word_1_129' title='bbox 108 1943 232 2034; x_wconf 87' lang='lat' dir='ltr'>duplici</span> <span class='ocrx_word' id='word_1_130' title='bbox 255 1946 394 2013; x_wconf 89' lang='lat' dir='ltr'>ratione</span> <span class='ocrx_word' id='word_1_131' title='bbox 416 1946 569 2014; x_wconf 88' lang='lat' dir='ltr'>absoluti</span> <span class='ocrx_word' id='word_1_132' title='bbox 591 1951 628 2015; x_wconf 90' lang='lat' dir='ltr'>et</span> <span class='ocrx_word' id='word_1_133' title='bbox 649 1946 877 2016; x_wconf 88' lang='lat' dir='ltr'>relativorum</span> <span class='ocrx_word' id='word_1_134' title='bbox 904 1947 968 2032; x_wconf 89' lang='lat' dir='ltr'>ita,</span> <span class='ocrx_word' id='word_1_135' title='bbox 988 1954 1030 2016; x_wconf 87' lang='lat' dir='ltr'>ut</span> <span class='ocrx_word' id='word_1_136' title='bbox 1051 1948 1096 2016; x_wconf 88' lang='lat' dir='ltr'>ad</span> <span class='ocrx_word' id='word_1_137' title='bbox 1119 1949 1269 2039; x_wconf 85' lang='lat' dir='ltr'>explice-</span> 
     </span>
     <span class='ocr_line' id='line_1_17' title="bbox 109 2053 1270 2145; baseline 0.006 -27"><span class='ocrx_word' id='word_1_138' title='bbox 109 2053 227 2121; x_wconf 86' lang='lat' dir='ltr'>tionem</span> <span class='ocrx_word' id='word_1_139' title='bbox 250 2055 358 2122; x_wconf 88' lang='lat' dir='ltr'>nnius</span> <span class='ocrx_word' id='word_1_140' title='bbox 378 2061 414 2123; x_wconf 93' lang='lat' dir='ltr'>et</span> <span class='ocrx_word' id='word_1_141' title='bbox 428 2055 575 2123; x_wconf 88' lang='lat' dir='ltr'>alterius</span> <span class='ocrx_word' id='word_1_142' title='bbox 598 2054 759 2138; x_wconf 91' lang='lat' dir='ltr'>rationis,</span> <span class='ocrx_word' id='word_1_143' title='bbox 774 2060 916 2145; x_wconf 90' lang='lat' dir='ltr'>propter</span> <span class='ocrx_word' id='word_1_144' title='bbox 928 2056 1270 2144; x_wconf 89' lang='lat' dir='ltr'>ipsameminentiam</span> 
     </span>
     <span class='ocr_line' id='line_1_18' title="bbox 109 2159 1272 2252; baseline 0.003 -24"><span class='ocrx_word' id='word_1_145' title='bbox 109 2159 239 2229; x_wconf 86' lang='lat' dir='ltr'>divinae</span> <span class='ocrx_word' id='word_1_146' title='bbox 263 2161 490 2250; x_wconf 88' lang='lat' dir='ltr'>perfectionis</span> <span class='ocrx_word' id='word_1_147' title='bbox 513 2167 550 2229; x_wconf 93' lang='lat' dir='ltr'>et</span> <span class='ocrx_word' id='word_1_148' title='bbox 571 2167 715 2252; x_wconf 90' lang='lat' dir='ltr'>propter</span> <span class='ocrx_word' id='word_1_149' title='bbox 737 2161 1030 2250; x_wconf 81' lang='lat' dir='ltr'>imperfectionem</span> <span class='ocrx_word' id='word_1_150' title='bbox 1053 2163 1166 2232; x_wconf 89' lang='lat' dir='ltr'>nostri</span> <span class='ocrx_word' id='word_1_151' title='bbox 1179 2165 1272 2234; x_wconf 91' lang='lat' dir='ltr'>modi</span> 
     </span>
     <span class='ocr_line' id='line_1_19' title="bbox 111 2267 1270 2359; baseline 0.006 -26"><span class='ocrx_word' id='word_1_152' title='bbox 111 2267 344 2357; x_wconf 87' lang='lat' dir='ltr'>cognoscendi,</span> <span class='ocrx_word' id='word_1_153' title='bbox 371 2268 498 2359; x_wconf 84' lang='lat' dir='ltr'>duplex</span> <span class='ocrx_word' id='word_1_154' title='bbox 520 2268 716 2337; x_wconf 86' lang='lat' dir='ltr'>necessarie</span> <span class='ocrx_word' id='word_1_155' title='bbox 731 2267 779 2336; x_wconf 89' lang='lat' dir='ltr'>sit</span> <span class='ocrx_word' id='word_1_156' title='bbox 794 2269 973 2354; x_wconf 81' lang='lat' dir='ltr'>tractatio,</span> <span class='ocrx_word' id='word_1_157' title='bbox 990 2270 1032 2338; x_wconf 89' lang='lat' dir='ltr'>de</span> <span class='ocrx_word' id='word_1_158' title='bbox 1043 2271 1115 2338; x_wconf 88' lang='lat' dir='ltr'>Deo</span> <span class='ocrx_word' id='word_1_159' title='bbox 1126 2279 1167 2339; x_wconf 89' lang='lat' dir='ltr'>ut</span> <span class='ocrx_word' id='word_1_160' title='bbox 1180 2294 1270 2340; x_wconf 90' lang='lat' dir='ltr'>unus</span> 
     </span>
     <span class='ocr_line' id='line_1_20' title="bbox 111 2375 1271 2462; baseline 0.006 -21"><span class='ocrx_word' id='word_1_161' title='bbox 111 2383 159 2444; x_wconf 87' lang='lat' dir='ltr'>est</span> <span class='ocrx_word' id='word_1_162' title='bbox 178 2376 368 2444; x_wconf 90' lang='lat' dir='ltr'>secundum</span> <span class='ocrx_word' id='word_1_163' title='bbox 391 2377 577 2444; x_wconf 88' lang='lat' dir='ltr'>essentiam</span> <span class='ocrx_word' id='word_1_164' title='bbox 599 2382 636 2444; x_wconf 89' lang='lat' dir='ltr'>et</span> <span class='ocrx_word' id='word_1_165' title='bbox 658 2375 833 2444; x_wconf 83' lang='lat' dir='ltr'>attributa</span> <span class='ocrx_word' id='word_1_166' title='bbox 847 2377 1019 2462; x_wconf 87' lang='lat' dir='ltr'>absoluta,</span> <span class='ocrx_word' id='word_1_167' title='bbox 1038 2385 1112 2446; x_wconf 89' lang='lat' dir='ltr'>tum</span> <span class='ocrx_word' id='word_1_168' title='bbox 1135 2379 1178 2448; x_wconf 90' lang='lat' dir='ltr'>de</span> <span class='ocrx_word' id='word_1_169' title='bbox 1199 2379 1271 2448; x_wconf 91' lang='lat' dir='ltr'>Deo</span> 
     </span>
     <span class='ocr_line' id='line_1_21' title="bbox 111 2483 1270 2576; baseline 0.004 -27"><span class='ocrx_word' id='word_1_170' title='bbox 111 2487 147 2550; x_wconf 89' lang='lat' dir='ltr'>ut</span> <span class='ocrx_word' id='word_1_171' title='bbox 165 2485 284 2552; x_wconf 88' lang='lat' dir='ltr'>trinus</span> <span class='ocrx_word' id='word_1_172' title='bbox 305 2491 362 2553; x_wconf 87' lang='lat' dir='ltr'>est</span> <span class='ocrx_word' id='word_1_173' title='bbox 384 2485 540 2576; x_wconf 89' lang='lat' dir='ltr'>personis</span> <span class='ocrx_word' id='word_1_174' title='bbox 555 2483 720 2554; x_wconf 84' lang='lat' dir='ltr'>relativis</span> <span class='ocrx_word' id='word_1_175' title='bbox 743 2483 787 2552; x_wconf 85' lang='lat' dir='ltr'>ad</span> <span class='ocrx_word' id='word_1_176' title='bbox 809 2483 970 2571; x_wconf 88' lang='lat' dir='ltr'>invicem,</span> <span class='ocrx_word' id='word_1_177' title='bbox 989 2493 1025 2555; x_wconf 87' lang='lat' dir='ltr'>et</span> <span class='ocrx_word' id='word_1_178' title='bbox 1039 2485 1133 2555; x_wconf 88' lang='lat' dir='ltr'>inter</span> <span class='ocrx_word' id='word_1_179' title='bbox 1150 2508 1186 2556; x_wconf 89' lang='lat' dir='ltr'>se</span> <span class='ocrx_word' id='word_1_180' title='bbox 1197 2508 1270 2556; x_wconf 88' lang='lat' dir='ltr'>rec·</span> 
     </span>
     <span class='ocr_line' id='line_1_22' title="bbox 111 2588 1282 2687; baseline 0.008 -31"><span class='ocrx_word' id='word_1_181' title='bbox 111 2588 186 2660; x_wconf 88' lang='lat' dir='ltr'>liter</span> <span class='ocrx_word' id='word_1_182' title='bbox 208 2592 402 2661; x_wconf 88' lang='lat' dir='ltr'>distinctis.</span> <span class='ocrx_word' id='word_1_183' title='bbox 1281 2684 1282 2687; x_wconf 8' lang='grc' dir='ltr'><strong>Ἴ</strong></span> 
     </span>
    </p>

    <p class='ocr_par' dir='ltr' id='par_1_5' title="bbox 112 2697 1276 4506">
     <span class='ocr_line' id='line_1_23' title="bbox 168 2697 1271 2790; baseline 0.004 -24"><span class='ocrx_word' id='word_1_184' title='bbox 168 2697 209 2766; x_wconf 87' lang='lat' dir='ltr'>Si</span> <span class='ocrx_word' id='word_1_185' title='bbox 231 2700 343 2768; x_wconf 89' lang='lat' dir='ltr'>Deum</span> <span class='ocrx_word' id='word_1_186' title='bbox 365 2700 581 2768; x_wconf 87' lang='lat' dir='ltr'>intueremur</span> <span class='ocrx_word' id='word_1_187' title='bbox 604 2699 709 2768; x_wconf 89' lang='lat' dir='ltr'>sicuti</span> <span class='ocrx_word' id='word_1_188' title='bbox 733 2699 771 2768; x_wconf 89' lang='lat' dir='ltr'>iu</span> <span class='ocrx_word' id='word_1_189' title='bbox 794 2721 830 2770; x_wconf 87' lang='lat' dir='ltr'>ee</span> <span class='ocrx_word' id='word_1_190' title='bbox 847 2705 912 2786; x_wconf 84' lang='lat' dir='ltr'>est,</span> <span class='ocrx_word' id='word_1_191' title='bbox 930 2699 1007 2790; x_wconf 90' lang='lat' dir='ltr'>ipsa</span> <span class='ocrx_word' id='word_1_192' title='bbox 1027 2700 1160 2770; x_wconf 88' lang='lat' dir='ltr'>visione</span> <span class='ocrx_word' id='word_1_193' title='bbox 1176 2701 1271 2770; x_wconf 87' lang='lat' dir='ltr'>abso·</span> 
     </span>
     <span class='ocr_line' id='line_1_24' title="bbox 112 2801 1274 2893; baseline 0.009 -25"><span class='ocrx_word' id='word_1_194' title='bbox 112 2801 198 2873; x_wconf 83' lang='lat' dir='ltr'>lutee</span> <span class='ocrx_word' id='word_1_195' title='bbox 221 2806 393 2874; x_wconf 87' lang='lat' dir='ltr'>essentiae</span> <span class='ocrx_word' id='word_1_196' title='bbox 416 2806 520 2874; x_wconf 90' lang='lat' dir='ltr'>simul</span> <span class='ocrx_word' id='word_1_197' title='bbox 543 2805 760 2874; x_wconf 85' lang='lat' dir='ltr'>intueremur</span> <span class='ocrx_word' id='word_1_198' title='bbox 782 2807 923 2876; x_wconf 87' lang='lat' dir='ltr'>eandem</span> <span class='ocrx_word' id='word_1_199' title='bbox 946 2807 1143 2893; x_wconf 82' lang='lat' dir='ltr'>essentiam,</span> <span class='ocrx_word' id='word_1_200' title='bbox 1162 2814 1203 2876; x_wconf 90' lang='lat' dir='ltr'>ut</span> <span class='ocrx_word' id='word_1_201' title='bbox 1217 2815 1274 2878; x_wconf 85' lang='lat' dir='ltr'>est</span> 
     </span>
     <span class='ocr_line' id='line_1_25' title="bbox 112 2908 1274 3005; baseline 0.009 -31"><span class='ocrx_word' id='word_1_202' title='bbox 112 2908 207 2980; x_wconf 83' lang='lat' dir='ltr'>Pater</span> <span class='ocrx_word' id='word_1_203' title='bbox 229 2918 266 2980; x_wconf 87' lang='lat' dir='ltr'>et</span> <span class='ocrx_word' id='word_1_204' title='bbox 287 2911 406 2980; x_wconf 79' lang='lat' dir='ltr'>Filius</span> <span class='ocrx_word' id='word_1_205' title='bbox 427 2918 465 2980; x_wconf 87' lang='lat' dir='ltr'>et</span> <span class='ocrx_word' id='word_1_206' title='bbox 487 2912 642 3002; x_wconf 88' lang='lat' dir='ltr'>Spiritus</span> <span class='ocrx_word' id='word_1_207' title='bbox 677 2911 847 3000; x_wconf 85' lang='lat' dir='ltr'>Sanctus;</span> <span class='ocrx_word' id='word_1_208' title='bbox 876 2921 912 2982; x_wconf 92' lang='lat' dir='ltr'>et</span> <span class='ocrx_word' id='word_1_209' title='bbox 935 2914 1015 3004; x_wconf 86' lang='lat' dir='ltr'>pari</span> <span class='ocrx_word' id='word_1_210' title='bbox 1038 2914 1174 2983; x_wconf 87' lang='lat' dir='ltr'>ratione</span> <span class='ocrx_word' id='word_1_211' title='bbox 1196 2937 1274 3005; x_wconf 89' lang='lat' dir='ltr'>pro·</span> 
     </span>
     <span class='ocr_line' id='line_1_26' title="bbox 113 3019 1272 3110; baseline 0.006 -24"><span class='ocrx_word' id='word_1_212' title='bbox 113 3023 178 3105; x_wconf 89' lang='lat' dir='ltr'>pter</span> <span class='ocrx_word' id='word_1_213' title='bbox 207 3019 437 3089; x_wconf 87' lang='lat' dir='ltr'>intrinsecam</span> <span class='ocrx_word' id='word_1_214' title='bbox 470 3021 700 3089; x_wconf 87' lang='lat' dir='ltr'>necessariam</span> <span class='ocrx_word' id='word_1_215' title='bbox 736 3042 961 3110; x_wconf 88' lang='lat' dir='ltr'>personarum</span> <span class='ocrx_word' id='word_1_216' title='bbox 995 3021 1197 3092; x_wconf 84' lang='lat' dir='ltr'>relationem</span> <span class='ocrx_word' id='word_1_217' title='bbox 1228 3024 1272 3093; x_wconf 84' lang='lat' dir='ltr'>ed</span> 
     </span>
     <span class='ocr_line' id='line_1_27' title="bbox 113 3122 1274 3221; baseline 0.007 -30"><span class='ocrx_word' id='word_1_218' title='bbox 113 3122 252 3196; x_wconf 81' lang='lat' dir='ltr'>invicem</span> <span class='ocrx_word' id='word_1_219' title='bbox 265 3127 518 3220; x_wconf 85' lang='lat' dir='ltr'>earundemque</span> <span class='ocrx_word' id='word_1_220' title='bbox 532 3127 752 3196; x_wconf 88' lang='lat' dir='ltr'>identitatem</span> <span class='ocrx_word' id='word_1_221' title='bbox 768 3150 845 3196; x_wconf 88' lang='lat' dir='ltr'>cum</span> <span class='ocrx_word' id='word_1_222' title='bbox 860 3129 1184 3214; x_wconf 84' lang='lat' dir='ltr'>essentie,vicissim</span> <span class='ocrx_word' id='word_1_223' title='bbox 1196 3130 1274 3221; x_wconf 76' lang='lat' dir='ltr'>ipsa</span> 
     </span>
     <span class='ocr_line' id='line_1_28' title="bbox 115 3232 1272 3326; baseline 0.007 -28"><span class='ocrx_word' id='word_1_224' title='bbox 115 3232 237 3302; x_wconf 83' lang='lat' dir='ltr'>visione</span> <span class='ocrx_word' id='word_1_225' title='bbox 260 3256 426 3324; x_wconf 86' lang='lat' dir='ltr'>personae</span> <span class='ocrx_word' id='word_1_226' title='bbox 451 3235 723 3326; x_wconf 86' lang='lat' dir='ltr'>uniuscuiusque</span> <span class='ocrx_word' id='word_1_227' title='bbox 746 3233 964 3305; x_wconf 84' lang='lat' dir='ltr'>intueremur</span> <span class='ocrx_word' id='word_1_228' title='bbox 987 3243 1062 3305; x_wconf 88' lang='lat' dir='ltr'>tum</span> <span class='ocrx_word' id='word_1_229' title='bbox 1085 3239 1272 3308; x_wconf 88' lang='lat' dir='ltr'>essentiam</span> 
     </span>
     <span class='ocr_line' id='line_1_29' title="bbox 116 3335 1273 3430; baseline 0.006 -26"><span class='ocrx_word' id='word_1_230' title='bbox 116 3335 260 3407; x_wconf 82' lang='lat' dir='ltr'>divinam</span> <span class='ocrx_word' id='word_1_231' title='bbox 282 3345 360 3408; x_wconf 89' lang='lat' dir='ltr'>tum</span> <span class='ocrx_word' id='word_1_232' title='bbox 383 3361 497 3408; x_wconf 90' lang='lat' dir='ltr'>omnes</span> <span class='ocrx_word' id='word_1_233' title='bbox 512 3344 585 3409; x_wconf 89' lang='lat' dir='ltr'>tres</span> <span class='ocrx_word' id='word_1_234' title='bbox 599 3363 763 3430; x_wconf 89' lang='lat' dir='ltr'>personas</span> <span class='ocrx_word' id='word_1_235' title='bbox 779 3341 1014 3411; x_wconf 87' lang='lat' dir='ltr'>identificatas</span> <span class='ocrx_word' id='word_1_236' title='bbox 1030 3366 1107 3412; x_wconf 88' lang='lat' dir='ltr'>cum</span> <span class='ocrx_word' id='word_1_237' title='bbox 1123 3345 1273 3414; x_wconf 87' lang='lat' dir='ltr'>essentia</span> 
     </span>
     <span class='ocr_line' id='line_1_30' title="bbox 115 3446 1273 3542; baseline 0.009 -33"><span class='ocrx_word' id='word_1_238' title='bbox 115 3449 145 3510; x_wconf 90' lang='lat' dir='ltr'>et</span> <span class='ocrx_word' id='word_1_239' title='bbox 163 3449 256 3515; x_wconf 88' lang='lat' dir='ltr'>inter</span> <span class='ocrx_word' id='word_1_240' title='bbox 279 3470 316 3514; x_wconf 89' lang='lat' dir='ltr'>se</span> <span class='ocrx_word' id='word_1_241' title='bbox 338 3446 536 3515; x_wconf 85' lang='lat' dir='ltr'>distinctas.</span> <span class='ocrx_word' id='word_1_242' title='bbox 554 3448 657 3516; x_wconf 89' lang='lat' dir='ltr'>Nunc</span> <span class='ocrx_word' id='word_1_243' title='bbox 681 3469 764 3516; x_wconf 88' lang='lat' dir='ltr'>vero</span> <span class='ocrx_word' id='word_1_244' title='bbox 788 3469 864 3516; x_wconf 91' lang='lat' dir='ltr'>cum</span> <span class='ocrx_word' id='word_1_245' title='bbox 887 3449 998 3517; x_wconf 91' lang='lat' dir='ltr'>Deum</span> <span class='ocrx_word' id='word_1_246' title='bbox 1021 3474 1088 3519; x_wconf 88' lang='lat' dir='ltr'>non</span> <span class='ocrx_word' id='word_1_247' title='bbox 1104 3452 1273 3542; x_wconf 89' lang='lat' dir='ltr'>intelligi·</span> 
     </span>
     <span class='ocr_line' id='line_1_31' title="bbox 117 3554 1274 3646; baseline 0.01 -29"><span class='ocrx_word' id='word_1_248' title='bbox 117 3573 181 3621; x_wconf 89' lang='lat' dir='ltr'>nus</span> <span class='ocrx_word' id='word_1_249' title='bbox 204 3554 293 3624; x_wconf 89' lang='lat' dir='ltr'>ideis</span> <span class='ocrx_word' id='word_1_250' title='bbox 315 3554 479 3646; x_wconf 90' lang='lat' dir='ltr'>propriis,</span> <span class='ocrx_word' id='word_1_251' title='bbox 498 3562 539 3624; x_wconf 90' lang='lat' dir='ltr'>ut</span> <span class='ocrx_word' id='word_1_252' title='bbox 554 3563 608 3624; x_wconf 86' lang='lat' dir='ltr'>est</span> <span class='ocrx_word' id='word_1_253' title='bbox 631 3555 668 3623; x_wconf 90' lang='lat' dir='ltr'>in</span> <span class='ocrx_word' id='word_1_254' title='bbox 691 3577 750 3641; x_wconf 75' lang='lat' dir='ltr'>se,</span> <span class='ocrx_word' id='word_1_255' title='bbox 777 3555 836 3624; x_wconf 89' lang='lat' dir='ltr'>sed</span> <span class='ocrx_word' id='word_1_256' title='bbox 858 3556 917 3626; x_wconf 87' lang='lat' dir='ltr'>vel</span> <span class='ocrx_word' id='word_1_257' title='bbox 939 3558 1074 3627; x_wconf 88' lang='lat' dir='ltr'>ratione</span> <span class='ocrx_word' id='word_1_258' title='bbox 1098 3560 1274 3628; x_wconf 88' lang='lat' dir='ltr'>concludi·</span> 
     </span>
     <span class='ocr_line' id='line_1_32' title="bbox 118 3663 1274 3756; baseline 0.009 -32"><span class='ocrx_word' id='word_1_259' title='bbox 118 3679 194 3745; x_wconf 89' lang='lat' dir='ltr'>nus,</span> <span class='ocrx_word' id='word_1_260' title='bbox 220 3669 390 3752; x_wconf 88' lang='lat' dir='ltr'>qnantum</span> <span class='ocrx_word' id='word_1_261' title='bbox 414 3684 455 3730; x_wconf 88' lang='lat' dir='ltr'>ex</span> <span class='ocrx_word' id='word_1_262' title='bbox 479 3663 652 3730; x_wconf 85' lang='lat' dir='ltr'>creaturis</span> <span class='ocrx_word' id='word_1_263' title='bbox 674 3663 940 3748; x_wconf 88' lang='lat' dir='ltr'>manifestatur,</span> <span class='ocrx_word' id='word_1_264' title='bbox 959 3665 1017 3734; x_wconf 89' lang='lat' dir='ltr'>vel</span> <span class='ocrx_word' id='word_1_265' title='bbox 1032 3665 1146 3756; x_wconf 91' lang='lat' dir='ltr'>ipsius</span> <span class='ocrx_word' id='word_1_266' title='bbox 1169 3668 1274 3736; x_wconf 90' lang='lat' dir='ltr'>verbo</span> 
     </span>
     <span class='ocr_line' id='line_1_33' title="bbox 118 3767 1274 3860; baseline 0.008 -29"><span class='ocrx_word' id='word_1_267' title='bbox 118 3767 289 3852; x_wconf 88' lang='lat' dir='ltr'>credimus,</span> <span class='ocrx_word' id='word_1_268' title='bbox 316 3767 409 3858; x_wconf 89' lang='lat' dir='ltr'>quod</span> <span class='ocrx_word' id='word_1_269' title='bbox 431 3776 471 3836; x_wconf 89' lang='lat' dir='ltr'>ut</span> <span class='ocrx_word' id='word_1_270' title='bbox 493 3769 651 3858; x_wconf 84' lang='lat' dir='ltr'>intelligi</span> <span class='ocrx_word' id='word_1_271' title='bbox 675 3791 696 3838; x_wconf 86' lang='lat' dir='ltr'>a</span> <span class='ocrx_word' id='word_1_272' title='bbox 718 3771 819 3838; x_wconf 90' lang='lat' dir='ltr'>nobis</span> <span class='ocrx_word' id='word_1_273' title='bbox 834 3771 956 3860; x_wconf 91' lang='lat' dir='ltr'>possit,</span> <span class='ocrx_word' id='word_1_274' title='bbox 975 3772 1020 3840; x_wconf 90' lang='lat' dir='ltr'>ad</span> <span class='ocrx_word' id='word_1_275' title='bbox 1036 3778 1192 3840; x_wconf 89' lang='lat' dir='ltr'>nostrum</span> <span class='ocrx_word' id='word_1_276' title='bbox 1205 3795 1274 3840; x_wconf 90' lang='lat' dir='ltr'>mo·</span> 
     </span>
     <span class='ocr_line' id='line_1_34' title="bbox 117 3869 1274 3964; baseline 0.009 -28"><span class='ocrx_word' id='word_1_277' title='bbox 117 3869 187 3939; x_wconf 86' lang='lat' dir='ltr'>dum</span> <span class='ocrx_word' id='word_1_278' title='bbox 209 3875 438 3963; x_wconf 87' lang='lat' dir='ltr'>cognoscendi</span> <span class='ocrx_word' id='word_1_279' title='bbox 460 3875 638 3945; x_wconf 90' lang='lat' dir='ltr'>descendit</span> <span class='ocrx_word' id='word_1_280' title='bbox 660 3883 696 3945; x_wconf 90' lang='lat' dir='ltr'>et</span> <span class='ocrx_word' id='word_1_281' title='bbox 717 3878 751 3945; x_wconf 90' lang='lat' dir='ltr'>ei</span> <span class='ocrx_word' id='word_1_282' title='bbox 766 3900 840 3946; x_wconf 90' lang='lat' dir='ltr'>sese</span> <span class='ocrx_word' id='word_1_283' title='bbox 863 3879 1106 3964; x_wconf 87' lang='lat' dir='ltr'>accommodat,</span> <span class='ocrx_word' id='word_1_284' title='bbox 1130 3885 1171 3947; x_wconf 90' lang='lat' dir='ltr'>ut</span> <span class='ocrx_word' id='word_1_285' title='bbox 1192 3879 1274 3947; x_wconf 90' lang='lat' dir='ltr'>Dio·</span> 
     </span>
     <span class='ocr_line' id='line_1_35' title="bbox 117 3979 1275 4079; baseline 0.009 -35"><span class='ocrx_word' id='word_1_286' title='bbox 117 3981 229 4065; x_wconf 83' lang='lat' dir='ltr'>nysius</span> <span class='ocrx_word' id='word_1_287' title='bbox 250 3979 411 4072; x_wconf 87' lang='lat' dir='ltr'>loquitur</span> <span class='ocrx_word' id='word_1_288' title='bbox 433 3983 489 4070; x_wconf 88' lang='lat' dir='ltr'>(de</span> <span class='ocrx_word' id='word_1_289' title='bbox 511 3983 623 4052; x_wconf 89' lang='lat' dir='ltr'>divin.</span> <span class='ocrx_word' id='word_1_290' title='bbox 638 3985 767 4052; x_wconf 87' lang='lat' dir='ltr'>nomin.</span> <span class='ocrx_word' id='word_1_291' title='bbox 782 4007 812 4052; x_wconf 93' lang='lat' dir='ltr'>c.</span> <span class='ocrx_word' id='word_1_292' title='bbox 832 3985 865 4056; x_wconf 92' lang='grc'>1.</span> <span class='ocrx_word' id='word_1_293' title='bbox 880 3986 987 4070; x_wconf 80' lang='lat'>§.4.):</span> <span class='ocrx_word' id='word_1_294' title='bbox 1004 3985 1042 4054; x_wconf 93' lang='lat' dir='ltr'>in</span> <span class='ocrx_word' id='word_1_295' title='bbox 1054 3985 1120 4055; x_wconf 88' lang='lat' dir='ltr'>hac</span> <span class='ocrx_word' id='word_1_296' title='bbox 1133 3986 1275 4079; x_wconf 89' lang='lat' dir='ltr'>inquam</span> 
     </span>
     <span class='ocr_line' id='line_1_36' title="bbox 120 4087 1275 4183; baseline 0.011 -34"><span class='ocrx_word' id='word_1_297' title='bbox 120 4087 303 4157; x_wconf 88' lang='lat' dir='ltr'>conditione</span> <span class='ocrx_word' id='word_1_298' title='bbox 324 4093 447 4157; x_wconf 84' lang='lat' dir='ltr'>nostro</span> <span class='ocrx_word' id='word_1_299' title='bbox 469 4113 536 4158; x_wconf 91' lang='lat' dir='ltr'>non</span> <span class='ocrx_word' id='word_1_300' title='bbox 560 4113 742 4180; x_wconf 88' lang='lat' dir='ltr'>possumus</span> <span class='ocrx_word' id='word_1_301' title='bbox 765 4091 836 4160; x_wconf 90' lang='lat' dir='ltr'>nisi</span> <span class='ocrx_word' id='word_1_302' title='bbox 859 4091 1029 4162; x_wconf 89' lang='lat' dir='ltr'>distincta</span> <span class='ocrx_word' id='word_1_303' title='bbox 1052 4092 1155 4183; x_wconf 90' lang='lat' dir='ltr'>plane</span> <span class='ocrx_word' id='word_1_304' title='bbox 1185 4093 1275 4162; x_wconf 88' lang='lat' dir='ltr'>serie</span> 
     </span>
     <span class='ocr_line' id='line_1_37' title="bbox 121 4189 1275 4290; baseline 0.007 -30"><span class='ocrx_word' id='word_1_305' title='bbox 121 4189 260 4264; x_wconf 85' lang='lat' dir='ltr'>idearum</span> <span class='ocrx_word' id='word_1_306' title='bbox 282 4196 396 4266; x_wconf 89' lang='lat' dir='ltr'>Deum</span> <span class='ocrx_word' id='word_1_307' title='bbox 419 4197 617 4288; x_wconf 85' lang='lat' dir='ltr'>concipere,</span> <span class='ocrx_word' id='word_1_308' title='bbox 644 4199 754 4290; x_wconf 90' lang='lat' dir='ltr'>primo</span> <span class='ocrx_word' id='word_1_309' title='bbox 782 4205 825 4268; x_wconf 88' lang='lat' dir='ltr'>ut</span> <span class='ocrx_word' id='word_1_310' title='bbox 847 4222 955 4268; x_wconf 90' lang='lat' dir='ltr'>uuum</span> <span class='ocrx_word' id='word_1_311' title='bbox 979 4199 1275 4289; x_wconf 87' lang='lat' dir='ltr'>simplicissimum</span> 
     </span>
     <span class='ocr_line' id='line_1_38' title="bbox 123 4299 1276 4398; baseline 0.006 -31"><span class='ocrx_word' id='word_1_312' title='bbox 123 4299 303 4372; x_wconf 74' lang='lat' dir='ltr'>obclusum</span> <span class='ocrx_word' id='word_1_313' title='bbox 325 4325 367 4373; x_wconf 87' lang='lat' dir='ltr'>ac</span> <span class='ocrx_word' id='word_1_314' title='bbox 390 4303 568 4374; x_wconf 84' lang='lat' dir='ltr'>inlinitum</span> <span class='ocrx_word' id='word_1_315' title='bbox 584 4306 683 4390; x_wconf 83' lang='lat' dir='ltr'>Esse,</span> <span class='ocrx_word' id='word_1_316' title='bbox 702 4307 792 4398; x_wconf 90' lang='lat' dir='ltr'>quod</span> <span class='ocrx_word' id='word_1_317' title='bbox 816 4308 880 4376; x_wconf 90' lang='lat' dir='ltr'>sub</span> <span class='ocrx_word' id='word_1_318' title='bbox 903 4308 1055 4377; x_wconf 88' lang='lat' dir='ltr'>diversis</span> <span class='ocrx_word' id='word_1_319' title='bbox 1076 4306 1276 4376; x_wconf 83' lang='lat' dir='ltr'>notionibus</span> 
     </span>
     <span class='ocr_line' id='line_1_39' title="bbox 124 4411 1275 4506; baseline 0.003 -28"><span class='ocrx_word' id='word_1_320' title='bbox 124 4412 358 4482; x_wconf 67' lang='lat' dir='ltr'>attributorum</span> <span class='ocrx_word' id='word_1_321' title='bbox 373 4419 410 4483; x_wconf 85' lang='lat' dir='ltr'>et</span> <span class='ocrx_word' id='word_1_322' title='bbox 425 4415 676 4506; x_wconf 80' lang='lat' dir='ltr'>perfectionum</span> <span class='ocrx_word' id='word_1_323' title='bbox 692 4414 932 4485; x_wconf 86' lang='lat' dir='ltr'>absolutarum</span> <span class='ocrx_word' id='word_1_324' title='bbox 949 4415 1152 4486; x_wconf 86' lang='lat' dir='ltr'>distinctius</span> <span class='ocrx_word' id='word_1_325' title='bbox 1168 4411 1275 4506; x_wconf 89' lang='lat' dir='ltr'>expli-</span> 
     </span>
    </p>
   </div>
   <div class='ocr_carea' id='block_1_4' title="bbox 0 0 1721 5056">
    <p class='ocr_par' dir='ltr' id='par_1_6' title="bbox 0 0 1721 5056">
     <span class='ocr_line' id='line_1_40' title="bbox 0 0 1721 5056; baseline 0 0"><span class='ocrx_word' id='word_1_326' title='bbox 0 0 1721 5056; x_wconf 95' lang='lat' dir='ltr'> </span> 
     </span>
    </p>
   </div>
  </div>
 </body>
</html>
