3230 5072
414 405 496 474 aliis
518 403 709 490 ordinibus,
728 403 789 472 sed
804 409 860 472 est
876 300 1063 474 commadiris
1078 401 1201 471 multis
1216 401 1274 470 val
1288 402 1409 492 potius
1423 399 1557 466 omnibus
1580 379 1581 384 ¹

415 511 593 582 ordinibus
626 512 859 583 materialium
893 513 1183 584 substantiarum.
1200 511 1286 580 Inde
1321 507 1494 578 translata
1518 513 1558 574 est

415 619 644 688 denominatio
660 619 704 687 ad
720 619 890 688 obiectum
914 619 1134 710 cognitionis,
1154 619 1245 710 qnod
1260 617 1443 684 materiale
1455 619 1490 684 st
1498 613 1559 701 sos·

414 725 502 792 mole
509 725 756 816 distinguitur.
769 725 963 796 Secundum
976 725 1073 793 illam
1082 726 1196 816 igitur
1207 724 1408 814 analogiam
1417 720 1562 789 macrias
1598 801 1599 804 Ἴ

414 853 454 900 ac
477 833 618 916 formae,
636 831 806 902 obiectum
816 833 970 919 sos-mule
991 833 1202 922 cognitionis
1224 831 1368 914 dicitur,
1389 850 1457 920 quo
1472 827 1561 916 peric

414 937 483 1008 otio
506 939 647 1028 propria
669 939 889 1028 cognitionis
898 939 1067 1008 distincta
1081 948 1117 1008 et
1131 939 1272 1008 diversa
1287 959 1309 1005 a
1323 935 1563 1026 cognitionibus
1599 927 1600 942 ²

413 1047 560 1116 aliorum
572 1045 731 1114 ordinum
743 1047 984 1116 constituitur.
998 1047 1072 1115 Hoc
1083 1053 1198 1115 autem
1210 1046 1298 1134 ipso,
1309 1044 1403 1136 quod
1415 1042 1564 1110 obiectum
1600 1045 1601 1052 ’

413 1153 474 1222 dat
496 1153 740 1243 perfectionem
764 1155 956 1243 cognitioni
976 1155 1162 1244 propriam,
1181 1153 1279 1221 illam
1302 1152 1520 1232 determinat,
1535 1169 1564 1214 sc

413 1267 662 1353 consequenter
692 1283 753 1351 per
776 1284 812 1330 ss
833 1267 871 1330 et
901 1265 1100 1352 propterea
1130 1261 1313 1348 (motivum
1344 1259 1486 1341 dicunt)
1513 1279 1564 1322 nou

412 1373 529 1438 eutem
552 1374 693 1459 propter
723 1369 821 1438 aliud
852 1369 1085 1458 cognoscitur.
1115 1368 1294 1437 Obiectum
1325 1373 1459 1444 contre¹
1479 1369 1564 1430 mate

412 1474 501 1543 riale
525 1475 646 1542 subest
662 1475 841 1559 scientiae,
860 1497 948 1565 qnae
971 1497 1038 1542 non
1066 1475 1109 1543 ab
1132 1475 1208 1563 ipso
1232 1473 1292 1542 sed
1315 1471 1462 1540 aliunde
1484 1491 1564 1538 suan

414 1579 518 1648 babet
544 1579 790 1670 perfectionem
817 1582 992 1671 propriam
1019 1586 1056 1649 et
1081 1579 1254 1649 diversam
1281 1601 1302 1647 a
1324 1575 1566 1668 cognitionibus
1604 1577 1605 1584 ’

413 1685 560 1754 aliorum
592 1687 776 1774 ordinum,
808 1710 876 1756 non
907 1711 991 1778 ergo
1014 1689 1127 1779 ipsum
1158 1687 1368 1758 determinet
1400 1683 1565 1754 scientiam
1606 1757 1607 1760 Ἴ

412 1793 646 1884 scientiaeque
662 1794 925 1882 perfectionem,
944 1795 1028 1864 licet
1043 1796 1191 1866 scientia
1208 1817 1268 1885 per
1283 1816 1383 1863 suem
1401 1787 1566 1883 perfectio

413 1923 489 1968 nem
512 1899 654 1968 aliunde
678 1899 942 1972 determinatam
966 1902 1093 1972 babeat
1113 1902 1218 1972 etiam
1246 1901 1311 1970 hoc
1325 1901 1498 1970 obiectum
1518 1916 1567 1986 pro

413 2006 572 2075 termino.
591 2005 820 2096 Cognoscitur
843 2031 926 2099 ergo
949 2009 1119 2078 obiectum
1147 2007 1326 2078 materiale
1356 2027 1427 2074 uon
1457 2025 1515 2094 per
1539 2022 1567 2068 es

412 2117 449 2180 st
470 2117 612 2201 propter
634 2135 670 2181 se
692 2119 868 2206 mmqnam
900 2115 1067 2184 motivum
1099 2114 1283 2198 scientiae,
1309 2112 1369 2182 sed
1393 2135 1456 2202 per
1485 2105 1567 2176 aliud
1608 2156 1609 2163 κ

412 2227 449 2287 et
470 2227 613 2308 propter
635 2219 747 2290 aliud.
765 2219 820 2290 Ex
844 2221 900 2290 bis
931 2221 1019 2312 ipsis
1048 2223 1244 2292 rationibus
1274 2219 1430 2310 propriis
1459 2211 1567 2286 obiecti

413 2325 572 2394 formalis
594 2333 630 2395 et
652 2327 846 2396 materialis
869 2328 974 2398 facile
999 2337 1106 2421 patet,
1133 2329 1304 2398 obiectum
1332 2326 1479 2396 formale
1499 2342 1568 2414 prae
1611 2362 1612 2368 κ

413 2431 556 2501 abiectis
572 2435 810 2504 materialibus
827 2435 861 2504 ei
877 2437 1115 2506 subordinatis
1130 2459 1204 2506 esse
1220 2436 1325 2505 simul
1340 2435 1511 2504 obiectum
1524 2453 1567 2500 eo·

413 2539 582 2628 gnitionis
602 2543 773 2632 princeps,
790 2544 923 2614 obiecta
946 2567 1029 2616 vero
1053 2545 1251 2614 materialia
1272 2567 1347 2614 esse
1364 2540 1565 2611 secessim-io.

479 2647 554 2714 Iam
571 2669 653 2717 vero
666 2654 702 2734 a)
714 2650 862 2720 scientia
875 2657 912 2720 et
923 2651 1118 2721 intellectio
1130 2651 1252 2721 diviua
1263 2675 1306 2720 ex
1319 2650 1427 2721 dictis
1439 2647 1567 2720 realiter

412 2761 467 2824 est
495 2755 573 2847 ipsa
604 2756 726 2826 divina
758 2759 957 2828 substantie
983 2765 1020 2828 et
1041 2759 1204 2829 ementis.
1222 2759 1475 2828 Perfectionem
1499 2773 1568 2842 ergo

413 2861 481 2930 sibi
504 2863 677 2953 propriam
694 2871 730 2933 et
743 2887 766 2932 a
782 2865 907 2956 quavis
925 2867 1072 2935 scientia
1097 2865 1246 2934 alteriue
1260 2865 1395 2934 ordinis
1409 2863 1568 2933 divemau

413 2991 481 3038 nou
504 2969 647 3039 aliunde
670 2971 777 3040 babet
800 2995 901 3064 quam
917 2973 961 3041 ab
975 2974 1052 3063 ipsa
1067 2972 1189 3042 divina
1204 2972 1405 3042 substantia
1420 2971 1494 3040 sive
1508 2989 1527 3034 a
1540 2987 1568 3033 se

413 3077 501 3166 ipse.
516 3076 609 3146 Haec
625 3077 717 3146 enim
733 3079 810 3168 ipsa
825 3080 901 3148 eius
917 3085 970 3148 est
985 3079 1127 3170 propria
1142 3079 1234 3148 ratio
1249 3085 1286 3148 et
1295 3079 1476 3170 perfectio,
1492 3071 1567 3167 quod

414 3189 514 3252 actua
529 3183 733 3275 intelligens
748 3185 910 3254 infinitus
926 3193 980 3257 est
995 3186 1139 3256 realiter
1156 3185 1233 3276 ipsa
1249 3185 1449 3254 substantia
1462 3181 1568 3253 divina

413 3293 450 3356 et
464 3290 541 3379 ipsa
565 3291 810 3360 substantialis
835 3293 968 3361 veritas
991 3292 1143 3376 infinita,
1163 3293 1220 3362 cni
1243 3291 1335 3360 nihil
1357 3287 1568 3382 perfectionis

414 3395 573 3466 accedere
597 3395 653 3466 vel
682 3397 845 3468 decedere
876 3405 1008 3488 potest,
1034 3399 1348 3490 quomodocumque
1374 3419 1412 3466 se
1435 3395 1568 3464 babeant

414 3502 547 3572 obiecta
569 3504 791 3593 cognitionis,
810 3526 897 3596 quae
923 3510 1007 3573 sunt
1028 3507 1072 3572 ab
1087 3505 1151 3573 illo
1174 3505 1313 3574 infinito
1337 3527 1420 3572 vero
1442 3503 1567 3573 diversa

413 3615 450 3677 et
460 3608 641 3680 distincta.
656 3611 755 3681 Unde
770 3613 803 3698 b)
813 3611 844 3680 si
856 3612 990 3681 ratione
1004 3611 1262 3701 distinguamus
1273 3611 1450 3680 inlinitum
1462 3627 1567 3680 verum

413 3721 451 3782 et
461 3713 638 3785 inlinitum
653 3722 770 3785 actum
786 3717 1049 3803 intellectionis,
1064 3717 1176 3808 ipsum
1191 3739 1310 3786 verum
1322 3718 1498 3787 infinitum
1512 3735 1568 3782 non

413 3821 523 3890 solnm
546 3823 777 3913 cognoscibile
799 3831 865 3910 eet,
886 3827 946 3896 sed
960 3849 1002 3896 ex
1027 3827 1219 3897 intrinsece
1242 3847 1307 3895 sna
1320 3827 1457 3895 ratione
1471 3821 1569 3912 erigit

412 3934 449 3997 et
462 3937 517 3999 est
532 3930 701 4000 motivum
717 3937 852 4019 (nostro
869 3934 967 4003 modo
982 3933 1173 4025 loquendi),
1188 3939 1229 4002 ut
1245 3934 1295 4001 sit
1309 3938 1392 4028 actu
1408 3931 1569 4023 cognitum

413 4057 474 4124 per
497 4035 608 4128 ipsam
623 4038 893 4109 intellectionem
915 4040 1091 4110 infinitam
1114 4041 1210 4128 (vide
1233 4065 1266 4132 p.
1286 4039 1409 4126 314.)ε
1434 4041 1569 4128 cdsmn

414 4163 536 4212 verum
559 4143 736 4216 inlinitum
752 4147 827 4217 sive
842 4148 1002 4218 divinum
1025 4150 1115 4218 Esse
1137 4149 1351 4239 concipimus
1366 4171 1444 4217 oum
1459 4142 1566 4215 lunda·

413 4255 528 4319 mento
550 4249 589 4318 in
613 4273 650 4320 re
677 4260 719 4322 ut
749 4253 984 4324 determinans
1014 4255 1233 4324 intellectum
1265 4253 1425 4324 divinum
1453 4247 1567 4320 adsui

413 4357 759 4446 comprehensionem.
778 4363 885 4431 Porro
909 4367 940 4448 o)
962 4363 1210 4432 substantialis
1231 4362 1290 4432 bio
1321 4368 1422 4432 antus
1447 4357 1566 4430 intelle
