3394 5056
594 375 633 389 -
654 341 696 405 95
716 373 754 388 -

99 475 153 546 per
172 452 248 524 res?
271 453 340 522 Per
370 452 486 543 ipssm
521 456 775 520 creaturam...
800 454 837 518 et
868 446 1005 538 Scytha
1027 453 1063 517 et
1084 447 1265 532 barbarus,

98 567 130 629 at
148 559 260 630 indus
280 566 319 630 et
339 559 555 651 Aegyptius,
581 564 619 627 et
641 556 752 626 omnis
776 557 876 626 bomo
900 561 1155 647 superterram
1177 555 1268 623 ince-

97 667 172 736 dens
194 667 288 736 hanc
311 689 429 738 vocem
452 666 591 754 audiet3
617 689 687 734 non
709 665 800 734 enim
816 688 877 755 per
892 687 994 733 aures
1021 665 1081 734 sed
1102 687 1165 754 por
1189 687 1267 733 ocu·

95 775 142 842 los
161 775 199 842 in
223 781 375 844 mantem
397 773 528 842 incidit
549 779 718 842 nostram:
734 772 931 842 visibilium
947 778 1064 842 autem
1079 771 1268 863 participa-

94 881 138 947 tio
152 880 273 949 eadem
289 885 347 948 est
361 902 471 971 neque
484 879 651 948 differens
667 878 761 947 sicut
774 878 1020 968 linguarum...
1042 901 1161 948 vocem
1175 900 1268 947 orsa·

95 992 169 1054 tura
191 991 231 1055 ct
252 987 413 1054 barbaris
442 985 575 1055 emittit
596 989 633 1054 ct
655 984 799 1054 Graecis
821 990 857 1053 ot
887 986 1045 1054 omnibus
1077 985 1268 1054 universim

95 1095 288 1164 horninibus
311 1094 451 1164 facilem
474 1094 704 1164 intellectu.»
731 1093 919 1162 Simillima
943 1094 1048 1163 habet
1078 1093 1268 1163 Tertullia-

94 1225 155 1272 nus
177 1210 273 1273 cont.
297 1203 407 1272 Marc.
427 1203 458 1271 Ι.
477 1225 507 1272 c.
528 1203 583 1272 10.
603 1203 696 1272 Hinc
726 1202 818 1272 idem
843 1201 1086 1272 Tertullianus
1109 1203 1147 1270 in
1169 1205 1267 1272 testi-

94 1312 243 1380 monium
265 1311 333 1380 Dei
347 1311 498 1382 advocat
512 1311 665 1380 animam
680 1311 835 1401 ipsorum
851 1310 1049 1401 gentilium,
1071 1334 1164 1380 cnon
1181 1333 1268 1404 quae

94 1419 221 1488 scholis
236 1421 389 1488 formata
403 1419 613 1510 sapientiam
636 1425 767 1504 ructat,
785 1419 845 1487 sed
862 1419 1066 1509 simplicem,
1093 1421 1214 1490 rudem
1234 1425 1270 1488 et

95 1527 284 1617 impolitsm
307 1533 344 1597 et
357 1527 550 1611 idioticam,
569 1527 707 1620 qualem
722 1527 863 1612 habent,
880 1528 940 1620 qui
956 1529 1068 1618 ipsam
1084 1528 1192 1620 solam
1208 1529 1269 1595 ha·

96 1635 215 1704 bont...
239 1633 414 1725 Magistra
436 1639 577 1718 natura,
603 1633 719 1701 anima
735 1633 920 1724 discipula:
940 1633 1110 1726 quidquid
1125 1641 1190 1703 aut
1205 1634 1270 1703 illa

97 1745 230 1814 edocuit
252 1752 317 1814 ant
338 1745 410 1812 ista
433 1742 632 1834 perdidicit,
658 1765 680 1810 a
701 1742 774 1812 Deo
797 1741 969 1810 traditum
996 1747 1072 1828 est,
1098 1743 1269 1833 magistro

98 1851 226 1922 seilicet
246 1852 360 1944 ipsius
375 1851 567 1940 magistrae
581 1877 598 1912 n
618 1848 771 1948 Tertull.
790 1849 832 1918 de
847 1849 978 1920 testim.
999 1851 1134 1920 animae
1148 1875 1177 1921 o.
1193 1852 1266 1921 25.

160 1959 250 2028 sin
272 1959 428 2028 subiecto
452 1955 678 2048 cognoscente
713 1957 894 2028 declarant
923 1957 1013 2027 hanc
1037 1959 1110 2028 vim
1132 1965 1168 2028 et
1191 1982 1269 2028 con-

101 2071 248 2158 genitum
270 2069 462 2160 impulsum
485 2069 578 2138 sicut
611 2069 656 2138 ad
688 2067 958 2159 cognoscendam
981 2068 1169 2137 veritatem
1192 2068 1269 2136 uni-

102 2177 233 2262 versim,
244 2177 299 2245 ita
314 2175 488 2266 imprimis
503 2176 548 2245 ad
564 2177 839 2266 cognoscendum
851 2175 962 2244 Deum
976 2198 1018 2244 ex
1030 2175 1108 2267 ipsa
1118 2176 1269 2244 rationa-

103 2282 144 2351 lis
155 2286 285 2354 animae
300 2289 444 2370 natura,
463 2289 602 2376 quaest
618 2284 734 2372 imago
749 2284 815 2354 Dei
830 2282 994 2354 veritatis
1010 2282 1267 2367 substantialis,

105 2391 202 2460 fontis
222 2413 265 2460 ac
287 2412 428 2460 normae
451 2390 562 2458 omnis
584 2391 762 2460 veritatis.
789 2389 892 2460 Sicut
913 2391 1005 2460 enim
1022 2396 1139 2459 creata
1156 2389 1271 2460 omnia

106 2519 181 2589 quac
203 2505 298 2584 sunt,
324 2505 361 2568 ct
383 2521 471 2592 qnae
494 2504 579 2567 sunt
601 2502 637 2568 et
659 2499 801 2584 vivunt,
827 2522 890 2589 pro
913 2497 1053 2567 diverso
1066 2499 1180 2588 gradu
1194 2521 1268 2588 per-

106 2607 254 2676 fectionis
266 2608 539 2676 communicatae
551 2612 636 2676 sunt
646 2607 866 2676 adumbratio
878 2612 914 2676 et
928 2605 1156 2695 participatio
1168 2627 1269 2697 quao-

106 2713 173 2781 dam
183 2714 333 2804 analoga
343 2713 410 2782 Dei
421 2713 599 2799 creatoris,
611 2719 783 2806 quatenus
794 2718 849 2782 ost
859 2713 1027 2781 Esseatic
1038 2711 1071 2803 (i
1080 2705 1268 2802 ἀυτοουσια),

106 2820 302 2912 principium
325 2825 362 2889 et
384 2819 560 2910 exemplar
583 2821 694 2889 omnis
718 2844 786 2887 esee
801 2827 877 2890 tum
899 2821 1078 2912 possibilis
1102 2827 1178 2889 tum
1194 2839 1268 2888 rca-

106 2927 155 3012 lis,
171 2934 207 2998 ct
221 2933 394 3020 quatenus
409 2934 463 2997 ast
478 2931 556 3018 ipso
571 2931 646 2996 cita
662 2924 695 3014 (ἠ
711 2924 876 3016 docetor),
886 2929 1097 3020 principium
1109 2936 1145 2998 et
1158 2951 1269 2997 exem-

107 3036 174 3123 plar
185 3037 293 3105 omnis
300 3036 409 3125 vitae;
422 3037 475 3106 ita
487 3035 587 3106 homo
595 3059 656 3126 per
664 3036 834 3106 rationem
842 3043 897 3106 est
903 3037 1129 3128 participatio
1141 3043 1177 3106 et
1188 3037 1269 3105 ima-

107 3144 221 3231 goDei,
230 3145 337 3214 etiam
346 3150 517 3236 quatenus
525 3144 621 3214 Deus
630 3149 685 3214 cst
697 3147 775 3233 ipso
786 3147 961 3236 sapientia
973 3139 1006 3234 (i
1018 3138 1193 3236 inaccepta)
1203 3145 1266 3236 (1),

161 3449 200 3524 (1)
215 3453 328 3507 Primus
352 3454 446 3521 igitur
455 3439 570 3522 ”prmus
589 3468 685 3508 eorum
705 3469 777 3522 quse
797 3454 993 3509 tantummodo
1011 3464 1093 3521 sont,
1115 3457 1203 3511 bsbet
1225 3460 1269 3512 in-

110 3543 249 3608 terpositos
267 3542 375 3608 gradu
393 3544 555 3611 superiores
575 3559 670 3597 eorum
690 3559 764 3611 quse
782 3551 857 3609 mont,
876 3544 986 3608 vivuat,
1008 3547 1038 3597 et
1055 3545 1189 3612 sepiem&
1205 3563 1268 3613 gra·

111 3629 154 3684 dus
169 3633 304 3688 mutius
323 3634 487 3688 viventium
505 3633 593 3687 hebet
610 3633 816 3702 interpositum
835 3633 953 3700 gradum
967 3635 1141 3702 superiorem
1155 3635 1268 3690 intelli-

110 3721 235 3789 gentium
249 3722 298 3776 blo
316 3725 411 3776 sutem
430 3723 461 3775 in
482 3724 560 3777 scala
577 3727 772 3778 creaturarum
790 3723 848 3776 Deo
868 3727 914 3776 est
931 3723 1121 3791 propinquior
1139 3725 1169 3776 et
1190 3725 1268 3778 simi·

110 3810 189 3864 litndo
205 3813 379 3882 expressior,
400 3811 475 3866 unde
493 3813 525 3866 in
543 3813 778 3880 intelligentibus
797 3813 939 3866 creaturis
957 3814 1051 3880 imcpo
1063 3813 1126 3880 Dei,
1146 3814 1177 3866 iu
1196 3815 1269 3868 inie-

111 3899 220 3956 rioribus
233 3903 381 3970 corripiam
392 3903 446 3957 Dei
464 3917 526 3958 esse
545 3903 652 3956 dicitur
663 3901 705 3975 (S.
714 3903 767 3956 Th.
781 3904 807 3956 l.
818 3920 846 3971 q.
858 3904 904 3958 93.
914 3919 959 3956 as.
972 3903 998 3955 1.
1007 3904 1034 3957 2.
1044 3899 1096 3973 6.).
1110 3902 1269 3958 Secundum

110 3987 168 4045 loeo
182 3991 312 4057 intelligi
332 3991 417 4046 debet
435 3991 464 4048 S.
476 3994 549 4060 Aug.
562 3994 583 4046 1.
599 4009 648 4061 qq.
660 3993 705 4048 83.
721 4009 749 4060 q.
761 3993 806 4048 51.
822 4009 851 4046 n.
864 3994 891 4061 2,
912 3993 962 4046 nbi
975 3991 1130 4047 declaratis
1144 3992 1269 4048 dirersis

111 4078 232 4141 umor·
244 4082 480 4150 participationis
497 4081 650 4139 secundnm
660 4098 721 4146 esee,
734 4083 827 4136 siem
838 4085 868 4136 et
879 4097 974 4150 sapere
985 4083 1148 4136 concludit:
1159 4102 1172 4131 s
1182 4099 1270 4152 qnare

111 4180 162 4220 cun
177 4169 256 4224 bomo
275 4171 371 4240 possit
386 4171 532 4240 particeps
550 4185 613 4224 esse
632 4171 793 4238 sapientiae
820 4170 972 4228 secuudum
990 4171 1160 4226 interiorem
1178 4173 1270 4226 bomi-

112 4269 172 4323 nem,
190 4259 339 4314 mnndum
358 4259 390 4312 id
408 4260 503 4328 ipsum
521 4260 565 4314 ltu
583 4263 629 4316 est
647 4259 683 4314 ad
702 4261 871 4327 imaginem,
893 4263 927 4314 ut
943 4261 1027 4314 nulls
1051 4263 1156 4315 notura
1181 4261 1270 4314 inter·

114 4347 192 4411 pnite
209 4349 355 4418 formetur,
370 4353 401 4404 et
413 4348 478 4405 ideo
497 4350 574 4404 nihil
588 4351 630 4406 sit
640 4351 698 4405 Deo
710 4351 908 4419 coniunctium
923 4351 1045 4420 strepit
1059 4353 1135 4406 enim
1148 4354 1178 4405 st
1192 4350 1270 4404 vivit

114 4437 207 4508 otest,
225 4454 282 4508 qus
306 4443 439 4494 mestun
463 4439 539 4496 nibil
558 4443 605 4496 est
622 4441 734 4497 melius.
749 4463 762 4492 s
777 4441 878 4512 Patet,
900 4456 984 4510 quam
1008 4441 1107 4510 inepte
1133 4441 1185 4495 hoo
1209 4440 1270 4496 loco
