3240 5064
556 371 593 386 -
613 337 676 401 275
697 371 735 388 .-

75 443 239 531 scireest,
264 444 328 538 qui
351 465 451 515 suum
474 445 588 536 ipsius
610 451 665 516 est
687 451 723 516 et
745 445 897 515 omnium
912 443 1001 514 Esse
1003 493 1072 513 .....
1090 465 1132 514 ex
1156 465 1223 536 quo

73 552 169 620 emnia
189 551 388 619 creabiliter
411 573 479 620 non
503 551 745 620 seminaliter»
765 551 827 639 (1).
846 551 1022 620 Videlicet
1043 550 1146 641 longe
1170 551 1221 622 di·

71 682 156 728 verso
177 659 276 728 modo
298 657 516 748 intelligitur
538 659 633 728 Dens
655 659 744 728 Esse
770 660 826 728 sui
856 659 969 750 ipsius
992 665 1028 728 et
1050 659 1219 746 eliorum3

70 789 155 836 suun
178 767 292 858 ipsius
314 767 403 834 Esse
423 771 479 835 est
500 767 709 852 formaliter,
736 766 884 835 aliorum
906 789 975 835 non
1010 765 1218 850 formaliter,

69 877 116 944 sed
137 882 178 946 nt
198 897 306 945 cansa
328 874 549 965 exemplaris,
575 875 736 960 efficiens,
763 897 984 960 conservans,
999 875 1129 944 finalis.
1180 957 1186 976 ·

120 983 186 1052 III.
212 983 267 1052 Ex
291 983 469 1074 descripta
491 981 637 1052 Petrum
661 983 820 1053 doctrina
844 984 1001 1054 deestis
1029 984 1143 1053 divini
1166 1005 1222 1054 ra·

67 1091 156 1175 tione,
180 1092 251 1162 iam
274 1090 379 1160 etiam
402 1097 540 1161 cunstat
561 1091 715 1161 eiusdem
732 1092 819 1160 Essa
841 1091 956 1160 divini
979 1091 1167 1160 eminentia
1184 1097 1222 1161 et

67 1199 301 1268 transcendens
335 1197 526 1267 diversitas
557 1201 600 1268 ab
623 1200 803 1284 omnibus,
830 1221 918 1290 ques
947 1205 1087 1290 praeter
1110 1199 1221 1268 Deum

67 1315 136 1376 sunt
150 1306 206 1376 vel
223 1307 359 1398 concipi
382 1313 538 1397 possunt.
557 1308 657 1376 Hane
679 1307 921 1377 diversitatem
939 1309 1082 1398 insuper
1097 1305 1220 1376 Patres

66 1413 214 1505 explicite
229 1435 271 1484 ac
286 1415 370 1484 data
384 1436 488 1506 opera
504 1415 785 1508 frequentissime
800 1421 965 1507 repetunt
979 1422 1015 1485 et
1025 1415 1216 1485 inculcant.

119 1521 241 1589 Divini
256 1521 344 1590 Esse
359 1521 539 1612 planitudo
555 1545 625 1590 non
641 1543 723 1591 sane
739 1523 919 1592 extensive
933 1522 1090 1612 intelligi
1106 1529 1221 1612 potest

65 1651 96 1698 eo
114 1651 227 1714 sensu,
254 1629 345 1722 quod
369 1629 540 1722 quidquid
563 1651 632 1698 non
654 1629 746 1698 nihil
770 1637 835 1714 est,
862 1630 910 1699 sit
933 1629 1021 1699 Esse
1044 1630 1215 1700 divinum.

66 1738 120 1808 Est
137 1739 229 1808 enim
244 1739 339 1808 Deus
357 1763 414 1806 cns
429 1764 451 1806 ιι
467 1762 513 1822 ee,
533 1738 725 1829 singulare,
744 1739 781 1808 in
797 1739 1016 1831 plenitudine
1038 1738 1219 1830 perfectio·

67 1849 112 1914 nis
134 1849 306 1914 intensiva
329 1835 371 1918 es
388 1847 580 1918 intrinseca
595 1847 765 1917 essentiae
782 1848 918 1917 ratione
933 1848 1125 1917 necessario
1149 1847 1219 1917 exi·

66 1959 157 2037 stens,
182 1957 224 2021 ut
246 1952 321 2042 ipse
345 1951 394 2020 sit
416 1953 526 2021 omnis
546 1952 716 2042 perfectio
745 1952 951 2033 illimilota,
978 1950 1217 2042 independens,

65 2059 140 2150 quod
161 2081 230 2127 uno
253 2058 359 2128 verbo
381 2057 530 2127 dicimus
545 2059 633 2127 Esse
660 2058 861 2126 abaciacum.
879 2057 996 2141 Quare
1019 2057 1119 2126 nulla
1142 2079 1218 2128 con·

65 2165 122 2257 cipi
137 2171 252 2256 potest
266 2163 429 2234 absoluta
444 2166 625 2256 perfectio,
641 2187 728 2258 quae
745 2188 812 2234 non
822 2167 878 2234 sit
891 2165 1036 2235 realiter
1051 2166 1216 2250 existens,

66 2279 95 2342 ct
113 2273 210 2343 nulla
232 2279 351 2365 potest
373 2295 446 2342 esse
469 2273 613 2342 realiter
636 2273 790 2344 existens
812 2273 883 2343 nisi
905 2273 999 2342 Deus
1022 2277 1108 2364 ipse.
1133 2271 1219 2344 Inde

66 2405 147 2465 vero,
165 2381 292 2452 utiam
314 2381 478 2472 superius
502 2381 747 2466 indicavimus,
773 2405 841 2452 non
865 2383 1035 2474 sequitur,
1054 2405 1122 2451 non
1145 2403 1219 2452 esse

64 2489 233 2579 possibiles
249 2488 308 2558 vel
322 2510 390 2557 uon
406 2487 555 2558 existere
571 2486 753 2557 realitates
772 2487 956 2574 limitatas,
974 2488 1216 2578 dependentes,

66 2599 314 2687 contingentes,
346 2609 480 2666 creatas
507 2597 550 2664 ab
578 2595 654 2685 ipso
679 2595 771 2665 Ente
798 2595 975 2680 absoluto,
1002 2603 1043 2664 ut
1067 2619 1088 2664 a
1114 2617 1219 2666 causa

65 2705 251 2796 exemplari,
269 2703 371 2773 finali
393 2711 429 2772 et
451 2703 630 2774 efficiente.
648 2702 756 2772 Immo
780 2705 939 2796 sequitur
958 2727 999 2772 ex
1015 2704 1093 2794 ipsa
1116 2704 1219 2774 reali·

64 2813 138 2882 tatis
159 2813 319 2882 infinitae
342 2813 491 2896 ratione,
510 2810 709 2882 huiusmodi
731 2811 1020 2902 participationes
1043 2819 1079 2882 et
1101 2811 1217 2882 imita·

64 2920 160 2991 tiones
181 2927 283 2990 extra
299 2921 408 2990 Deum
425 2921 461 2989 in
478 2920 701 2990 indefinitum
716 2943 789 2990 esse
805 2921 1000 3010 possibiles,
1018 2920 1218 3014 pariterque

63 3027 283 3122 consequitur,
301 3027 487 3112 limitatus,
506 3027 735 3118 dependentes
759 3028 988 3118 perfectiones
1003 3051 1072 3098 nou
1089 3027 1215 3096 forma·

62 3133 132 3204 liter
153 3136 212 3206 sed
235 3135 426 3205 eminenter
448 3157 521 3205 esse
545 3135 583 3203 in
605 3135 689 3205 Deo:
704 3134 890 3221 nimirum,
915 3159 984 3205 non
1007 3136 1084 3226 ipsa
1106 3138 1217 3226 perfe-

63 3243 121 3310 ctio
141 3243 308 3328 limitata,
327 3248 445 3312 creata
468 3242 525 3312 vel
542 3243 704 3312 creabilis
720 3244 826 3314 estin
843 3245 927 3330 Deo;
946 3244 1005 3314 sed
1022 3251 1076 3314 est
1091 3243 1129 3312 in
1144 3244 1216 3314 Deo

63 3351 214 3438 perfectio
229 3351 391 3420 absoluta
414 3350 655 3444 inadaequate.
666 3352 850 3420 imitabilis
873 3351 1126 3443 multiplicibus
1141 3376 1216 3444 per·

115 3531 154 3605 (1)
171 3532 268 3587 Simili
287 3532 346 3586 lere
366 3531 447 3585 modo
465 3531 622 3598 Dionysius
641 3531 733 3606 (apud
753 3533 889 3600 Euthym.
903 3533 1023 3602 Panopl.
1038 3535 1070 3588 Ρ.
1085 3535 1108 3588 Ι.
1124 3537 1172 3592 ιιι.
1187 3537 1214 3604 83

62 3626 92 3678 cl.
103 3629 214 3680 coelest.
230 3623 373 3678 hierarch.
388 3637 411 3676 c.
422 3618 465 3693 4.)
483 3623 541 3676 ait:
559 3623 658 3677 alicus
679 3627 724 3678 est
742 3640 795 3676 esec
813 3625 922 3680 entium
941 3630 975 3678 ut
992 3627 1092 3681 herum
1111 3628 1216 3696 princi·

63 3717 127 3782 piam
144 3719 173 3770 et
190 3731 297 3771 musae
313 3710 339 3786 (ὁ
359 3709 420 3774 dior
438 3713 518 3766 ὁιισια
537 3708 595 3766 ἔστι
615 3734 661 3766 aas
680 3711 766 3778 ὄντων,
784 3712 817 3774 ὦς
838 3710 908 3786 ἆρχη
930 3736 973 3768 και
994 3714 1069 3769 arria
1091 3713 1214 3789 roaros).

62 3805 105 3859 llis
122 3807 232 3872 gemine
247 3805 398 3858 occurrunt
412 3801 486 3869 apud
500 3803 573 3856 alios
588 3804 674 3857 etiem
688 3805 742 3858 PP.
755 3806 785 3858 et
805 3803 880 3872 apud
893 3803 1062 3873 Dionysiam
1084 3807 1215 3874 trequen-

63 3901 107 3964 ter,
126 3913 194 3966 qnae
220 3911 331 3963 semper
349 3907 436 3948 sensu
453 3908 555 3948 causae
574 3895 731 3962 efficientis,
747 3911 804 3948 nen
817 3901 910 3950 autem
930 3912 1015 3950 sensu
1034 3897 1149 3951 formali
1169 3913 1214 3953 sx-

64 3987 193 4052 pltsantur
210 3988 246 4040 ab
264 3986 339 4052 ipsis
357 3984 493 4038 Patribus
505 4005 511 4052 i
525 3985 621 4039 center
640 4001 664 4038 e.
674 4003 701 4052 g.
716 3985 750 4038 de
764 3986 823 4041 div.
840 4001 913 4041 nem.
932 4003 956 4040 o.
969 3988 995 4040 b.
1015 3989 1128 4042 Temere
1149 4005 1215 4056 ergo

64 4073 214 4143 Dionysium
233 4078 332 4144 plnres
358 4076 482 4143 eruditi,
507 4076 725 4130 intolerabilius
744 4077 909 4131 (liutherus
932 4079 1141 4146 philosophiam
1164 4083 1214 4136 Pa·

66 4167 128 4218 hun
144 4167 340 4234 plerorumque
360 4164 394 4217 ob
413 4165 572 4218 sentcntiae
591 4165 643 4219 has
662 4169 692 4218 st
709 4165 757 4220 his
776 4165 886 4219 similes
904 4167 936 4220 in
955 4169 1061 4222 crimen
1075 4171 1214 4240 samtpan·

66 4251 164 4308 thelsni
181 4258 370 4320 rocaveruut;
391 4253 472 4308 cuius
490 4255 647 4308 calumniae
667 4255 890 4309 aestuationem
905 4260 934 4309 et
946 4258 1104 4326 superiora,
1119 4261 1168 4314 ubl
1180 4261 1214 4316 de

66 4341 131 4396 mede
147 4344 329 4410 cognoscendi
348 4345 436 4398 Deum
451 4343 570 4412 egimus,
584 4349 613 4398 et
630 4344 836 4412 subsequentia
854 4345 964 4399 abunde
978 4347 1213 4415 suppeditabunt.

68 4427 101 4484 ct.
113 4433 138 4490 S.
149 4435 279 4490 'rhomam
299 4439 400 4490 centn
418 4440 497 4502 gent.
509 4435 535 4489 1.
547 4435 592 4490 26.

1091 4546 1110 4581 e
