3464 5058
915 387 952 401 -
974 357 1038 418 cot
1062 388 1099 400 -

421 459 676 527 antecedentem
711 458 924 527 voluntatem
957 460 1150 528 absolutam
1182 459 1309 526 salutis
1343 479 1472 524 eorum.
1497 453 1586 543 Ergo

421 567 518 654 prior
548 571 602 632 est
633 564 794 632 absoluta
818 565 982 634 voluntas
1009 566 1137 635 salutis
1166 565 1316 633 omnium
1348 563 1588 630 salvandorum

421 693 480 739 sen
497 671 769 760 praedestinatio
792 671 937 761 gloriae,
963 679 998 741 et
1021 695 1060 740 ex
1077 671 1143 741 hac
1166 671 1347 739 voluntate
1370 667 1588 759 consequitur

420 778 560 847 selectio
577 778 708 846 ordinis
732 779 935 848 infallibilis
958 781 1168 869 gratiarum.

486 885 761 976 Explicationem
786 887 965 956 doctrinae
988 889 1013 956 l.
1032 911 1061 957 c.
1081 889 1122 956 de
1139 886 1244 956 verit.
1264 886 1432 954 sumimus
1454 907 1497 952 ex
1520 885 1590 972 ipso

419 991 457 1061 S.
475 993 618 1061 Thoma.
636 994 745 1063 Docet
767 993 867 1062 alibi:
888 1025 904 1058 u
922 995 1149 1064 Providentia
1164 994 1288 1062 divina
1304 999 1465 1082 respectu
1481 993 1590 1081 ipsius

419 1100 511 1184 boni,
538 1101 627 1194 qnod
651 1108 706 1170 est
729 1125 790 1190 per
813 1104 1087 1172 consecutionem
1120 1103 1257 1192 gratiae
1279 1108 1316 1170 et
1338 1101 1497 1190 gloriae,
1522 1123 1591 1163 oum

415 1212 649 1297 praescientia
672 1226 805 1277 eventus
828 1210 959 1280 dicitnr
985 1211 1271 1302 praedestinatio;
1300 1207 1522 1298 providentia
1545 1205 1591 1273 di·

420 1317 503 1384 vina
526 1324 685 1407 respectu
709 1318 792 1386 mali
815 1319 965 1410 oppositi
978 1341 1054 1387 cnm
1068 1319 1298 1409 praescientia
1323 1317 1483 1384 defectus
1506 1313 1586 1383 dici·

418 1433 479 1494 tnr
501 1426 710 1516 reprobatio.
729 1426 779 1494 Et
795 1427 879 1518 quia
903 1428 1023 1522 bonnm
1037 1427 1188 1493 subiacet
1201 1427 1443 1514 providen'ioe
1460 1437 1500 1488 nt
1519 1445 1592 1489 ooo·

419 1549 529 1601 sotum
553 1548 586 1600 et
609 1532 829 1611 ordinatum,
855 1534 930 1602 ideo
964 1535 1097 1604 dicitur
1127 1534 1218 1626 qnod
1237 1529 1519 1625 praedestinatio
1548 1543 1593 1595 est

418 1665 520 1708 correo
542 1643 682 1730 praticae
705 1655 737 1706 et
759 1642 907 1731 plot-iae,
933 1642 977 1710 ad
1000 1664 1102 1734 qnam
1121 1641 1319 1710 ordinatur.
1339 1640 1407 1708 Sed
1424 1639 1512 1729 quia
1527 1659 1591 1704 ma·

418 1748 491 1816 lnm
515 1770 582 1814 non
607 1747 764 1816 subiacet
785 1749 1024 1838 providentiae
1048 1755 1090 1816 nt
1113 1750 1287 1820 intentum
1314 1747 1370 1816 vel
1394 1755 1588 1826 causatum,

416 1856 476 1924 sed
502 1855 612 1922 solum
636 1862 678 1924 ut
700 1856 911 1946 praescitum
934 1863 971 1923 et
995 1855 1192 1924 ordinatum
1209 1859 1455 1946 (consequente
1472 1851 1591 1920 volun-

414 1965 516 2047 tate),
543 1963 620 2030 ideo
635 1964 832 2054 reprobatio
854 1972 908 2032 est
932 1971 1070 2032 tantum
1085 1962 1317 2054 praescientia
1334 1961 1459 2050 cnlpae
1478 1968 1517 2029 et
1528 1981 1590 2026 non

324 2111 326 2114 -
417 2090 534 2154 cansa;
561 2070 620 2138 sed
645 2092 786 2160 poenae,
813 2094 875 2160 per
900 2057 1000 2162 puam
1025 2070 1129 2160 culpa
1152 2069 1337 2136 ordinatur
1361 2073 1497 2154 (rectus
1513 2065 1592 2134 ordo

416 2182 605 2264 servatur),
622 2184 676 2246 est
689 2178 920 2266 praescientia
932 2183 968 2245 et
983 2199 1089 2245 causa
1103 2205 1118 2238 n
1134 2177 1170 2245 S.
1186 2173 1588 2266 Th.1.dist.40.q.4.a.1.

483 2289 516 2371 o²)
539 2283 700 2373 Intelligi
723 2285 843 2376 itaque
866 2284 1038 2374 imprimis
1062 2283 1163 2352 dehet
1186 2283 1372 2352 discrimen
1397 2281 1536 2350 ordinis
1557 2281 1590 2348 in

417 2389 632 2460 misericordi
662 2390 830 2460 electione
853 2392 960 2460 nnius
983 2398 1020 2458 ct
1042 2392 1077 2458 in
1102 2391 1198 2459 iusta
1230 2389 1473 2480 reprobatione
1510 2387 1591 2455 alte·

418 2495 505 2564 rins.
525 2495 567 2563 In
584 2497 900 2586 praedestinatione
917 2522 983 2563 non
1000 2497 1107 2564 solam
1124 2497 1314 2586 spectanda
1329 2501 1383 2563 est
1400 2495 1590 2585 praescien-

418 2601 482 2686 tia,
504 2609 580 2670 ant
602 2603 633 2671 si
657 2603 808 2687 dicatur,
834 2603 923 2695 qnod
947 2605 1042 2672 Deus
1064 2603 1204 2672 ordinat
1227 2601 1528 2692 praedestinatum
1550 2599 1590 2668 ad

415 2707 562 2778 salutem
588 2709 682 2778 sicut
705 2709 894 2800 quemlibet
917 2711 1038 2794 alium,
1063 2711 1123 2778 sed
1147 2733 1223 2780 cnm
1247 2709 1312 2778 hoo
1335 2710 1377 2778 de
1400 2707 1589 2798 praedesti·

414 2822 498 2882 nato
515 2815 595 2899 scit,
613 2815 704 2906 quod
727 2821 795 2882 non'
819 2815 956 2884 deficiet
979 2837 1001 2882 a
1024 2816 1151 2902 salutm
1178 2815 1229 2883 sio
1251 2816 1342 2884 enim
1363 2815 1511 2884 dicendo
1527 2835 1591 2882 non

415 2919 590 2990 diceretur
606 2921 888 3012 praedestinatus
904 2922 1046 2991 differre
1062 2947 1083 2990 a
1098 2946 1165 2991 non
1183 2921 1443 3012 praedestinato
1461 2945 1506 2990 ex
1522 2941 1592 3012 par·

414 3031 449 3096 te
466 3027 611 3113 ordinis,
630 3029 689 3098 sed
707 3035 843 3097 tantum
860 3035 1017 3119 exparte
1034 3029 1285 3120 praescientiae
1304 3039 1466 3098 eventus:
1485 3035 1521 3096 et
1543 3027 1590 3094 sic

413 3135 645 3226 praescientia
660 3143 752 3204 esset
766 3157 872 3205 causa
888 3137 1218 3226 praedestinationis
1231 3137 1407 3223 (etiamad
1424 3135 1589 3225 gratiam)

413 3263 476 3309 nec
491 3243 765 3331 praedestinatio
782 3249 874 3311 esset
888 3265 949 3331 per
961 3242 1162 3312 electionem
1175 3242 1487 3332 praedestinantis,
1502 3239 1588 3334 quod

413 3353 468 3416 est
490 3357 611 3418 contra
634 3351 881 3418 auctoritatem
897 3349 1100 3440 Scripturas
1126 3356 1163 3418 et
1186 3349 1284 3418 diota
1296 3349 1532 3418 Sanctorum»
1550 3347 1589 3413 de

412 3457 517 3524 verit.
536 3456 561 3524 l.
581 3480 611 3526 c.
638 3457 784 3526 Scilicet
800 3479 868 3524 non
884 3457 1014 3526 sufficit
1028 3458 1156 3526 dicere:
1174 3457 1270 3526 Dens
1285 3457 1468 3547 praevidet
1492 3476 1588 3525 sven·

412 3569 488 3630 tum
504 3561 643 3650 salutis;
659 3563 718 3632 sed
731 3586 868 3633 necesse
884 3570 939 3632 est
952 3563 1079 3648 dicere,
1093 3563 1203 3632 Deum
1220 3564 1356 3654 operari
1369 3569 1525 3631 nostram
1540 3583 1588 3629 aa

410 3668 520 3738 lntem
536 3669 851 3760 praedestinatione
874 3669 1025 3760 gratiae.
1047 3670 1143 3738 Deus
1170 3692 1213 3737 ex
1242 3677 1340 3760 parte
1365 3691 1429 3736 sna
1459 3690 1587 3736 omnem

412 3775 550 3866 quidem
574 3777 726 3865 gratiam
750 3775 973 3844 antecedente
997 3775 1178 3844 voluntate
1204 3775 1356 3844 destinat
1379 3774 1424 3843 ad
1448 3775 1524 3858 hoc,
1550 3785 1587 3840 nt

412 3878 540 3950 habeat
561 3884 736 3968 effectum;
763 3881 822 3950 sed
846 3883 876 3949 si
899 3882 998 3949 homo
1023 3883 1159 3950 resistit
1182 3883 1336 3972 gratiae,
1356 3883 1505 3950 intentio
1526 3880 1587 3948 illa

411 3988 476 4055 Dei
507 3991 713 4060 antecedens
736 4011 803 4056 non
827 3990 960 4057 transit
983 3991 1021 4056 in
1051 3989 1266 4058 voluntatem
1292 3989 1485 4058 absolutam
1511 3987 1585 4056 effe·

412 4102 501 4164 ctus.
520 4098 572 4163 At
594 4098 729 4186 gratias
753 4097 817 4165 sub
841 4097 967 4188 qnibns
991 4097 1091 4166 videt
1115 4096 1287 4165 hominem
1312 4095 1421 4165 libere
1453 4115 1586 4165 eonsen-

411 4223 543 4285 surum,
570 4204 808 4293 praedestinat
830 4227 873 4272 ex
898 4205 1079 4272 voluntate
1108 4203 1177 4272 iam
1202 4204 1362 4272 absoluta
1377 4205 1533 4286 effectus,
1553 4207 1585 4267 et

410 4329 472 4398 per
494 4309 584 4378 tales
607 4311 744 4400 gratias
767 4311 907 4380 ordinat
930 4310 1101 4379 hominem
1124 4313 1168 4380 ad
1199 4311 1362 4381 salutem.
1386 4309 1503 4378 Etiam
1518 4306 1582 4388 itti,

411 4413 468 4482 cni
492 4416 690 4486 destinatur
713 4418 843 4508 gratia,
862 4419 927 4486 sub
943 4441 1010 4509 qua
1033 4441 1074 4486 ex
1100 4441 1164 4486 sna
1191 4418 1300 4508 culpa
1323 4424 1358 4486 et
1388 4423 1508 4485 contra
1531 4436 1584 4482 vo·
