3280 5070
908 385 944 396 -
967 351 1028 413 002
1049 385 1086 397 -

415 477 490 526 esse
513 478 553 525 ac
578 457 873 548 praedestinatam
897 465 1152 550 cousequenter
1174 458 1219 528 ad
1242 457 1370 526 merita
1392 462 1428 525 et
1452 461 1579 546 propter

415 563 552 648 merita,
578 585 667 655 quac
690 564 841 633 subsunt
862 569 1024 634 aeternae
1046 564 1112 634 Dei
1136 563 1412 655 praescientiae,
1438 563 1580 632 sicmin

414 677 568 762 tempore
591 672 698 741 datur
721 676 757 740 et
779 673 960 742 confertur
983 679 1127 764 propter
1151 673 1276 742 merita
1299 673 1490 765 acquisita.

482 778 653 848 Doctrina
676 779 790 869 igitur
813 801 916 872 quem
940 787 1100 866 tuemur,
1118 779 1222 872 plano
1237 787 1274 849 et
1289 780 1394 870 obvio
1410 781 1582 849 verborum
1636 842 1637 870 ,

417 909 520 956 sensu
537 893 572 956 et
589 892 754 956 contextu
769 909 811 956 ex
825 887 1021 978 Scripturie
1037 889 1237 958 deducitur.
1265 887 1304 956 Si
1319 909 1410 981 quae
1425 887 1582 958 autemin
1636 969 1637 980 χ

415 994 538 1064 iisdem
547 994 742 1085 Scripturie
753 993 837 1064 huic
849 995 1028 1066 doctrinae
1040 997 1155 1087 prima
1167 999 1284 1066 fronte
1293 996 1465 1065 videntur
1474 996 1584 1064 adrer-

416 1103 501 1188 sari,
519 1123 560 1171 ea
571 1110 656 1172 suut
677 1103 715 1171 in
737 1103 837 1187 locis,
855 1125 944 1196 quae
961 1125 1143 1193 possumus
1167 1105 1275 1174 fateri
1291 1105 1443 1174 obscura
1457 1111 1495 1172 et
1508 1101 1583 1172 dilli-

415 1209 512 1298 cilia;
537 1209 671 1280 clerum
687 1217 803 1279 antem
817 1215 854 1278 et
868 1210 1012 1280 evidens
1026 1211 1064 1280 iu
1076 1211 1151 1280 illis
1164 1211 1257 1280 nihil
1280 1215 1355 1297 est,
1374 1211 1470 1303 quod
1487 1211 1585 1278 vitan

415 1322 592 1385 aeternam
614 1339 677 1408 per
693 1339 730 1386 ee
747 1323 939 1407 spectatam
962 1339 1001 1387 eo
1025 1319 1216 1412 modo,quo
1230 1319 1433 1388 adversarii
1458 1317 1582 1398 volunt,

415 1424 712 1516 praedestinatam
735 1447 811 1496 esse
833 1426 1007 1498 enuntiet.
1032 1427 1143 1520 Scope
1169 1426 1294 1496 deinde
1309 1433 1346 1495 et
1361 1431 1533 1496 contextu
1546 1425 1584 1492 lo

416 1555 535 1602 corum
558 1532 768 1623 diligentius
790 1534 947 1626 inspecto
970 1541 1116 1626 apparet
1137 1533 1202 1604 hoc
1225 1533 1349 1603 saltem
1376 1535 1582 1616 elarissm,

415 1642 606 1734 quantavis
621 1649 773 1712 ceterum
790 1649 1009 1735 supponetur
1024 1645 1232 1729 obscuritas,
1252 1645 1288 1712 in
1303 1643 1350 1712 iis
1361 1665 1434 1712 non
1447 1643 1490 1713 de
1503 1663 1585 1735 prae·

414 1747 649 1818 destinatione
672 1747 767 1818 vitae
790 1756 952 1818 aetarnae
975 1757 1058 1820 ante
1081 1751 1246 1842 praevisa
1268 1751 1399 1820 merite
1432 1771 1584 1842 superna·
1637 1767 1638 1818 1

414 1855 559 1941 turelia,
585 1856 645 1927 sed
669 1855 710 1926 de
733 1857 1054 1948 praedestinatione
1077 1859 1217 1950 gratiae
1240 1860 1299 1929 vel
1322 1859 1468 1949 gratiae
1494 1855 1585 1928 simul

415 1969 451 2031 et
473 1961 607 2052 gloriae
629 1971 711 2033 ente
734 1964 885 2057 quodvis
900 1966 1065 2036 meritum
1083 1966 1272 2036 humanum
1288 1975 1325 2036 et
1340 1966 1511 2036 naturale
1525 1989 1583 2034 scr·

415 2093 547 2142 monem
572 2093 665 2158 esse,
698 2073 740 2144 de
763 2097 831 2166 qno
855 2074 1118 2166 Scripturerum
1141 2098 1248 2146 sensu
1269 2075 1357 2144 alibi
1379 2075 1524 2145 dicendi
1545 2073 1582 2141 le

415 2202 477 2250 cus
499 2180 580 2250 erit.

480 2289 531 2358 11.
557 2289 775 2360 Sententiam
798 2310 901 2382 quam
924 2311 966 2358 er
991 2290 1189 2381 Scripturie
1211 2291 1430 2381 colligimus,
1450 2293 1581 2362 Patren
1638 2247 1639 2280 ¹

415 2397 663 2488 interpretatio
692 2403 729 2466 et
759 2397 920 2467 doctrina
949 2397 1171 2468 lucidissima
1200 2399 1337 2468 omnino
1360 2400 1579 2469 demonstrat

414 2505 537 2575 Potest
558 2505 772 2575 confidenter
796 2505 977 2597 provocari
1001 2506 1046 2576 ad
1069 2506 1192 2575 Patres
1214 2513 1287 2594 tam
1310 2527 1462 2596 graecos
1493 2527 1580 2599 quan

414 2613 557 2699 latinos,
584 2613 645 2705 qui
668 2612 791 2683 saltem
816 2636 926 2706 usque
949 2614 994 2683 ad
1017 2613 1214 2705 Augustini
1240 2621 1401 2704 tempora
1416 2615 1466 2685 da
1479 2613 1539 2683 hac
1552 2633 1580 2681 re

414 2719 550 2812 aliquid
564 2720 796 2812 scripserunt.
810 2719 990 2788 Communi
1001 2719 1094 2788 enim
1106 2741 1275 2790 consensu
1291 2727 1368 2789 tum
1390 2717 1581 2789 affirmando

414 2827 764 2922 praedestinationem
788 2828 833 2898 ad
857 2828 967 2896 vitam
991 2833 1167 2897 aeternam
1192 2835 1448 2919 consequenter
1462 2829 1507 2898 ad
1527 2849 1579 2895 me

413 2932 485 3004 rita
508 2935 683 3026 praevisa,
708 2941 784 3006 tum
808 2934 966 3026 negando
982 2935 1334 3026 praedestinationem
1349 2937 1498 3005 candem
1513 2941 1580 3002 ante

303 3115 306 3123 ,
413 3042 577 3133 praevisa
606 3044 752 3129 merita,
785 3043 970 3112 manifesto
1000 3049 1146 3112 tuentur
1174 3049 1212 3112 et
1241 3041 1430 3111 vindicant
1461 3049 1579 3112 sentem

413 3151 500 3220 tiam
524 3171 626 3244 quam
649 3149 878 3234 defendimus,
904 3151 941 3219 in
964 3149 1051 3219 locis
1068 3149 1228 3218 omnibus
1244 3147 1359 3240 iisque
1376 3149 1515 3232 multis,
1532 3145 1579 3214 ubi

412 3280 481 3328 uon
500 3259 692 3328 «breviter
714 3261 752 3326 et
765 3263 1003 3342 transeunter,
1024 3285 1041 3320 n
1060 3255 1307 3349 utaliquando
1323 3256 1364 3324 de
1383 3257 1578 3326 necessitate

413 3389 453 3436 ac
464 3366 662 3455 gratuitate
674 3363 812 3455 gratiae
825 3365 887 3452 (cf.
898 3364 994 3454 Aug.
1006 3363 1048 3432 de
1060 3361 1183 3432 Praed.
1196 3361 1260 3432 SS.
1271 3385 1306 3430 n.
1320 3362 1411 3449 22),
1426 3363 1487 3432 aed
1498 3361 1577 3430 clare

412 3477 448 3540 et
470 3469 601 3540 diserte
623 3471 665 3542 de
688 3471 755 3542 hac
777 3471 1097 3562 praedestinatione
1120 3469 1164 3538 ad
1188 3469 1338 3562 gloriam
1359 3493 1428 3558 per
1457 3493 1493 3536 re
1518 3489 1576 3556 cpe

412 3589 540 3645 cretam
564 3601 753 3648 sermonem
780 3577 923 3647 habent.
956 3576 1199 3667 Augustinum
1224 3597 1307 3646 vero
1328 3581 1365 3645 et
1388 3575 1470 3645 eius
1491 3570 1576 3642 disci·

411 3683 510 3775 pulos
532 3707 600 3754 non
624 3684 689 3755 hoc
711 3707 816 3754 sensu
839 3687 881 3756 de
904 3683 1225 3776 praedestinatione
1248 3705 1372 3773 agere,
1407 3682 1472 3752 nbi
1492 3700 1574 3772 prae

408 3789 678 3860 destinationem
702 3791 812 3860 nullis
836 3791 1009 3883 praevisis
1032 3790 1168 3860 meritis
1190 3795 1368 3882 tamquam
1392 3788 1573 3858 doctrinan

407 3897 674 3988 Scripturarum
693 3927 709 3963 u
727 3897 905 3990 operosius
921 3903 958 3968 et
973 3897 1185 3988 diligentius
1202 3923 1219 3958 n
1238 3895 1448 3980 defendunt,
1466 3892 1571 3963 certis·

407 4005 532 4073 simum
556 4012 611 4076 est
632 4013 669 4075 et
690 4005 935 4098 prudentiores
958 4027 1001 4075 ex
1025 4003 1241 4074 adversariis
1262 4001 1350 4094 ipsis
1371 4023 1501 4092 negare
1514 4019 1570 4066 non

408 4115 620 4286 Potfftiiiin
643 4217 833 4286 multorum
865 4217 1059 4287 sententias
1088 4217 1243 4286 disertas
1266 4215 1421 4284 recitant
1442 4209 1569 4280 lessius

408 4323 451 4394 de
474 4325 652 4394 Praedaet.
678 4333 762 4395 sect.
789 4325 830 4412 23
856 4325 1026 4395 Petavius
1049 4325 1091 4395 de
1113 4326 1186 4394 Deo
1211 4325 1238 4393 l.
1263 4321 1328 4391 lx.
1352 4345 1383 4390 c.
1407 4321 1449 4407 33
1473 4343 1501 4388 c.
1520 4315 1565 4384 16.

408 4455 444 4501 n.
460 4433 493 4502 1.
508 4433 549 4520 23
568 4433 593 4502 l.
608 4432 654 4501 X.
670 4457 700 4502 c.
716 4438 749 4519 13
772 4432 813 4502 de
836 4433 1016 4503 lucarnat.
1031 4433 1056 4502 l.
1072 4433 1177 4502 xm.
1192 4455 1222 4502 c.
1242 4431 1275 4500 1.
1295 4431 1336 4520 63
1360 4426 1567 4499 Tricaseiuus
