3224 5068
904 371 942 386 ..
964 339 1024 402 320
1045 371 1083 385 ..

472 448 518 514 2⁰.
545 446 647 516 Siout
667 444 763 514 Deus
785 449 840 514 est
858 472 874 508 a
892 445 1057 514 bonorum
1081 444 1206 513 bonum
1220 469 1237 506 n
1252 449 1294 513 ut
1311 444 1517 535 principium
1531 451 1561 512 et
1602 457 1605 500 l

406 577 512 626 causa
535 553 645 622 omnis
668 553 769 621 boni:
795 553 847 621 ita
869 559 923 622 est
945 551 1105 620 omnibus
1128 552 1234 620 etiam
1257 573 1426 620 summum
1450 552 1562 620 bonnm
1590 598 1605 655 ⁴-

406 670 448 734 ut
471 663 618 731 ultimus
640 660 741 748 finis,
767 665 906 752 tamque
929 666 1122 750 repugnat,
1149 666 1190 730 ut
1211 658 1348 750 aliquid
1371 659 1419 728 sit
1441 681 1506 727 non
1526 659 1562 726 ad
1597 674 1605 716 2*

384 771 536 860 ipsum,
562 791 665 860 qnam
687 773 880 858 repugnat,
905 773 947 836 ut
970 769 1018 836 sit
1040 767 1177 860 aliquid
1200 788 1268 834 non
1291 767 1335 834 ab
1358 767 1435 857 ipso
1457 772 1492 834 et
1512 787 1562 854 per
1605 785 1606 826 l

406 879 539 968 ipsum:
568 905 585 940 a
603 899 646 945 ex
669 875 744 966 ipso
771 882 807 944 et
829 898 891 966 per
913 877 1028 966 ipsum
1051 875 1147 944 etin
1177 875 1253 964 ipso
1288 871 1340 962 (ἑις
1357 869 1460 962 mter)
1493 881 1564 940 sunt

405 985 530 1070 omnia,
556 984 624 1074 ipsi
646 983 761 1072 gloria
784 986 821 1051 in
845 985 984 1054 saecula
1001 1009 1017 1046 n
1034 984 1133 1052 Rom.
1152 983 1219 1052 XI.
1237 982 1294 1051 36.

470 1095 615 1163 Praeter
626 1092 749 1176 Deum,
764 1093 889 1162 bonum
901 1092 1261 1177 absolutum,omniuo
1271 1090 1363 1160 nihil
1375 1114 1451 1162 esse
1463 1095 1564 1181 potest
1606 1124 1607 1150 ι

404 1203 475 1271 nisi
495 1199 690 1272 formaliter
713 1207 889 1292 tamquam
912 1201 1066 1270 imitatio
1081 1205 1117 1268 et
1132 1199 1370 1270 manifestatio
1392 1200 1563 1288 perfectio
1606 1229 1607 1256 ι

403 1313 461 1380 nis
476 1311 554 1380 Dei.
570 1309 662 1378 Hinc
678 1330 840 1399 suprema
854 1309 1042 1378 eminentia
1054 1309 1196 1377 divinae
1208 1307 1378 1376 essentiae
1391 1329 1563 1398 rerumque
1606 1363 1607 1366 ,

403 1418 595 1488 intrinseca
617 1421 747 1484 natura
770 1415 893 1504 exigit,
924 1423 965 1486 ut
991 1415 1162 1507 quidquid
1185 1437 1207 1482 a
1229 1415 1301 1484 Deo
1323 1421 1378 1484 est
1401 1421 1446 1484 ut
1466 1415 1564 1504 primo

404 1525 588 1618 principio,
603 1525 648 1593 ad
662 1525 773 1592 Deum
789 1524 837 1592 ait
850 1529 890 1592 ut
906 1525 951 1593 ad
967 1523 1131 1592 ultimum
1144 1524 1258 1592 finem.
1277 1523 1373 1593 Deua
1387 1523 1563 1592 secundum

404 1657 558 1702 normam
581 1631 811 1700 necessariam
834 1630 945 1698 omnia
967 1631 1212 1716 rectitudinis,
1238 1654 1327 1722 quae
1349 1631 1428 1700 eius
1451 1637 1504 1699 eat
1522 1651 1564 1697 es·
1607 1655 1608 1692 ;

404 1742 537 1825 sentia,
562 1763 630 1806 non
654 1747 792 1829 ageret,
818 1747 923 1830 atque
946 1739 1031 1808 adeo
1055 1747 1197 1809 sanatus
1227 1761 1301 1808 esse
1325 1739 1518 1821 desineret,
1540 1737 1564 1804 si

404 1849 529 1916 bonum
552 1845 694 1936 aliquod
711 1845 873 1914 conderet
888 1846 1150 1936 participatum,
1168 1845 1261 1937 quod
1283 1845 1329 1916 ad
1351 1845 1469 1936 ipsum
1490 1851 1564 1913 tam·
1608 1871 1609 1910 3

403 1955 573 2048 quemad
597 1954 761 2022 ultimum
784 1954 886 2022 finem
916 1954 1088 2022 directum
1111 1977 1179 2022 non
1211 1959 1317 2022 esset.
1337 1953 1460 2043 Ipsum
1486 1952 1563 2044 quod
1608 1981 1609 1988 ¹

406 2064 540 2134 dicitur
562 2063 686 2132 bonum
716 2063 985 2154 participatum,
1010 2063 1042 2132 si
1066 2063 1109 2132 ad
1133 2063 1225 2132 hunc
1254 2063 1358 2130 finem
1380 2085 1452 2131 non
1474 2067 1562 2144 esset,

404 2169 711 2240 contradictionem
735 2169 944 2256 involveret;
969 2177 1024 2240 est
1045 2170 1137 2238 enim
1160 2169 1229 2259 ipsi
1245 2177 1393 2239 naturae
1417 2177 1563 2240 etessen·

402 2277 474 2346 tiae
499 2277 579 2346 boni
599 2277 806 2368 participati
824 2277 1017 2346 intrinseca
1037 2277 1212 2346 ordinatio
1230 2276 1275 2346 ad
1295 2278 1423 2346 bonnm
1442 2277 1564 2345 absolu·
1609 2307 1610 2342 ;

402 2392 478 2453 tum
501 2391 543 2454 ut
566 2385 727 2454 ultimum
756 2409 857 2454 sunm
881 2385 995 2470 finem,
1020 2409 1088 2455 non
1112 2387 1228 2454 minus
1249 2407 1351 2479 quam
1374 2384 1563 2456 essentialia

402 2492 435 2560 ei
458 2501 512 2561 eet
534 2493 728 2561 omnimoda
750 2491 980 2582 dependentia
1002 2493 1040 2560 in
1063 2497 1137 2562 toto
1153 2515 1215 2561 suo
1238 2517 1306 2560 esee
1328 2493 1372 2560 ab
1398 2493 1465 2562 illo
1480 2495 1562 2560 abso

401 2599 477 2668 luto
495 2601 579 2668 bono
595 2607 638 2668 ut
653 2621 675 2666 a
691 2623 754 2668 suo
770 2599 955 2690 principio.
974 2600 1056 2670 Ideo
1072 2599 1262 2670 destinatio
1277 2600 1321 2668 ad
1344 2601 1460 2670 Deum
1475 2601 1562 2668 finan

305 2704 310 2714 '
401 2707 565 2775 ultimum
589 2711 704 2795 potest
725 2705 797 2776 dici
820 2707 962 2774 moralia
986 2707 1133 2772 essentia
1164 2706 1362 2776 immediate
1394 2713 1563 2776 creaturae

400 2812 586 2884 rationalis
610 2834 699 2904 quae
722 2813 933 2883 moralitatis
953 2835 1061 2904 capax
1085 2819 1158 2899 est,
1178 2813 1327 2884 mediate
1341 2835 1427 2884 vero
1444 2813 1563 2902 (media

401 2943 442 2991 ae
476 2922 684 3012 interposita
718 2929 883 2991 ereatura
921 2922 1110 3008 rationali)
1145 2929 1389 2992 creaturarum
1423 2923 1562 2992 omnium

400 3030 628 3121 reliquarum,
647 3035 753 3122 atque
780 3031 864 3100 adeo
887 3031 925 3098 in
949 3030 1128 3121 complexu
1155 3030 1267 3100 totius
1281 3030 1458 3102 universi.
1476 3031 1563 3100 Siout

400 3137 491 3204 enim
514 3137 666 3204 essentia
689 3137 931 3226 metaphysica
957 3143 1011 3205 est
1035 3136 1128 3206 ratio
1143 3141 1180 3205 et
1194 3136 1408 3227 principium
1423 3137 1563 3206 omnium

400 3243 652 3333 proprietatnm
679 3247 810 3334 (supra
825 3244 877 3312 th.
896 3243 976 3312 XX.
995 3267 1031 3312 n.
1049 3243 1079 3314 I.
1092 3247 1117 3330 ),
1144 3245 1197 3313 ita
1220 3245 1263 3312 ab
1286 3243 1506 3314 ordinatione
1526 3241 1562 3309 ad

400 3349 510 3416 Deum
539 3349 642 3418 finem
674 3349 837 3418 ultimum
867 3351 1019 3442 pendent
1041 3356 1078 3420 et
1099 3357 1309 3440 promanant
1338 3371 1457 3421 omnes
1485 3349 1562 3418 aliae

398 3455 587 3524 relationes
611 3457 770 3526 morales.
788 3457 842 3524 Ex
866 3459 994 3549 quibus
1009 3458 1168 3526 omnibus
1185 3463 1295 3550 patet,
1314 3458 1562 3548 implementum

399 3569 436 3630 et
458 3565 709 3632 assecutionem
732 3563 839 3632 huius
870 3564 1118 3634 destinationis
1141 3571 1177 3634 et
1200 3563 1561 3658 conquiescentiamin

399 3667 464 3737 hoe
488 3669 613 3737 ultimo
637 3670 704 3738 fine
728 3693 803 3738 esse
825 3693 1015 3760 supremum
1048 3671 1168 3738 tonum
1192 3670 1348 3759 formate
1376 3677 1559 3752 creaturae

399 3785 648 3868 cousequenter
671 3779 767 3848 Deus
790 3779 864 3869 ipse
887 3786 942 3848 eet
963 3801 1027 3869 pro
1049 3801 1091 3849 eo
1113 3803 1303 3870 supremam
1333 3781 1457 3847 bonam
1485 3779 1560 3846 odie·

400 3887 536 3953 aticum.

466 3991 533 4060 Est
555 3997 693 4076 antem,
719 3991 779 4060 ubi
810 3993 852 4061 de
877 3993 959 4058 bono
990 3998 1166 4084 tamquam
1198 3993 1322 4062 ultimo
1345 3993 1416 4062 fine
1438 3993 1557 4084 agitur,

399 4097 586 4167 discrimen
603 4099 789 4168 maximum
801 4100 895 4168 inter
908 4105 1088 4168 creaturas
1098 4101 1289 4170 rationales
1300 4107 1337 4170 et
1349 4099 1559 4170 irrationales

400 4226 440 4273 ao
457 4205 664 4275 insensatas.
684 4236 700 4272 u
714 4207 860 4292 Bonum,
876 4207 966 4298 quod
979 4203 1291 4298 omniaappetunt3
1309 4235 1325 4272 a
1341 4209 1433 4278 unde
1449 4209 1558 4276 bonum

400 4311 511 4378 alicui
533 4315 671 4404 proprie
695 4337 763 4382 non
779 4321 845 4398 est,
871 4313 941 4382 nisi
959 4315 1051 4406 quod
1066 4315 1110 4382 ab
1125 4314 1201 4406 ipso
1216 4317 1410 4406 appetitur.
1428 4313 1558 4384 Nullius

399 4425 515 4488 autem
538 4419 590 4488 rei
616 4423 760 4508 proprie
789 4420 967 4511 appetitus
996 4427 1052 4490 est
1081 4421 1151 4489 nisi
1181 4447 1254 4489 cum
1284 4425 1477 4514 coquitioae
1500 4417 1555 4488 aib'
