3280 5070
907 349 1088 416 -elo-

414 461 588 554 duplicem
611 459 767 530 ordinem
790 458 1027 530 consiliorum:
1047 482 1154 530 unum
1170 461 1295 532 dicunt
1310 461 1469 534 ordinem
1483 465 1579 534 iarea-

414 573 535 653 tiom'a,
560 590 630 664 qna
651 569 747 638 Deu's
770 573 892 660 utpote
915 569 1054 660 sapiens
1080 571 1244 660 provisor
1270 571 1426 662 primum
1452 573 1530 642 vult
1548 575 1580 642 a·

412 701 490 749 nem
512 677 549 748 h.
575 701 608 747 e.
639 683 817 746 aeternam
849 677 1099 748 salvandorum
1130 679 1285 749 omnium
1315 681 1579 770 beatitudinem,

413 786 538 862 deinde
561 785 674 854 media
695 783 854 876 proxima
877 785 922 855 ad
945 785 1060 872 finem,
1085 809 1176 880 qnae
1198 793 1283 858 sunt
1305 811 1414 880 opera
1445 791 1531 860 bona
1553 799 1583 864 et

414 893 552 976 merite,
578 898 654 960 tnm
677 891 790 962 media
812 891 1010 978 remotiora,
1037 915 1127 986 quae
1150 901 1236 964 sunt
1257 896 1400 986 gratiae
1428 897 1582 984 efficacem

413 1009 519 1095 atque
541 1000 607 1071 hoo
629 1000 751 1070 ordine
773 1001 876 1071 aiunt
898 1001 1029 1072 iactam
1051 1024 1128 1072 esse
1151 1004 1509 1095 praedestinationem
1536 1008 1583 1078 ab·

413 1109 565 1179 solutam
588 1108 633 1178 ed
657 1110 768 1176 vitem
791 1113 967 1178 aeternam
991 1115 1072 1179 ante
1094 1110 1353 1201 praevisionem
1374 1113 1582 1184 meritorum

412 1217 525 1288 Facta
547 1218 617 1287 iam
641 1216 960 1310 praedestinatione
982 1217 1093 1288 Deum
1116 1226 1246 1310 putant
1268 1227 1391 1292 nostro
1422 1223 1521 1293 modo
1540 1222 1582 1293 ir·

413 1327 601 1417 telligendi
624 1327 787 1396 accedere
806 1325 844 1394 in
865 1331 1006 1396 aeterno
1023 1349 1086 1397 sno
1102 1328 1249 1398 consilio
1264 1329 1309 1400 ad
1324 1330 1485 1401 eiusdem
1500 1353 1584 1424 prae

414 1433 661 1506 destinationis
684 1433 939 1506 exsecutionem
954 1433 1216 1526 disponendam,
1234 1437 1297 1507 nbi
1314 1438 1414 1509 Deus
1430 1439 1511 1510 vult
1523 1441 1581 1532 pri·

414 1564 469 1612 mo
501 1542 613 1612 media
636 1543 813 1636 applicare
835 1542 1041 1630 remotiora,
1067 1543 1191 1614 deinde
1214 1547 1397 1638 proxima,
1425 1555 1583 1640 postremo

414 1652 497 1724 vult
518 1653 640 1740 tinem
666 1653 773 1745 atque
793 1652 847 1722 ite
869 1652 1024 1724 ordinem
1047 1658 1274 1724 accensionis
1303 1656 1342 1726 in
1372 1657 1457 1749 ipsa
1484 1663 1582 1727 mente

414 1761 539 1832 divina
569 1783 644 1832 esse
675 1762 855 1832 inversum
886 1763 983 1833 facta
1005 1765 1264 1856 comparatione
1287 1787 1366 1836 cum
1397 1765 1520 1836 ordine
1540 1768 1581 1831 ia

417 1873 592 1940 emtionis.
619 1869 719 1940 Unde
742 1871 857 1940 omnia
880 1867 1085 1962 Scripturas
1108 1878 1145 1941 et
1158 1871 1305 1942 Petrum
1323 1874 1527 1944 testimonia
1540 1872 1581 1942 al·

414 1977 490 2046 lata
512 2000 581 2047 non
605 1977 647 2048 de
670 1977 791 2048 ordine
815 1977 1033 2064 intentionis,
1058 1981 1165 2072 atque
1187 1979 1267 2052 ideo
1288 2004 1359 2051 nou
1383 1982 1429 2053 de
1456 1979 1578 2074 praede

415 2085 605 2156 stinatione
627 2109 732 2178 agere
757 2085 991 2177 intelligenda
1019 2108 1094 2157 esse
1125 2088 1274 2176 diouut;
1308 2089 1370 2160 sed
1401 2088 1447 2161 de
1474 2086 1579 2156 ordina

414 2192 527 2263 altero
549 2195 796 2265 exsecutionis.
821 2193 896 2264 Hac
912 2193 1050 2266 sedicet
1063 2195 1322 2289 interpretandi
1336 2203 1419 2268 arte
1441 2195 1576 2268 teatino

414 2304 476 2374 nie
498 2303 695 2373 clarissima
717 2301 814 2372 eludi
835 2324 934 2393 posse
956 2307 1140 2394 putarunt.

482 2412 534 2481 At
558 2435 642 2482 vero
665 2415 701 2498 o)
725 2411 854 2502 duplex
877 2410 939 2480 ille
962 2409 1046 2480 ordo
1068 2411 1107 2481 in
1128 2417 1241 2482 mente
1264 2411 1403 2498 divina,
1422 2409 1574 2484 ntabhia

416 2517 593 2612 theologis
624 2519 843 2610 concipitur,
868 2517 1019 2588 fictitius
1042 2524 1114 2604 est,
1140 2523 1177 2588 et
1207 2519 1435 2611 excogitatus
1458 2513 1574 2590 uouad

415 2626 657 2718 reperiendum
680 2625 871 2718 genuinum
902 2646 1041 2694 sensnm
1063 2648 1119 2706 aa,
1135 2624 1301 2711 Petrum,
1327 2627 1390 2697 sed
1420 2626 1466 2698 ad
1487 2621 1573 2695 deeli-

415 2734 568 2806 nandum
592 2735 728 2826 pondua
756 2733 983 2805 auctoritatis
1012 2731 1211 2804 eornm.1n
1238 2733 1338 2804 nullo
1363 2757 1409 2804 ex
1436 2733 1572 2805 omnibus

415 2843 562 2915 Petrum
584 2842 808 2928 testimoniis,
834 2863 924 2936 quae
939 2841 1091 2934 proferri
1107 2847 1266 2932 possunt,
1284 2842 1401 2913 ullum
1416 2841 1571 2936 reperitur

416 2953 608 3044 vestigium
631 2951 740 3022 huius
762 2948 916 3041 duplicia
938 2947 1073 3018 ordinis
1088 2948 1126 3018 in
1143 2949 1470 3038 consiliationis,
1492 2967 1570 3019 neno

416 3062 459 3134 ds
482 3061 546 3132 illo
569 3067 650 3130 ante
673 3059 737 3129 hos
760 3057 941 3150 theologos
964 3058 1002 3128 in
1025 3058 1214 3150 augustias
1234 3058 1397 3129 redactos
1419 3055 1571 3151 cogitarit

417 3189 593 3261 umquam.
626 3167 721 3251 Quid
750 3164 842 3234 enim
866 3185 993 3258 quaeso
1016 3173 1071 3235 est
1093 3163 1177 3234 ordo
1200 3167 1410 3235 intentione}
1440 3164 1569 3256 efficacis

416 3277 455 3348 in
478 3275 550 3346 Deo
572 3279 610 3346 et
632 3274 715 3344 orde
738 3273 985 3342 mercationis!
1007 3273 1163 3344 Intentio
1178 3274 1217 3344 in
1231 3272 1305 3344 Deo
1319 3279 1374 3345 eet
1389 3274 1569 3346 intellectus

409 3391 455 3457 et
478 3383 643 3457 volontas
665 3407 743 3454 cum
766 3380 1070 3474 adsignificatione
1086 3382 1212 3452 obiecti
1228 3383 1275 3454 ad
1289 3389 1405 3454 extra.
1421 3384 1509 3454 Haec
1521 3399 1567 3448 an·

416 3501 486 3564 tem
510 3493 588 3584 ipsa
609 3491 759 3561 intentio
782 3491 814 3562 si
837 3498 891 3561 est
913 3489 1045 3578 efficax,
1070 3497 1126 3562 est
1139 3489 1178 3560 in
1194 3491 1266 3562 Deo
1282 3495 1451 3561 enecatio
1462 3491 1566 3568 actico,

418 3601 495 3674 sive
510 3605 611 3672 actus
626 3600 789 3671 efficiens.
805 3601 994 3671 Ecaecutio
1010 3605 1127 3671 autem
1137 3603 1281 3692 porcina
1295 3625 1364 3672 non
1380 3609 1437 3674 est
1450 3601 1485 3671 in
1497 3599 1564 3680 Deo,

418 3709 539 3782 sedin
562 3710 678 3780 rebus.
701 3709 794 3780 Dum
816 3731 900 3801 ergo
922 3709 1017 3780 Dens
1040 3709 1237 3803 concipitur
1258 3733 1281 3780 a
1305 3711 1408 3784 nobie
1439 3707 1565 3780 odwino

417 3945 613 4026 (praelucente
629 3947 731 4015 ntique
743 3943 809 4000 tdea
827 3941 966 4018 practica)
979 3961 1037 4002 uon
1049 3944 1283 4016 praedaattnaaaa
1300 3947 1360 4003 atat
1379 3943 1525 4019 aappoaitta
1540 3941 1562 3992 at

417 4039 563 4111 praeviata
583 4035 653 4113 (par
674 4037 826 4092 apientiam
851 4034 994 4109 viatoria)
1013 4037 1127 4092 maritis
1152 4039 1423 4108 supernaturalibna
1447 4043 1561 4104 conpare

418 4130 459 4186 tia
478 4144 530 4200 par
554 4129 679 4196 gratian
695 4127 956 4196 praedestinatam,
979 4127 1093 4196 quaudo
1113 4128 1198 4183 aiunt
1217 4143 1243 4184 a.
1254 4145 1282 4196 ς.
1307 4149 1321 4178 ι
1333 4131 1423 4186 Deum
1440 4127 1471 4186 ad
1491 4127 1560 4179 rita!
1620 4171 1621 4176 ,

418 4225 565 4278 aeternam
579 4235 636 4274 nou
656 4219 829 4288 simpliciter
840 4217 1083 4287 praedestinans,
1095 4216 1145 4272 aad
1158 4233 1221 4274 oum
1233 4219 1338 4273 marita
1354 4215 1558 4288 praeaetvioet·

421 4333 434 4360 ι
446 4326 503 4366 nou
525 4315 594 4365 ante
611 4309 855 4378 praedestinatae,
874 4323 959 4378 quam
972 4309 1075 4364 merita
1094 4309 1261 4378 praaacirat3
1282 4307 1334 4362 aad
1353 4321 1466 4378 quoram
1480 4299 1557 4358 nerii!
1620 4305 1621 4348 t

420 4401 587 4471 praescivit,
608 4413 703 4454 eoram
724 4399 850 4468 praemia
868 4397 1128 4468 praedeatiuaaaa,·
1140 4403 1170 4452 at
1188 4397 1302 4466 reliqua
1315 4397 1431 4466 quaain
1445 4383 1556 4463 anparietl

420 4489 497 4546 theat
516 4489 731 4560 deacrtpatnua.
751 4489 795 4546 dt.
808 4490 910 4546 Pater.
924 4490 945 4544 1.
959 4489 1011 4543 11.
1022 4503 1046 4544 c.
1057 4485 1086 4543 d.
1097 4503 1128 4544 o.
1138 4487 1167 4542 ὅ.
1178 4502 1224 4558 aq.
