3292 5062
908 367 946 381 -
969 335 1028 396 124
1049 367 1088 383 -

477 439 601 512 Videri
623 445 740 530 posset
772 445 809 509 et
838 461 962 510 revera
986 441 1065 510 viss
1087 443 1142 509 est
1163 440 1342 510 nonnullis
1365 441 1522 510 eruditis
1537 441 1586 508 in·

383 589 386 597 =
410 545 590 620 credibilis
612 546 698 615 haec
721 547 866 615 Petrum
889 547 1067 617 accusatio
1090 555 1127 617 et
1148 547 1360 616 Eunomieni
1383 549 1519 618 erroris
1535 548 1588 615 dc·

409 655 555 747 scriptio
572 656 632 743 (ci.
644 655 803 747 Vasquea
820 655 910 745 disp.
922 655 979 723 37.
999 679 1030 724 c.
1046 655 1080 724 2.
1095 678 1131 724 ι.
1152 655 1215 742 6.).
1229 655 1281 724 At
1291 657 1415 724 Patres
1430 657 1498 748 qui
1514 679 1589 724 curn

409 765 486 836 illis
508 763 696 834 haereticis
719 765 782 832 diu
804 765 1022 858 multumque
1045 765 1268 855 disputantes
1291 766 1450 856 proiecto
1486 789 1589 832 nove·

409 879 493 944 rant
513 871 626 942 totius
648 872 779 941 erroris
802 871 964 958 indolem,
991 874 1122 943 diserte
1144 880 1181 943 et
1204 879 1516 964 saepetestentur,
1534 897 1589 942 eos

410 982 478 1050 sibi
501 981 700 1052 vindicasse
722 979 947 1049 intuitionem
963 981 1105 1051 divinae
1128 983 1298 1051 essentiae
1314 981 1368 1050 ita
1380 983 1586 1072 perfectam,

411 1093 453 1157 ut
474 1091 569 1158 Deus
593 1089 668 1178 ipse
691 1087 861 1172 semovit,
887 1093 993 1180 atque
1015 1089 1100 1158 adeo
1125 1089 1459 1181 comprehensivam
1478 1111 1588 1181 neque

411 1205 527 1266 temen
550 1197 627 1265 ideo
650 1196 812 1264 censendi
835 1203 918 1264 snut
940 1197 1110 1268 haeretici
1126 1199 1194 1268 sibi
1209 1197 1402 1268 asseruisse
1414 1198 1587 1268 visionem

414 1305 624 1393 beatificam,
649 1308 713 1372 aut
746 1327 787 1370 ece
813 1319 917 1393 porte
947 1306 1071 1372 obiecti
1102 1305 1437 1396 comprehensionem
1470 1308 1588 1395 infini-

415 1427 470 1480 tae
493 1413 668 1494 essentiam,
690 1411 826 1501 qualem
850 1412 1033 1481 essentiam
1059 1413 1125 1481 Dei
1151 1436 1213 1482 nos
1239 1412 1406 1482 catholici
1429 1420 1587 1482 tenemus

412 1529 449 1590 et
471 1520 655 1590 credimus.
681 1518 859 1588 Errabant
874 1521 965 1589 enim
981 1519 1150 1590 haeretici
1165 1521 1258 1590 circa
1274 1521 1391 1612 ipsum
1414 1522 1588 1590 obiectum

413 1627 635 1718 cognitionis,
663 1627 756 1694 circe
779 1629 964 1696 essentiam
986 1628 1129 1720 inquam
1145 1629 1314 1699 divinam.
1331 1629 1470 1698 Ultima
1486 1629 1585 1697 nimi-

412 1761 489 1805 rum
512 1735 613 1804 radix
637 1734 768 1802 erroris
790 1733 1085 1803 Eunomianorum
1109 1735 1146 1803 in
1170 1757 1208 1804 eo
1232 1743 1331 1820 erat,
1358 1739 1450 1828 quod
1476 1739 1586 1804 Deum

412 1847 580 1933 putarent
603 1839 694 1907 illud
718 1863 785 1906 eece
800 1841 1000 1909 universale
1016 1848 1052 1910 et
1068 1843 1306 1926 abstractum,
1326 1844 1416 1932 quod
1435 1844 1584 1932 primum

412 1973 434 2018 ι
456 1949 555 2018 nobis
578 1947 784 2037 concipitur,
803 1954 839 2016 et
856 1948 920 2016 snb
940 1948 1041 2018 cuius
1064 1950 1199 2018 ratione
1220 1949 1468 2038 intelligimus,
1490 1950 1585 2042 quid·

413 2059 499 2152 quid
522 2056 756 2146 intelligimus
773 2057 836 2142 (1).
862 2057 978 2126 Huius
1002 2081 1071 2126 ease
1092 2059 1263 2127 abstracti
1294 2058 1507 2148 simplicitas
1531 2081 1582 2127 ue·

412 2279 536 2333 heneive
545 2274 599 2346 'per
613 2276 828 2332 revelationem.
848 2276 945 2344 Neque
958 2276 1088 2331 dabimus
1101 2277 1245 2344 Suareeic,
1261 2277 1319 2332 ιθ.
1330 2277 1508 2347 Hieronymo
1527 2280 1582 2332 loeo

413 2369 611 2436 supracitato
634 2367 666 2420 ιι
685 2367 791 2420 ιιιιιιι.
808 2367 860 2420 xi.
876 2367 920 2420 27.
941 2367 1066 2422 indicari
1091 2367 1167 2422 hunc
1186 2382 1300 2422 aeneum
1321 2368 1440 2422 illorum
1464 2368 1584 2422 haereti·

413 2473 517 2513 corum.
797 2475 800 2482 ·

476 2543 519 2622 (1)
536 2547 588 2602 Illi
608 2547 659 2614 qui
677 2549 777 2600 nostre
795 2547 890 2600 ιιιιιι
909 2546 1100 2612 antelogiatae
1114 2561 1144 2599 ιι
1154 2547 1314 2615 appellent,
1331 2547 1504 2616 quandoque
1523 2562 1580 2601 ecn-

413 2642 590 2708 queruntur,
612 2637 668 2691 eibi
687 2652 739 2704 per
757 2637 926 2690 calumniam
952 2635 1076 2690 adscribi
1099 2637 1287 2690 assertionem
1308 2637 1468 2691 intuitivae
1492 2637 1580 2704 cogni·

412 2731 503 2785 tionis
522 2729 591 2796 Dei,
611 2743 673 2782 curn
692 2731 786 2781 ιιιιιι
810 2727 868 2794 ipsi
888 2727 966 2780 ultro
985 2727 1192 2794 profiteantur,
1220 2728 1307 2781 talem
1325 2728 1379 2780 Dei
1397 2729 1580 2783 intuitionem

413 2835 475 2874 cese
498 2833 584 2886 snpra
602 2817 680 2870 ιιιιι
695 2819 816 2870 ιιιιιιι
835 2818 865 2867 et
883 2815 954 2868 solis
976 2815 1071 2868 beatis
1089 2815 1120 2868 in
1140 2816 1237 2882 patria
1255 2815 1414 2885 propriam,
1435 2817 1488 2871 nbi
1507 2816 1579 2872 ride·

412 2911 505 2964 bimus
524 2909 627 2975 Deum,
653 2907 741 2960 sicuti
760 2909 813 2960 ιιι.
833 2904 873 2958 At
891 2905 1015 2974 proiecto
1035 2921 1115 2960 nemo
1134 2920 1266 2974 umquam
1291 2907 1407 2974 ριιιιιι
1429 2907 1484 2962 hos
1509 2908 1581 2960 viros

412 2999 540 3052 eruditos
563 2996 742 3052 casamentis
761 2998 879 3062 emotae,
895 3009 951 3062 qua
969 2995 1031 3048 acia
1048 2995 1234 3049 intuitionem
1244 2996 1465 3051 Deibeutifloam
1478 2996 1579 3064 aliquia

412 3089 470 3143 sibi
490 3088 521 3141 ιι
542 3089 595 3141 hec
613 3085 771 3151 caliginoso
793 3086 853 3138 loeo
874 3099 1000 3138 asserere
1019 3089 1125 3152 posset.
1153 3085 1400 3152 Ontciegistarum
1419 3087 1580 3142 inmediate

411 3177 532 3230 intuitio
553 3177 606 3230 Dei
627 3175 782 3244 oppoultur
803 3173 968 3228 deductiori
990 3189 1025 3228 ex
1047 3175 1203 3242 creaturis,
1228 3175 1272 3228 ite
1292 3179 1325 3229 ιι
1346 3191 1381 3228 ex
1406 3191 1504 3231 eorum
1525 3175 1579 3244 opi·

412 3268 497 3321 nione
515 3267 591 3320 illud
610 3283 672 3330 ιιιι,
696 3265 776 3319 ιιιιι
798 3263 890 3318 ideam
913 3265 1037 3318 omnium
1055 3265 1175 3332 primam
1198 3266 1380 3333 concipimus,
1404 3269 1526 3322 realiter
1544 3266 1579 3318 aii

411 3355 476 3422 ipsa
497 3355 598 3410 divine
619 3355 756 3422 essentia,
775 3354 837 3422 ipae
856 3355 932 3408 Dens
954 3356 1085 3422 quamvis
1107 3355 1199 3410 adhue
1214 3355 1331 3409 coniuee
1351 3356 1502 3424 cognitus,
1523 3368 1579 3424 pro

411 3443 536 3512 indeque
558 3445 644 3498 etiam
666 3443 706 3510 id,
731 3443 806 3512 quod
825 3445 1000 3512 concipimus
1019 3443 1095 3498 ideis
1113 3445 1329 3498 universalibus
1348 3445 1421 3511 veri,
1442 3445 1522 3512 boni,
1542 3458 1578 3496 es·

412 3533 523 3586 senties
544 3533 694 3600 humanae,
710 3533 857 3599 angelicae
870 3537 935 3600 eta,
954 3534 1073 3587 realiter
1088 3534 1129 3588 sit
1140 3535 1215 3588 Deua
1228 3535 1300 3602 ipse.
1314 3533 1394 3588 Unde
1406 3535 1480 3589 hanc
1493 3535 1577 3588 ideen

411 3621 465 3676 Dei
483 3625 597 3690 putant,
621 3639 678 3676 non
698 3621 826 3676 derivari
845 3639 896 3677 uec
918 3623 1046 3676 derivari
1064 3639 1147 3692 posse
1166 3639 1201 3676 ex
1226 3625 1384 3690 creaturie;
1407 3639 1489 3678 aecus
1509 3623 1577 3678 enin

409 3726 466 3765 nen
478 3711 554 3766 Daue
567 3713 643 3768 ioret
654 3713 733 3766 iliud
744 3729 798 3766 esee
807 3715 998 3780 intellectum,
1014 3712 1063 3767 aed
1077 3713 1191 3781 aliquid
1201 3719 1327 3768 ereetum
1340 3719 1391 3768 aut
1405 3731 1481 3769 mere
1494 3713 1576 3783 poesi·

408 3799 479 3854 bila:
491 3801 575 3856 imme
588 3816 656 3856 vero
668 3801 763 3868 ipsum
779 3803 857 3855 reale
873 3817 927 3854 esee
941 3801 1071 3856 divinum
1087 3802 1188 3856 dieunt
1201 3801 1364 3856 immediate
1378 3803 1410 3855 iu
1423 3818 1453 3856 ee
1465 3805 1576 3856 nostrae

405 3891 565 3956 cognitioni
577 3907 639 3946 eeee
652 3891 790 3945 exhibere
800 3890 946 3965 (quamvis
957 3893 1081 3946 fortasse
1094 3893 1238 3947 occasione
1252 3892 1496 3946 considerationis
1509 3905 1579 3947 crea-

408 3977 559 4051 turarum).
568 3981 687 4046 Quando
700 3983 756 4036 iam
767 3982 929 4037 adversarii
941 3983 1180 4048 entoiogletarum
1190 3987 1427 4050 argumententur
1436 3983 1490 4036 ita:
1503 3984 1577 4036 iuxta

409 4071 586 4124 constantem
600 4070 758 4126 doctrinam
768 4073 885 4126 Petrum
902 4075 932 4124 ιι
944 4075 1072 4126 veterum
1084 4072 1280 4140 theologorum
1293 4089 1347 4126 esee
1361 4071 1493 4126 divinum
1510 4075 1540 4126 ιι
1551 4083 1576 4122 se

410 4155 474 4224 ipso
487 4163 516 4212 ιι
526 4159 689 4214 immediate
699 4159 741 4234 (h.
753 4178 778 4214 ι.
792 4161 866 4214 ιιιιι
876 4177 931 4215 ιιι
942 4161 1084 4216 derivatis
1094 4176 1130 4214 ex
1142 4164 1292 4230 creaturis,
1311 4161 1361 4216 sed
1375 4165 1469 4214 mente
1482 4175 1576 4230 appre-

412 4245 556 4301 hendente
567 4249 660 4316 ipsum
670 4265 723 4302 esee
733 4249 863 4303 divinum
876 4251 908 4303 iu
919 4247 961 4321 ιι)
971 4255 1087 4318 propter
1101 4265 1180 4304 enam
1193 4251 1409 4320 simplicitatem
1418 4264 1475 4303 non
1489 4249 1576 4318 potest

415 4335 501 4391 obiici
512 4337 677 4392 intellectui
689 4340 879 4407 cognoscenti,
890 4340 960 4408 quin
972 4341 1049 4394 Deua
1058 4343 1253 4407 conceaatur,
1266 4344 1301 4395 ut
1309 4341 1340 4394 in
1351 4356 1382 4394 ιι
1392 4343 1445 4405 est;
1458 4339 1527 4394 haee
1536 4351 1575 4392 au·

414 4429 471 4480 tem
483 4426 609 4493 cognitio
624 4431 702 4482 eeeet
711 4429 786 4486 visio
797 4429 937 4486 beatifice:
950 4444 1016 4496 ergo
1026 4431 1111 4486 nuile
1119 4429 1205 4484 datur
1214 4430 1284 4486 talia
1293 4429 1458 4486 immediate
1465 4425 1575 4484 intuitio
