3292 5062
560 395 598 408 ·-
622 364 679 422 183
700 394 737 407 -

71 469 100 537 h.
116 492 144 537 e.
161 468 357 559 enmogice,
377 491 438 559 per
462 468 712 538 similitudines
735 473 931 536 creatorum
950 467 1012 553 (1),
1031 490 1099 534 non
1114 473 1230 536 autern

70 577 211 666 cognitio
225 599 343 646 rernm
359 575 573 660 divinarum,
592 583 633 644 ut
649 581 733 644 sunt
756 575 792 643 in
817 597 852 642 se
878 575 978 664 ipsis.
1006 581 1037 660 c)
1057 574 1132 642 Hoc
1155 574 1231 663 ipso

70 684 214 774 cognitio
236 689 292 754 est
307 707 349 750 eor
362 699 477 774 parte,
494 683 699 774 imperfecta
715 681 893 751 nimirum.

126 794 198 860 Iam
221 791 279 860 his
310 792 634 882 imperfectionibus
665 793 852 882 opponitur
875 791 913 858 in
941 791 1052 860 altero
1083 791 1232 858 membro

72 899 229 990 perfectio
252 899 401 968 visionis
424 899 501 984 Dei,
521 921 609 990 quse
631 899 731 967 nobis
754 899 975 988 promittitur
999 920 1061 987 pro
1078 898 1154 965 vita
1178 898 1232 964 fu-

70 1019 152 1078 tura.
162 1008 365 1098 cognitioni
376 1008 548 1078 mediatae
563 1015 600 1075 et
608 1007 811 1097 analogicae
828 1005 1017 1096 opponitur
1033 1005 1124 1074 visio
1135 1005 1235 1093 facie

72 1114 110 1180 orl
125 1117 267 1204 sociem,
291 1116 388 1184 Hsec
410 1123 525 1183 autem
549 1114 730 1184 evidenter
753 1121 809 1183 est
831 1114 921 1183 visio
944 1112 1146 1182 immediata
1169 1111 1234 1181 Dei

72 1224 103 1290 in
122 1247 156 1292 se
179 1223 255 1314 ipso
276 1245 340 1292 seu
363 1221 555 1306 intuitiva,
583 1227 686 1313 etque
715 1219 779 1289 hoo
802 1221 879 1310 ipso
908 1219 999 1289 visio
1022 1219 1107 1304 Dei,
1134 1218 1234 1286 utin

72 1353 102 1398 se
121 1338 185 1401 est.
204 1331 292 1400 Nem
317 1336 355 1418 a)
377 1330 518 1421 phrasis
540 1330 626 1399 haec
649 1351 693 1398 ox
715 1329 878 1399 hebreico
901 1353 969 1398 usu
991 1327 1156 1419 loquendi
1180 1327 1236 1395 de·

72 1441 191 1524 rivata,
211 1440 313 1528 secie
336 1439 382 1506 cd
400 1439 532 1528 sociem
552 1441 616 1527 (2),
642 1461 774 1529 semper
799 1437 979 1528 significat
1001 1435 1234 1504 immediatam

73 1549 294 1638 mamertium
318 1569 483 1638 personae
513 1549 556 1618 sd
581 1569 774 1639 personam.
799 1547 900 1615 Unde
931 1546 1051 1614 videre
1069 1545 1170 1633 facie
1192 1542 1238 1609 ad

70 1657 209 1742 sociem,
235 1654 293 1726 vel
315 1653 430 1722 cidere
447 1656 580 1744 faciem
603 1655 784 1745 significat
807 1652 1041 1722 immediatam
1072 1672 1238 1742 personae

74 1763 288 1832 intuitionem
304 1763 342 1830 in
358 1785 394 1830 se
409 1763 497 1853 ipse,
516 1761 721 1854 plerumque
737 1784 813 1830 oum
829 1758 1132 1849 adsignificatione
1154 1756 1237 1824 inti·

75 1891 139 1938 mae
160 1869 422 1938 familiari-tatis
445 1868 551 1937 simul
574 1873 610 1936 et
632 1868 789 1958 gratiae,
816 1888 904 1958 quae
927 1889 949 1932 a
972 1865 1095 1932 maiori
1119 1886 1236 1932 conoe·

75 1975 170 2046 datur
201 1977 339 2046 minori.
369 1977 453 2044 Dixi
479 1977 570 2045 hanc
602 1999 676 2044 esse
706 1975 998 2065 significationem
1029 1973 1236 2057 locutionis,

76 2081 179 2150 cidere
196 2085 301 2172 facie
316 2083 363 2150 od
381 2083 528 2172 sacient·
551 2106 620 2152 non
643 2089 759 2156 tamen
782 2083 859 2151 ideo
882 2081 1054 2150 terminus
1072 2081 1173 2168 facie
1196 2078 1242 2145 od

74 2189 192 2274 sociem
214 2191 247 2258 si
270 2189 501 2280 coniungitur
524 2212 601 2258 cum
630 2188 712 2258 eliis
737 2189 876 2272 verbis,
902 2210 964 2277 per
994 2209 1030 2255 sc
1061 2185 1240 2276 significat

79 2301 250 2379 ericum,
276 2298 437 2390 quamvis
459 2319 593 2388 semper
615 2297 789 2386 exprimat
811 2293 1049 2362 immediatam
1079 2315 1238 2383 praesen·
1315 2375 1321 2386 ¹

80 2403 163 2472 tan.
187 2403 248 2472 Sic
267 2433 283 2468 o
299 2404 503 2495 loquetatur
518 2403 687 2472 Dominus
704 2403 748 2472 ed
764 2401 909 2490 Moysen
922 2399 1023 2488 faeie
1036 2399 1238 2488 adfatim,

81 2510 158 2579 nont
172 2512 262 2581 solet
276 2511 374 2603 loqui
388 2511 489 2579 homo
505 2510 549 2578 ed
566 2510 715 2580 amioum
732 2533 832 2578 suum
847 2507 986 2576 »Esou
997 2507 1170 2574 XXXHI.
1182 2507 1237 2593 113

80 2618 294 2688 nihilominus
317 2625 435 2689 tamen
457 2620 553 2688 Deus
570 2602 686 2686 ¹eidem
709 2617 826 2707 Moysi
849 2615 1018 2686 declarat:
1046 2639 1148 2683 onon
1165 2623 1240 2706 pot·

80 2725 138 2792 oris
159 2723 274 2792 cidere
306 2725 439 2814 faciem
461 2749 567 2792 meam
579 2750 593 2807 ,·
616 2746 683 2792 non
708 2724 798 2792 enim
822 2721 958 2792 videbit
981 2743 1033 2789 me
1056 2721 1179 2802 homo,
1206 2728 1241 2790 et

81 2830 176 2900 vivet.
196 2859 212 2894 n
230 2830 287 2899 cf.
313 2831 495 2901 homocum
519 2831 545 2899 1.
563 2830 628 2899 IV.
648 2853 677 2900 c.
698 2829 753 2898 20.
772 2853 809 2897 n.
828 2829 862 2896 9.
880 2828 939 2896 Ita
961 2829 1067 2896 etiam
1090 2827 1240 2918 explico·

81 2941 130 3003 tur
142 2937 238 3006 locus
254 2937 358 3006 alter:
375 2967 392 3002 a
403 2963 460 3005 ore
476 2940 565 3006 enim
588 2937 634 3005 cd
657 2962 693 3004 oe
717 2938 841 3028 loquar
858 2940 902 3016 ei,
922 2941 957 3004 et
971 2935 1100 3025 palam,
1119 2941 1155 3004 et
1170 2958 1238 3003 non

82 3063 131 3130 per
150 3046 350 3136 aenigmate
365 3051 402 3114 et
415 3045 551 3136 figuras
562 3045 749 3114 Dominum
772 3044 897 3113 videte
913 3041 965 3130 (3)
976 3042 1081 3112 Num.
1100 3041 1185 3112 XII.
1205 3045 1238 3111 8.

132 3303 170 3377 (1)
186 3305 312 3377 Ἀινιγμα
328 3306 482 3373 respondet
500 3321 588 3374 penos
606 3307 693 3360 LXX.
715 3307 848 3360 hebraico
868 3307 973 3398 ‚Tyn
993 3307 1110 3372 Quando
1126 3306 1242 3360 adhibe·

84 3407 121 3454 tu
136 3401 167 3458 de
185 3419 324 3471 sermone,
344 3403 459 3476 ἀινιγμα
478 3408 523 3459 ost
541 3421 632 3460 sermo
652 3407 705 3459 sub
725 3421 812 3460 sensu
826 3423 876 3461 suo
895 3407 980 3461 obvio
998 3407 1108 3460 habens
1128 3421 1241 3459 sensum

84 3491 286 3557 nemmem
299 3493 507 3562 absconditum
526 3495 601 3548 unde
626 3497 712 3550 otiam
731 3509 786 3564 ros,
808 3511 949 3565 perquer
970 3500 1114 3564 unquam
1133 3511 1184 3564 per
1204 3496 1241 3548 si·

84 3581 248 3638 mundinas
265 3585 437 3652 pervenitur
456 3584 491 3637 od
510 3585 585 3638 alias
604 3600 651 3639 res
670 3585 855 3640 absconditas
874 3586 957 3640 etad
978 3585 1117 3652 mysterio
1142 3600 1243 3650 cogno·

85 3673 180 3810 operta,
200 3673 336 3728 dicuntur
346 3675 518 3740 aenigmata.
532 3675 575 3731 (it.
590 3677 674 3732 Num.
689 3677 755 3730 XII.
768 3675 795 3744 8;
811 3677 896 3730 Prov.
911 3679 935 3730 Ι.
950 3675 1139 3744 o;ssp.v111.
1155 3674 1181 3742 93
1192 3671 1242 3725 Ec-

85 3763 152 3814 eest.
165 3763 297 3816 xm.
313 3763 341 3816 3.

137 3839 478 3956 cumeum

136 3959 223 4033 (³)Itx
237 3965 291 4018 hoc
306 3967 367 4020 loco
383 3966 477 4033 aliqui
494 3969 703 4033 concluserunt,
713 3966 807 4033 Moysi
817 3966 849 4020 in
862 3966 915 4020 hac
929 3966 993 4019 vita
1002 3978 1161 4018 concessam
1172 3962 1243 4017 tuis-

89 4061 119 4112 se,
131 4051 194 4106 licet
214 4056 306 4108 solum
325 4059 519 4122 transeunter,
541 4056 680 4109 visionem
701 4056 754 4110 Dei
775 4056 955 4108 intuitiran.
968 4055 1022 4109 Sed
1035 4055 1140 4108 collato
1152 4053 1241 4108 Exod.

89 4133 295 4194 tumente
305 4141 364 4196 dici
376 4157 432 4195 non
445 4147 549 4210 potost;
562 4143 653 4197 necin
664 4147 746 4196 textu
757 4142 838 4196 alind
847 4144 1026 4210 continetur,
1036 4159 1120 4212 quam
1134 4159 1242 4209 comps·

90 4226 1243 4299 ratiomanifestationisintellectualissublimioristioysisaotaeonmsliismagis

91 4317 234 4377 ortelius
243 4319 530 4375 nmitestationlbus
540 4322 571 4374 iu
582 4322 741 4390 prophetis.
753 4322 892 4376 Hebraico
903 4323 1060 4376 Numxss.
1068 4321 1112 4374 its
1123 4321 1241 4388 legitur:

94 4413 167 4503 om!
189 4411 274 4514 ,ιι-ιζ
301 4423 426 4522 nenne
449 4398 572 4514 ntum
600 4398 665 4515 sip
699 4425 825 4515 nsunt
857 4411 1022 4515 'sumpts
1051 4397 1171 4513 nso-ts
1190 4424 1241 4512 ns,
