3292 5062
911 367 949 384 ..
974 337 1031 400 144
1053 367 1091 384 -

417 437 573 506 busdam:
588 435 791 528 ignorantes
802 437 868 508 Dei
884 438 1058 524 iustitiam
1071 445 1107 508 et
1122 461 1221 508 snam
1236 439 1413 510 iustitiam
1430 439 1593 508 volentes

417 545 639 628 eonstituere,
665 545 824 614 iustitiae
846 545 912 614 Dei
929 571 996 616 non
1020 554 1104 616 sunt
1126 547 1294 634 subiecti3
1313 547 1364 618 sio
1387 548 1500 616 etiam
1524 546 1594 614 dioi

415 655 530 738 potest
552 649 593 717 de
617 649 835 740 quibusdem:
861 649 1065 739 ignorantes
1086 651 1153 720 Dei
1176 651 1385 740 sapientiam
1418 657 1459 719 et
1493 671 1593 718 suam

416 750 573 820 volentes
596 753 831 838 constituere,
858 755 1051 844 sapientiae
1081 755 1147 824 Dei
1177 779 1245 823 non
1276 764 1361 825 eunt
1391 757 1590 826 snbieotin

415 853 511 944 Aug.
530 855 571 923 de
596 857 695 925 Tria.
714 857 741 924 l.
759 857 858 926 XIV.
876 883 912 925 n.
931 857 985 926 15.

481 965 548 1034 Est
570 965 689 1058 itaque
712 965 937 1055 participatio
960 965 1051 1036 lunis
1074 967 1228 1050 divinae,
1247 991 1334 1061 quae
1357 969 1453 1040 Dens
1479 975 1540 1040 est
1555 979 1594 1040 nt

415 1075 575 1144 absoluta
598 1075 732 1142 veritas
754 1082 790 1142 et
812 1073 1009 1163 sapientia,
1035 1075 1243 1146 assimilatio
1266 1084 1450 1147 ereaturae
1484 1079 1593 1148 ratio·

415 1180 506 1251 nelis
537 1181 581 1249 ad
605 1179 703 1248 illem
726 1179 838 1250 luoem
862 1186 1052 1252 inornatam
1077 1205 1137 1272 per
1160 1181 1277 1251 lumen
1301 1189 1473 1268 ereetum,
1503 1183 1541 1252 h.
1560 1208 1589 1254 e.

414 1289 568 1379 pervim
592 1289 816 1380 intelligendi
839 1297 910 1356 tum
934 1289 1129 1358 naturalem
1153 1311 1256 1382 qnam
1279 1293 1590 1380 supernaturalem

414 1419 522 1486 usqua
546 1395 590 1464 ad
613 1396 729 1464 lumen
752 1397 898 1486 gloriae,
925 1420 991 1489 quo
1009 1425 1025 1462 e
1044 1397 1176 1466 similes
1198 1397 1233 1466 ei
1254 1398 1385 1466 erimus
1420 1400 1589 1492 quoniam

414 1503 609 1574 videbimus
632 1525 721 1588 eum,
747 1505 840 1574 siout
861 1512 934 1592 est;
956 1511 1027 1574 net
1049 1505 1143 1574 Deus
1165 1509 1220 1572 est
1235 1505 1286 1572 sol
1303 1505 1484 1576 increatus
1501 1530 1589 1574 oom-

413 1613 593 1681 mnnioans
616 1635 683 1681 non
707 1633 789 1680 sane
813 1635 873 1702 per
895 1599 1146 1680 emanationem
1169 1613 1228 1682 sad
1263 1635 1324 1702 per
1358 1613 1586 1683 efficientiam

413 1718 458 1790 ad
481 1719 747 1790 similitudinem
769 1719 826 1790 sni
849 1719 961 1810 ipsius
984 1721 1073 1788 hano
1096 1721 1209 1790 lucem
1232 1727 1399 1791 arratam.

480 1827 517 1896 S.
537 1827 686 1896 Thomas
709 1827 799 1896 hano
822 1851 894 1898 rem
910 1829 1070 1918 pluribus
1086 1829 1124 1896 in
1137 1828 1223 1898 loeis
1249 1827 1417 1898 declarat.
1443 1861 1461 1894 o
1476 1829 1587 1920 Opor-

413 1943 465 2006 tet
487 1937 577 2028 qnod
600 1959 706 2028 snpra
729 1936 879 2005 animam
902 1937 1087 2004 humanam
1112 1936 1160 2004 sit
1183 1935 1313 2027 aliquis
1329 1936 1588 2024 intellectus,a

412 2063 479 2134 qno
502 2041 693 2130 dependeat
715 2063 816 2109 suum
840 2041 1003 2129 (animae)
1020 2040 1262 2130 intelligere...
1282 2041 1364 2134 qnia
1380 2063 1481 2112 omne
1495 2043 1585 2135 quod

411 2149 576 2218 convenit
609 2149 718 2217 alieni
753 2171 815 2238 per
849 2149 1178 2238 participationem,
1206 2149 1303 2238 prius
1326 2157 1380 2218 est
1404 2151 1441 2218 in
1465 2150 1585 2244 aliquo

413 2255 717 2342 substantialiter;
736 2257 829 2325 siout
852 2257 884 2324 si
906 2257 1038 2325 ferrum
1061 2263 1115 2325 est
1145 2256 1322 2346 ignitum,
1342 2263 1481 2348 oportet
1512 2281 1584 2328 esse

412 2363 450 2432 in
473 2365 575 2432 rebus
598 2363 744 2454 aliquid,
771 2363 861 2455 quod
885 2365 934 2432 sit
957 2364 1051 2455 ignis
1074 2363 1264 2434 seeundum
1288 2387 1387 2434 enam
1418 2367 1580 2436 substan·

411 2469 497 2538 tiam
519 2475 556 2539 et
578 2477 798 2538 naturam...
818 2469 962 2559 Oportet
995 2469 1109 2558 igitur
1138 2492 1213 2539 esse
1247 2469 1383 2562 aliquid
1417 2471 1582 2562 superius

411 2573 538 2654 anime,
555 2572 646 2664 qnod
669 2573 717 2641 sit
740 2571 940 2642 intellectus
956 2573 1145 2642 seoundum
1161 2577 1270 2641 totam
1287 2597 1385 2642 suam
1401 2582 1579 2656 naturam,

410 2703 432 2748 a
455 2704 522 2774 quo
545 2681 834 2750 intellectualitas
857 2681 992 2749 animae
1019 2679 1212 2765 derivetur,
1238 2687 1274 2750 et
1296 2703 1317 2748 a
1339 2705 1407 2773 quo
1430 2681 1509 2751 eius
1532 2683 1581 2750 in·

409 2785 569 2875 telligere
584 2786 816 2876 dependeat...
835 2785 913 2854 Non
938 2791 1188 2874 potestantem
1213 2785 1295 2869 dini,
1322 2787 1410 2878 quod
1435 2790 1508 2857 iste
1531 2789 1580 2858 in·

410 2892 573 2962 tellectue
597 2895 755 2985 superior
779 2893 889 2962 faeiat
911 2892 1157 2984 intelligibilia
1180 2901 1262 2962 actu
1285 2891 1323 2960 in
1346 2894 1446 2962 nobis
1462 2897 1579 2965 imme·

409 2999 515 3085 diets,
541 3003 669 3094 absque
694 3003 813 3096 aliqua
836 3004 970 3072 virtute
993 3024 1096 3094 qnam
1120 3003 1218 3070 abeo
1234 3001 1487 3072 animanostra
1504 3027 1577 3094 par-

407 3103 576 3194 tioipat...
595 3105 700 3176 Omne
723 3108 814 3176 enim
838 3129 946 3197 agens
973 3129 1224 3198 quemeumque
1254 3107 1449 3192 sotionem,
1475 3107 1579 3176 habet

409 3209 603 3278 formaliter
626 3210 663 3278 in
688 3233 723 3280 se
746 3211 821 3302 ipso
845 3213 1027 3294 virtutem,
1047 3233 1134 3302 quae
1150 3215 1205 3278 est
1219 3211 1306 3278 talis
1322 3211 1470 3280 aetionis
1484 3212 1576 3302 prin·

409 3318 550 3408 oipium.
568 3317 668 3388 Unde
691 3319 923 3388 necessarium
947 3327 1011 3404 est¹
1038 3319 1128 3412 quod
1151 3319 1354 3390 intellectus
1378 3320 1426 3388 sit
1441 3319 1575 3412 aliquid

408 3427 602 3497 formaliter
624 3427 811 3497 inhaerens
834 3427 1008 3496 homini...
1027 3427 1185 3496 Dioimns
1209 3428 1300 3520 qnod
1323 3415 1439 3496 lumen
1473 3428 1573 3496 intel-

405 3536 518 3604 leotus
542 3535 680 3625 agentis
703 3535 774 3623 (vis
798 3536 924 3603 mentis
955 3534 1182 3603 abstrahendi
1212 3557 1233 3602 a
1263 3537 1489 3610 sensibilibus
1523 3563 1570 3610 ra·

406 3645 519 3712 tiones
542 3643 801 3731 intelligibiles)
813 3649 869 3710 est
891 3641 988 3710 nobis
1012 3643 1209 3711 immediate
1232 3643 1437 3734 impressum
1455 3669 1476 3715 a
1491 3649 1571 3734 Deo,

406 3751 594 3820 secundum
611 3751 701 3842 quod
718 3751 947 3821 discernimus
961 3775 1081 3821 verum
1098 3775 1120 3820 a
1132 3752 1233 3837 falso,
1248 3759 1284 3822 et
1298 3755 1423 3824 bonum
1439 3777 1462 3823 a
1473 3758 1570 3842 malo;

406 3865 444 3928 et
464 3859 506 3929 de
536 3859 600 3930 hoo
630 3859 763 3928 dicitur
795 3861 852 3928 Pe.
868 3859 932 3928 IV.
952 3859 985 3927 δι
1004 3860 1108 3930 multi
1139 3859 1283 3948 dionnt,
1310 3863 1388 3954 quis
1418 3865 1572 3936 ostendet

406 3968 504 4036 nobis
528 3967 640 4036 bona?
657 3968 836 4058 signatum
860 3975 1040 4059 estsuper
1063 3991 1126 4036 nos
1148 3967 1264 4038 lumen
1290 3969 1413 4040 vultu's
1429 3972 1487 4042 tui
1510 3975 1569 4042 Do·

407 4075 509 4160 mine,
536 4097 595 4165 per
619 4077 708 4167 quod
731 4075 831 4144 nobis
865 4077 954 4144 bona
984 4071 1229 4156 ostenduntur.
1250 4078 1309 4148 Sio
1339 4079 1457 4169 igitur
1486 4082 1569 4174 quod

406 4241 559 4308 aperteque
573 4239 709 4308 declarat,
731 4241 847 4295 eandem
865 4243 955 4310 ipsam
971 4243 1136 4310 fraternam
1154 4245 1341 4308 dilectionem,
1361 4262 1425 4300 nam
1442 4249 1568 4302 statem

406 4329 523 4382 dileetio
542 4335 595 4396 est,
610 4347 666 4399 qna
684 4331 833 4398 diligimus
847 4334 982 4402 invicem,
1004 4351 1064 4388 non
1082 4337 1172 4388 oolam
1194 4352 1227 4386 ea
1240 4340 1298 4390 Deo
1318 4337 1367 4389 eod
1386 4339 1472 4392 etiam
1484 4343 1566 4394 Dea·

406 4435 468 4473 mo.
482 4441 494 4468 ι
510 4419 554 4473 (ll.
566 4419 732 4476 aeuumin.
748 4422 781 4475 de
795 4427 869 4488 grat.
881 4427 910 4476 et
925 4423 976 4478 llb.
989 4425 1076 4478 arbit.
1091 4425 1143 4478 lib.
1152 4425 1175 4480 1.
1188 4441 1212 4478 o.
1224 4425 1251 4479 9.
