3280 5070
659 279 695 292 ...
718 249 778 310 625
799 283 836 296 -

160 358 210 429 ad
234 356 383 447 gloriam
406 375 468 444 per
489 375 526 422 se
549 357 742 445 spectatam
765 361 845 446 post
859 355 1021 447 praevisa
1037 351 1161 423 merita
1180 373 1242 442 per
1257 372 1336 440 gra·

159 466 295 536 tuitam
314 463 469 554 ⁴gratiam
492 468 710 554 comparate,
737 463 830 533 siout
848 493 864 529 ιι
882 464 1038 555 priorum
1062 482 1169 552 paene
1185 459 1336 528 omnium

158 597 227 665 par
250 571 432 641 invenitur
455 575 491 640 et
513 593 583 639 nna
605 571 801 659 sententia;
823 599 840 633 n
865 572 898 641 ei
920 571 991 656 bic,
1016 570 1169 660 inquam,
1194 571 1248 635 est
1263 587 1335 633 sen·

158 705 226 752 sus
249 678 550 769 interrogationis,
575 680 754 770 responsio
778 681 821 750 ad
845 703 918 749 eam
943 685 1035 748 certe
1058 701 1124 745 non
1154 665 1337 744 invenitur

157 789 328 859 hocloco
352 789 393 857 de
415 786 595 856 Praedest.
611 787 675 856 SS.
692 811 727 854 n.
746 787 801 873 27,
827 787 888 856 ubi
911 809 986 857 eam
1010 789 1184 878 quaerunt
1213 782 1335 852 adver·

158 897 278 986 sarii:¹
291 897 351 966 sed
375 895 633 986 antiquioribus
649 895 815 965 Patribus
838 896 940 986 plane
964 907 1112 964 consona
1134 891 1337 983 reperienda

150 1011 258 1078 'esset
279 1004 317 1073 iu
340 1003 423 1072 aliis
447 1003 606 1092 operibus
630 1000 827 1092 Augustini
845 1003 914 1071 iam
930 1001 1064 1092 pridem
1080 1000 1236 1090 scriptis,
1254 1021 1335 1091 quo·

156 1139 244 1184 rnm
266 1112 448 1182 lectionem
471 1112 509 1178 in
532 1110 718 1178 bisetium
741 1109 844 1178 libris
867 1109 1090 1178 commendat:
1115 1107 1159 1176 ad
1176 1106 1332 1196 Simplic.

156 1221 189 1291 l.
208 1221 259 1289 H.
275 1245 307 1312 q.
322 1219 356 1287 2.
367 1243 403 1287 ιι.
414 1219 447 1286 e.
462 1217 517 1306 22,
536 1217 578 1286 de
594 1218 720 1287 Gratia
734 1223 770 1288 et
785 1217 847 1286 lib.
865 1217 970 1287 arbit.
985 1240 1020 1285 n.
1036 1216 1091 1284 14.
1108 1214 1163 1302 153
1182 1236 1236 1305 ep.
1255 1213 1332 1282 194.

157 1328 209 1399 ad
234 1327 326 1398 Sixt.
344 1350 379 1396 n.
399 1325 454 1394 19.
469 1333 536 1396 eto.
1011 1407 1016 1416 Ι

232 1435 281 1504 11.
309 1434 478 1517 Quisnam
501 1431 615 1522 igitur
637 1439 692 1502 est
714 1455 835 1501 sensus
851 1429 1138 1521 interrogationis
1154 1430 1336 1521 Prosperi?

158 1541 343 1612 Advertas
365 1540 534 1631 primum,
560 1541 604 1608 ab
626 1562 664 1608 eo
688 1541 833 1630 proponi
856 1539 994 1632 aliquid
1018 1537 1235 1621 diluendam,
1259 1538 1335 1608 eivs

158 1648 404 1718 difficultatem
429 1646 630 1715 solvendam
653 1633 723 1714 una
747 1669 823 1714 cum
847 1645 1099 1716 obiectionibus
1116 1645 1197 1715 aliie
1213 1645 1334 1715 Massi·

156 1756 342 1828 lisseium.
372 1753 501 1823 ulllud
525 1757 627 1820 etiam
651 1754 804 1846 qualiter
828 1753 1051 1836 dilectam...
1078 1754 1332 1822 demonstres.»

156 1865 271 1936 Latet
292 1887 376 1954 ergo
399 1863 472 1932 sine
496 1862 601 1931 dubio
624 1863 688 1930 sub
711 1861 828 1930 verbis
850 1861 1013 1952 Prosperi
1036 1883 1157 1931 sensus
1187 1861 1335 1952 Semipe-

156 1973 394 2062 lagianorum.
418 1971 596 2040 Advertes
616 1970 751 2056 deinde,
771 1976 883 2040 totum
899 1970 992 2039 bunc
1006 1992 1185 2039 numerum
1199 1971 1252 2038 8¹²
1274 1969 1335 2039 ubi

158 2087 248 2152 snut
269 2081 377 2152 verba
400 2081 520 2163 citata,
546 2079 638 2147 nibil
661 2101 735 2147 esse
759 2077 856 2148 aliud
881 2100 982 2168 quam
1012 2077 1335 2167 recapitulationem

158 2194 201 2260 et
223 2187 457 2278 compendium
479 2209 617 2270 eorum,
644 2207 731 2277 quae
761 2189 988 2275 proposuerat
1009 2183 1047 2252 in
1070 2188 1145 2252 tota
1172 2183 1332 2274 epistola.

157 2295 353 2364 Videamus
368 2317 464 2385 ergo,
480 2293 646 2386 quomodo
664 2294 701 2361 in
717 2292 1001 2362 antecedentibus
1017 2291 1233 2382 exprimatur
1248 2292 1334 2362 ldae·

159 2402 361 2474 eilieusinm
384 2401 543 2472 doctrina
565 2401 607 2470 de
630 2401 956 2492 praedestinatione,
976 2404 1017 2469 ut
1032 2423 1073 2468 ex
1089 2399 1135 2467 iis
1158 2399 1333 2490 intelliga-

159 2533 242 2580 mns
265 2533 403 2578 sensnm
427 2509 623 2592 verborum,
650 2531 737 2599 quae
760 2509 797 2596 ip
821 2508 1021 2600 quaestione
1037 2513 1234 2576 vereantur.
1253 2508 1333 2576 Pro·

158 2622 330 2710 posuerat
342 2617 549 2686 senteutiam
564 2615 835 2684 Massiliensium
855 2615 897 2683 de
913 2615 1229 2706 praedestinatione
1244 2638 1279 2683 n.
1297 2615 1331 2684 3.

157 2727 228 2796 ita:
256 2754 273 2790 ι
291 2725 352 2818 qui
367 2731 482 2794 autem
499 2723 665 2792 credituri
680 2736 773 2805 sant,
793 2723 897 2814 quive
915 2722 952 2789 in
980 2743 1020 2790 ea
1035 2721 1115 2806 fide,
1134 2743 1222 2814 qnae
1239 2721 1333 2789 dein·

160 2857 238 2923 cepe
253 2857 314 2924 per
330 2832 483 2923 gratiam
506 2832 556 2900 sit
572 2831 737 2916 iuvanda,
759 2833 914 2898 mansuri
929 2845 1021 2913 aunt,
1038 2831 1240 2917 praesciisse
1254 2835 1335 2902 ante

159 2941 286 3010 mundi
316 2926 598 3009 constitutionem
631 2939 759 3022 Deum,
784 2943 820 3006 et
842 2960 899 3006 eos
922 2938 1198 3028 praedestinasse
1220 2938 1258 3008 in
1281 2963 1333 3008 re·

159 3073 271 3140 gnum
294 3033 407 3132 suum,
434 3069 519 3140 quoe
542 3047 657 3137 gratie
680 3052 832 3132 vocatos,
858 3046 982 3136 dignos
1006 3047 1145 3116 futuros
1167 3046 1334 3120 electione

63 3181 68 3190 ·
159 3161 200 3225 et
223 3155 263 3223 de
286 3153 352 3222 bac
376 3155 454 3224 vita
477 3155 562 3222 bono
585 3153 654 3221 fine
677 3175 879 3222 excessuros
902 3175 975 3221 esse
1006 3153 1223 3243 praeviderit
1233 3205 1330 3226 .....

159 3262 213 3333 Et
236 3284 287 3346 ea,
313 3285 401 3355 quae
425 3261 466 3330 de
489 3259 639 3352 epistola
663 3259 825 3352 Apostoli
848 3260 950 3329 Pauli
967 3260 1132 3332 Romanis
1149 3263 1333 3335 scribentis

159 3369 209 3442 ad
231 3369 545 3440 manifestationem
569 3368 710 3437 divinae
733 3369 874 3458 qratiae
883 3371 1137 3457 praevenientis
1157 3371 1334 3440 electorum

161 3479 287 3546 meritc
310 3479 553 3567 proferuntur,
579 3500 601 3545 a
623 3475 720 3544 nullo
744 3499 905 3568 umquam
936 3476 1250 3547 ecclesiasticorum
1280 3479 1333 3548 ita

160 3608 238 3656 esse
260 3585 452 3671 intellecta,
478 3591 520 3653 ut
543 3608 634 3654 nuno
650 3583 851 3653 sentiuntur
867 3585 923 3672 (ab
938 3583 1142 3675 Augustino
1157 3593 1193 3655 et
1208 3588 1333 3658 ceteris

160 3693 431 3784 Pelagiancrum
455 3693 754 3778 debellatoribus),
780 3695 997 3763 affirmant.»

230 3801 345 3868 Aiunt
367 3823 451 3890 ergo
474 3805 564 3869 teste
579 3801 748 3891 Prospero
764 3799 998 3870 Massilienses
1015 3799 1082 3884 illi,
1102 3802 1137 3884 a)
1154 3799 1255 3868 fidem
1272 3823 1332 3872 eeu

164 3907 381 3978 voluntatem
398 3907 559 3977 credendi
575 3912 610 3976 et
624 3909 896 3997 permansionem
912 3909 949 3974 in
972 3907 1039 3976 fide
1055 3931 1095 3976 ao
1110 3903 1331 3997 perseveran-

161 4016 249 4086 tiam
272 4015 440 4105 praesciri
464 4041 486 4085 a
499 4017 583 4100 Deo,
601 4039 670 4084 non
693 4023 808 4086 autem
832 4016 1100 4107 praedestinari3
1120 4015 1156 4084 b.
1174 4038 1204 4085 e.
1230 4018 1359 4096 fidem.

162 4127 201 4192 et
222 4123 517 4214 perseverantiam
540 4123 576 4192 in
601 4124 668 4193 fide
691 4147 765 4193 esse
780 4148 822 4192 ex
839 4123 975 4192 viribus
992 4123 1214 4193 naturalibus
1229 4125 1333 4196 liberi

162 4229 318 4297 arbitrii.
345 4227 445 4312 Quod
460 4230 496 4297 in
512 4231 735 4323 sequentibus
758 4231 907 4321 Prosper
923 4231 1037 4298 adbuc
1056 4230 1260 4301 distinctius
1276 4234 1331 4303 de·

163 4337 289 4408 clarat.
311 4366 327 4402 ι
346 4337 524 4419 Quantum
547 4339 591 4408 ad
607 4339 750 4408 arbitrii
765 4337 962 4407 libertatem
978 4339 1021 4408 ab
1037 4339 1188 4426 (dicunt)
1207 4341 1263 4410 bis
1279 4342 1330 4411 vi·

307 4466 462 4518 Fronsetin
1153 4469 1190 4520 40
