3444 5054
913 337 951 352 -
971 306 1032 370 228
1053 337 1091 354 ..

415 412 539 482 haurit
559 434 602 481 ex
625 411 730 481 rebus
754 411 942 482 secundum
976 411 1154 504 propriam
1188 434 1308 483 earum
1344 412 1579 504 cognoscibili·

414 529 534 590 tatem.
555 520 693 590 Pariter
709 543 777 588 non
800 520 994 590 affirmatur
1011 521 1049 588 in
1065 520 1367 612 comprehensione
1391 521 1580 614 aequalitas

416 628 721 719 ontolopicointer
749 635 867 698 actum
897 635 933 698 et
963 629 1154 716 obiectum
1173 629 1231 697 sed
1262 631 1520 714 intentionalis,
1543 637 1581 700 ut

415 745 550 808 veteres
573 737 725 822 aiebant,
745 760 808 806 seu
831 743 873 806 ut
894 760 987 806 nunc
1002 735 1216 830 loquuntur,
1235 735 1362 804 identie
1377 737 1580 831 adaequatio

414 845 507 914 inter
531 847 763 936 cognitionem
786 852 822 914 et
844 845 1070 917 intrinsecam
1094 846 1430 936 cognoscibilitatenr
1447 845 1579 916 obiecti.

415 953 631 1045 Quamquam
654 954 685 1022 si
716 977 785 1024 non
819 953 860 1024 de
895 953 1196 1044 comprehensione
1227 955 1421 1045 generatim
1452 953 1513 1024 sed
1544 953 1581 1024 de

413 1063 715 1154 comprehensione
732 1063 797 1132 Dei
812 1063 958 1153 agitur,
977 1063 1078 1132 ouius
1097 1063 1382 1152 cognoscibilitas
1399 1069 1456 1133 est
1472 1061 1582 1131 inlini·

412 1177 462 1257 ta,
481 1178 621 1263 propter
637 1171 857 1240 eminentiam
873 1171 999 1240 obiecti
1017 1171 1246 1266 cognoscendi
1262 1171 1500 1264 consequitur,
1511 1191 1581 1262 per-

413 1281 595 1350 fectionem
619 1287 720 1349 actus
751 1279 1028 1370 comprehensivi
1059 1279 1181 1349 debere
1212 1301 1286 1348 esse
1321 1279 1519 1363 infinitam,
1545 1300 1582 1347 ac

413 1388 556 1479 proinde
579 1395 696 1456 actum
719 1387 842 1456 debere
864 1409 939 1456 esse
962 1387 1134 1473 divinum,
1160 1387 1222 1479 qui
1243 1393 1298 1456 est
1319 1388 1509 1456 entitativs
1533 1408 1582 1455 aa·

412 1496 528 1588 qualis
551 1497 722 1566 essentiae
745 1496 898 1582 divinae,
917 1520 978 1566 seu
995 1497 1121 1566 melius
1140 1502 1195 1566 est
1217 1495 1365 1586 ipsamet
1388 1495 1514 1565 divina
1534 1516 1581 1563 es·

413 1604 527 1672 sentia
549 1609 585 1672 et
608 1603 821 1673 substantia.
839 1603 1022 1673 Praeclare
1045 1603 1090 1672 ad
1113 1627 1185 1700 rem
1219 1608 1436 1692 praesentem
1458 1601 1580 1691 Augu·

413 1711 528 1779 stinus
551 1711 622 1779 ait:
651 1739 667 1775 a
693 1711 923 1802 inquantum
952 1712 1063 1780 Deum
1094 1711 1273 1795 novimus,
1299 1709 1433 1780 similes
1466 1730 1583 1778 sumus

412 1819 474 1905 (cf.
494 1817 525 1885 1.
544 1817 597 1888 Io.
613 1817 682 1886 111.
702 1817 766 1905 2.);
785 1818 845 1887 sed
868 1840 937 1887 non
960 1817 1004 1888 ad
1039 1817 1290 1911 aequalitatem
1322 1817 1476 1902 similes,
1504 1815 1584 1908 quis

412 1947 473 1995 nec
496 1932 634 1994 tantum
657 1947 734 1994 eum
757 1925 931 2010 novimus,
951 1932 1120 2018 quantum
1144 1925 1319 2015 ipsese...
1350 1925 1515 2016 quamvis
1538 1923 1584 1992 sit

411 2033 531 2126 aliqua
552 2032 618 2102 Dei
642 2032 837 2102 similitudo
859 2033 926 2101 illa
948 2034 1088 2119 notitia,
1105 2039 1222 2102 tamen
1245 2033 1395 2102 inferior
1418 2039 1485 2118 est,
1505 2031 1584 2125 quia

411 2142 449 2211 in
473 2142 637 2211 inferiore
660 2146 788 2209 natura
821 2147 895 2209 est:
915 2147 1078 2210 creatura
1108 2142 1234 2234 quippe
1269 2140 1433 2226 animus,
1451 2145 1584 2210 creator

411 2256 527 2318 autom
550 2250 678 2318 Deusn
709 2249 809 2317 Trin.
830 2247 895 2317 IX.
915 2271 945 2318 c.
965 2247 1021 2318 11.
1040 2249 1105 2335 (De
1129 2247 1315 2319 identitate
1346 2249 1521 2319 essentiae
1549 2252 1584 2316 et

412 2356 726 2447 comprehensionis
742 2357 780 2424 in
795 2356 866 2425 Deo
879 2355 1047 2440 dicemus,
1059 2355 1120 2424 ubi
1136 2356 1402 2442 declarabimus,
1418 2355 1583 2449 quomodo

411 2463 507 2534 Deus
531 2464 580 2533 sit
602 2464 680 2557 ipsa
702 2463 835 2533 veritas
859 2463 1137 2552 substantialis.)

475 2572 549 2642 Iam
574 2571 607 2640 1ο
622 2595 664 2642 ex
688 2571 765 2663 ipsa
788 2571 887 2652 velut
902 2571 953 2640 rei
969 2576 1099 2640 natura
1115 2576 1152 2640 et
1167 2570 1360 2640 intrinseca
1375 2571 1514 2642 ratione
1529 2570 1583 2640 do·

409 2680 538 2772 gmatis
561 2680 698 2750 ostendi
721 2685 847 2771 potest,
866 2677 931 2748 hoc
954 2703 1058 2749 sensu
1076 2702 1176 2773 quem
1191 2679 1463 2766 deelaravimus,
1482 2677 1582 2750 intel·

408 2789 590 2878 ligandum
612 2811 687 2858 esse
719 2787 932 2856 attributum
962 2786 1419 2878 incomprehensibilitatis,
1446 2787 1583 2882 quando

408 2897 503 2966 Deus
534 2895 696 2964 infinitus
730 2895 956 2986 praedicetur
988 2895 1196 2986 simpliciter
1229 2894 1583 2985 incomprehensibilis

408 3027 492 3094 prae
516 3004 608 3071 omui
623 3003 807 3074 intellectu
824 3013 952 3074 cresto.
972 3005 1060 3074 Nam
1077 3009 1113 3091 α)
1129 3003 1582 3095 incomprehensibilitatem

408 3111 473 3181 hoc
497 3113 594 3181 modo
619 3119 808 3203 spectatam
825 3135 905 3182 vere
929 3111 1001 3182 Deo
1024 3119 1214 3204 competere
1230 3119 1266 3182 et
1278 3135 1351 3181 esse
1367 3111 1464 3180 reale
1481 3109 1581 3180 attri-

409 3219 530 3288 butum
554 3219 725 3305 divinum,
746 3228 808 3298 est,
823 3220 967 3290 evidens
990 3243 1032 3288 ex
1054 3220 1131 3311 ipsa
1154 3219 1331 3289 infinitate
1350 3219 1428 3290 Dei.
1450 3219 1485 3308 b)
1508 3217 1580 3286 Hoc

408 3327 620 3396 attributum
642 3328 708 3396 Dei
731 3327 825 3397 reale
849 3352 917 3396 non
940 3328 1022 3398 ficto
1045 3329 1181 3399 nomine
1198 3329 1258 3398 sed
1274 3329 1421 3398 maxime
1441 3327 1581 3420 proprie

408 3432 479 3502 dici
502 3436 957 3524 incomprehensibilitatem,
982 3443 1037 3506 est
1062 3437 1206 3506 evidens
1230 3460 1272 3506 ex
1296 3460 1333 3506 ro
1357 3437 1436 3528 ipsa
1460 3459 1523 3506 ssu
1539 3455 1579 3504 ex

406 3542 483 3632 ipsa
507 3544 649 3634 propria
672 3546 807 3614 ratione
830 3543 938 3613 huius
961 3545 1142 3634 attributi,
1160 3547 1339 3615 immonec
1362 3551 1480 3634 potest
1491 3541 1580 3612 illud

406 3649 555 3740 exprimi
578 3653 713 3722 nomine
737 3653 881 3744 aptiori,
900 3677 963 3723 neo
986 3653 1024 3721 in
1048 3653 1247 3745 Scriptura,
1274 3651 1442 3722 conciliis
1457 3658 1495 3721 et
1518 3651 1579 3720 Pa·

405 3754 521 3824 tribus
544 3756 615 3825 alio
638 3757 735 3826 modo
758 3759 936 3848 reperitur
959 3781 1173 3848 expressum.
1191 3757 1288 3847 Ergo
1312 3755 1450 3849 quando
1471 3756 1509 3824 in
1525 3752 1580 3821 his

407 3861 622 3935 documentis
645 3866 874 3936 revelationis
898 3867 1124 3957 praedicatur
1158 3866 1367 3958 simpliciter
1396 3866 1580 3952 incompre-

407 3971 626 4039 hensibilitas
638 3973 715 4060 Dei,
733 3979 797 4043 aut
809 3975 967 4043 omnibus
985 3973 1159 4043 creaturis
1174 3975 1281 4043 etiam
1297 3971 1434 4062 angelis
1451 3979 1490 4042 et
1505 3971 1579 4040 bea·

404 4079 453 4146 tis
476 4085 626 4168 negatur
650 4083 896 4171 comprehensio
920 4080 1005 4166 Dei,
1023 4081 1088 4151 hoc
1119 4081 1331 4151 attributum
1362 4079 1469 4171 paulo
1500 4081 1578 4145 ante

404 4185 618 4276 descriptum
641 4188 798 4278 intelligi
822 4189 935 4258 debet.
956 4187 1064 4258 Saeua
1087 4188 1349 4280 supponendum
1365 4187 1469 4270 foret,
1489 4181 1578 4278 quod

404 4313 485 4362 sane
509 4295 651 4364 admitti
673 4297 807 4388 nequit,
826 4295 1272 4386 incomprehensibilitatem
1286 4295 1351 4364 Dei
1370 4288 1578 4382 simpliciter
1704 4331 1705 4360 ι

403 4397 639 4488 praedicatam
651 4423 719 4470 non
730 4399 876 4492 proponi
889 4400 926 4469 in
939 4423 1043 4472 sensu
1060 4399 1208 4470 maxims
1223 4399 1375 4492 propriu
1394 4397 1454 4469 sed
1472 4415 1575 4468 sensu
1704 4423 1705 4434 ¹
