3262 5076
562 378 598 389 ..
623 345 681 405 487
702 379 739 391 -

66 451 114 510 ast
135 467 249 515 coram
273 449 366 534 Deo,
393 455 434 516 ut
456 447 650 517 Christiani
678 451 903 541 tranquillam
930 452 1041 520 vitam
1065 457 1175 541 agant
1198 452 1234 519 in

66 556 151 621 omni
182 557 333 645 pietate,
359 563 396 626 et
418 565 460 626 ut
482 559 526 626 ad
549 558 642 626 hunc
670 557 771 626 finem
804 561 1026 628 obtinendum
1058 561 1233 627 orationes

63 665 142 732 liant
165 689 229 754 pro
252 667 410 734 omnibus
434 666 632 735 hominibus
656 678 691 736 et
714 669 861 736 maxime
885 689 946 756 pro
969 667 1066 749 illis,
1095 667 1155 757 qui
1177 687 1235 755 po·

64 773 233 840 tissimum
257 773 425 862 impedire
449 779 513 840 aut
535 795 736 862 promovere
765 781 911 863 possunt
938 773 1235 864 tranquillitatem

64 881 163 949 vitae.
200 883 274 950 Hoc
305 891 423 950 antem
455 905 558 950 sensu
589 882 740 950 admisso
770 883 1047 970 restringeretur
1077 882 1236 972 probatio

64 989 253 1056 voluntatis
277 989 456 1058 salvificae
481 990 694 1058 universalis
709 990 753 1057 ad
771 989 845 1056 sola
870 990 976 1056 verba
991 1013 1027 1056 v.
1044 989 1116 1056 4-6.
1142 1018 1158 1052 a
1173 990 1234 1080 qui

61 1119 171 1164 omnes
196 1096 353 1164 homines
379 1096 458 1165 vult
482 1097 600 1164 salvos
624 1097 732 1164 fieriu
759 1104 848 1164 etc:
882 1096 1122 1164 antecedentia
1152 1117 1234 1165 vcro

63 1205 184 1271 v.1-3.
201 1206 271 1271 iam
296 1227 363 1272 uon
389 1212 542 1292 possent,
571 1211 610 1272 ut
626 1225 647 1270 a
663 1205 761 1271 nobis
779 1205 911 1270 factum
928 1209 995 1286 est,
1014 1202 1173 1270 adhiberi
1189 1204 1233 1272 ad

62 1311 306 1399 probationem3
326 1311 385 1379 sed
402 1311 513 1379 solum
529 1335 596 1378 non
613 1313 793 1378 obstarent
806 1310 1074 1378 universalitati
1091 1310 1233 1378 aliunde

62 1419 233 1506 probatae.
261 1417 327 1486 His
350 1417 577 1505 praemonitis
602 1417 831 1506 inspiciamus
854 1423 1075 1501 contextum,
1100 1439 1141 1485 ex
1167 1439 1234 1506 quo

62 1525 296 1615 intelligemus
331 1525 508 1593 fallaciam
547 1525 659 1613 ipsius
690 1525 932 1593 antecedentis
963 1525 999 1591 in
1030 1531 1235 1612 argumento

61 1635 225 1722 opposito.
251 1631 294 1699 In
319 1632 448 1701 verbis:
477 1661 493 1694 a
512 1634 572 1722 qui
597 1632 677 1699 vult
699 1653 814 1699 omnes
839 1632 995 1698 homines
1018 1631 1137 1698 salvos
1156 1629 1233 1698 fieri

60 1741 154 1809 etad
178 1741 396 1830 agnitionem
420 1739 585 1808 veritatis
612 1741 752 1824 venire,
779 1767 795 1800 n
821 1737 1015 1829 Apostolus
1043 1739 1175 1806 directe
1198 1743 1233 1806 et

61 1847 221 1936 explicite
236 1847 382 1936 respicit
395 1846 564 1930 infideles¹
586 1848 645 1937 qui
662 1847 813 1914 nondum
828 1853 1064 1935 pervenerunt
1076 1845 1120 1912 ad
1134 1845 1232 1935 agni-

60 1956 180 2024 tionem
207 1957 385 2042 veritatis3
405 1955 607 2024 continetur
622 1967 737 2023 autom
763 1955 799 2022 in
824 1954 901 2022 illis
924 1953 1125 2021 immediata
1140 1954 1232 2020 ratio
1297 2031 1300 2039 ¹

61 2063 156 2131 incisi
168 2063 424 2154 praecedentis:
445 2063 540 2129 «hoc
556 2071 733 2153 acceptum
751 2071 805 2130 est
821 2082 935 2130 coram
947 2057 1031 2144 Dec,
1044 2087 1060 2120 n
1079 2069 1120 2128 nt
1136 2065 1233 2149 patet

61 2192 96 2236 ex
119 2172 198 2260 ipsa
223 2173 335 2238 forma
358 2171 642 2239 constructionis:
671 2169 769 2236 ahoe
792 2169 882 2236 enim
908 2169 1027 2232 bonam
1053 2182 1101 2234 est
1125 2181 1157 2233 et
1181 2191 1233 2233 oc·

61 2293 182 2364 ceptum
207 2303 320 2344 coram
344 2279 525 2346 Solvctcre
547 2293 661 2343 nostro
683 2277 767 2358 Deo,
788 2275 940 2368 quivult
957 2299 1066 2340 omncs
1085 2275 1233 2340 domines

61 2385 161 2451 saluos
178 2386 264 2472 ,sieri
289 2400 321 2450 et
345 2384 391 2449 od
414 2387 628 2473 equitionem
651 2387 812 2450 unitatis
834 2387 988 2449 conire.»
1007 2381 1107 2448 Unde
1131 2381 1232 2472 quid·

61 2489 135 2579 qnid
162 2490 214 2557 sit
241 2488 333 2557 illud
366 2490 490 2558 bonum
515 2497 550 2556 at
573 2497 751 2578 acceptum
783 2511 897 2557 coram
924 2489 1016 2572 Dec,
1047 2493 1139 2556 certe
1162 2511 1230 2555 non

61 2605 165 2685 potest
191 2621 268 2666 case
293 2597 429 2688 aliquid
452 2598 656 2666 restrictum
680 2597 724 2665 ad
748 2597 840 2664 solos
863 2619 938 2682 eos,
967 2597 1028 2687 qui
1055 2596 1123 2662 iam
1154 2617 1229 2684 per-

62 2706 295 2774 veneruntad
318 2705 533 2795 agnitionem
559 2705 747 2790 veritatis3
773 2707 832 2774 sed
857 2706 961 2772 debet
988 2727 1065 2772 esse
1095 2701 1229 2794 aliquid

62 2815 257 2903 pertingens
281 2813 325 2880 ad
348 2835 417 2897 eos,
437 2813 497 2904 qui
513 2813 664 2880 nondum
689 2821 928 2903 pervenerunt
952 2819 988 2880 et
1011 2835 1096 2904 quos
1112 2833 1228 2879 omnes

61 2919 144 2989 Deus
161 2921 244 2990 vult
259 2923 374 2987 uenire
396 2919 442 2986 cd
466 2923 678 3008 aperitionem
702 2925 876 3002 varicottim·
899 2921 1031 2989 dicitur
1059 2919 1150 2987 enim
1172 2921 1227 2986 bo·

61 3046 132 3094 num
156 3035 192 3097 et
216 3035 396 3116 acceptum
422 3049 536 3095 coram
553 3029 624 3096 Deo
640 3030 704 3096 sub
724 3029 789 3096 hac
813 3028 949 3096 ratione
965 3033 1001 3096 et
1016 3026 1223 3110 formaliter,

61 3143 227 3224 quatenus
250 3135 331 3203 vult
354 3159 464 3201 omues
491 3139 604 3201 uenire
631 3135 677 3201 ad
700 3138 912 3224 cymitionem
938 3138 1111 3202 veritatis.
1130 3133 1226 3215 Quid

62 3241 119 3308 iam
147 3248 224 3325 est,
250 3243 340 3334 quod
364 3244 408 3308 ab
431 3241 600 3332 Apostolo
624 3241 757 3310 dicitur
787 3249 965 3332 acceptum
992 3263 1104 3311 coram
1129 3239 1227 3309 Deo'l

63 3347 94 3415 Si
114 3360 165 3420 est
187 3351 302 3420 solum
325 3351 436 3434 illud,
465 3352 555 3442 quod
578 3351 775 3419 immediate
807 3352 1002 3420 antecedit:
1031 3361 1106 3418 out
1128 3355 1224 3417 tran·

63 3459 195 3546 quillam
227 3461 336 3528 vitam
362 3481 507 3548 agamus
531 3459 568 3525 in
593 3460 684 3526 omni
708 3458 840 3547 pietate
864 3467 899 3526 ot
923 3458 1099 3542 castitate,
1120 3485 1136 3519 n
1162 3457 1226 3525 hoc

63 3565 222 3635 ardictio
249 3567 351 3634 debet
378 3566 553 3654 pertinere
580 3567 753 3632 etiamad
778 3588 835 3633 eos
860 3567 922 3657 qui
945 3565 1097 3633 nondum
1125 3585 1226 3631 vena-

64 3681 135 3739 runt
157 3673 201 3742 ad
225 3672 441 3762 agnitionem
465 3661 643 3754 veritatis,
670 3677 707 3739 et
730 3694 851 3739 sensus
874 3671 981 3739 huius
1003 3671 1108 3739 incisi
1128 3689 1224 3758 prae·

65 3779 203 3849 cedentis
225 3787 303 3848 tum
326 3780 525 3848 necessario
550 3785 615 3847 ast:
633 3787 674 3846 ut
690 3803 800 3844 omnes
819 3781 967 3845 homiues
985 3779 1094 3846 vitam
1115 3781 1225 3864 agant

67 3883 203 3954 inomni
226 3887 371 3977 pietate,
398 3909 515 3976 nempe
539 3909 604 3953 non
630 3885 741 3953 solum
764 3885 792 3953 ii
816 3887 877 3978 qui
900 3887 968 3952 iam
989 3888 1225 3973 pervenerunt

67 3992 321 4082 adagnitionem
338 3995 516 4078 veritatis,
532 3993 592 4062 sed
608 3995 712 4062 etiam
730 3995 790 4084 qui
809 3993 958 4062 nondum
974 3997 1221 4081 pervenerunt,

68 4105 101 4164 nt
120 4103 263 4171 veniant
284 4108 321 4171 et
343 4107 453 4192 agant
476 4102 586 4169 vitam
602 4101 639 4168 in
655 4102 747 4170 omni
763 4101 904 4190 pietate.
924 4098 1116 4166 Contextus
1140 4119 1224 4186 ergo

69 4210 129 4274 tun
151 4217 251 4279 esset:
269 4211 359 4278 fiant
382 4210 558 4277 orationes
581 4231 642 4298 pro
666 4208 824 4276 omnibus
849 4207 1058 4290 hominibus,
1085 4228 1147 4295 pro
1171 4227 1222 4273 ra·

72 4312 157 4399 gibus
179 4325 215 4386 et
237 4317 526 4408 magistratibus,
558 4323 599 4384 ut
627 4339 742 4384 omnes
770 4315 925 4383 homines
948 4313 1156 4405 perveniant
1178 4313 1222 4381 ad

72 4423 276 4514 tranquillam
303 4424 413 4493 vitam
436 4423 606 4513 agendum
631 4423 783 4490 inomni
808 4423 950 4512 pietate3
968 4421 1032 4490 hoo
1054 4419 1142 4488 enim
1167 4441 1223 4485 ao-
