3262 5076
909 385 947 400 -
969 353 1028 414 494
1049 383 1088 398 -

416 458 519 522 tenus
542 459 751 544 provocetur
773 456 927 546 peooatis
950 455 1139 524 hominum.
1158 453 1249 522 Vide
1262 449 1565 522 tb.XLVlI.u.ll.
1616 493 1617 498 κ

414 562 507 630 Hine
524 563 557 648 b)
571 563 707 648 dooent,
726 563 817 632 velle
839 565 950 633 Deum
966 565 1116 632 salntem
1131 568 1309 632 aeternam
1326 557 1486 641 omnium,
1504 580 1570 647 quo·

415 694 492 740 rum
516 671 591 762 ipse
615 679 752 740 creator
774 680 809 740 et
832 673 928 740 Dens
950 679 1015 741 est.
1037 671 1134 738 «1110
1158 693 1274 738 omnes
1295 690 1377 737 suos
1401 666 1480 734 vult
1500 686 1569 746 esse,
1616 721 1617 746 2

415 801 501 869 quos
524 778 682 848 condidit
704 786 740 848 et
763 779 910 868 oreavit;
929 780 1064 847 utinam
1088 785 1131 847 tu
1146 778 1248 845 homo
1271 798 1340 844 non
1363 775 1483 863 fugias
1504 777 1573 839 etto
1613 817 1617 854 ἐκ

416 885 625 955 abscondas:
643 885 706 954 ille
730 889 834 956 etiam
858 889 1037 978 fugientes
1060 886 1212 978 requirit
1228 889 1264 952 et
1287 881 1508 951 absoonditos
1521 901 1573 946 non
1616 927 1617 962 ,

417 993 497 1062 vult
520 994 664 1083 periren
691 995 850 1065 Ambros.
877 997 915 1064 in
939 997 995 1064 Ps.
1014 995 1070 1063 89.
1086 1018 1124 1062 ιι.
1141 995 1197 1062 20.
1227 992 1360 1060 «Unus
1383 989 1477 1058 enim
1498 989 1575 1054 Dens
1601 1008 1617 1127 p

416 1101 522 1170 Pater
536 1107 573 1168 et
594 1101 711 1170 Filius
727 1109 763 1170 et
786 1103 944 1194 Spiritus
968 1101 1119 1172 Sanetus
1132 1101 1285 1170 omnium
1303 1097 1483 1166 hominum
1498 1095 1574 1162 Deus
1601 1130 1617 1179 2,

415 1216 481 1294 est,
499 1215 536 1278 et
550 1209 628 1278 ideo
643 1210 741 1300 eupit
757 1233 872 1280 omnes
887 1211 1034 1297 salvari,
1054 1234 1140 1303 quos
1155 1209 1242 1279 ferit
1255 1237 1271 1272 n
1290 1205 1487 1276 Primasius
1503 1203 1536 1269 iu
1548 1203 1573 1268 1.
1602 1206 1607 1255 :

417 1313 508 1381 Tim.
525 1313 576 1380 H.
594 1315 627 1382 ὅ.
647 1313 765 1396 Quare
788 1319 821 1400 ι)
840 1316 953 1384 aiunt:
969 1323 1138 1408 quantum
1153 1314 1198 1382 ad
1224 1313 1291 1382 Dei
1307 1317 1429 1402 partes
1446 1313 1573 1398 spectat,
1616 1369 1617 1380 ,

416 1443 532 1490 omnes
555 1427 671 1490 essent
693 1421 900 1508 illuminati,
926 1447 1042 1492 omnes
1066 1423 1168 1507 iusti,
1194 1443 1313 1490 omnes
1336 1420 1434 1489 salvi
1457 1417 1492 1487 ὡς
1507 1437 1535 1478 τι
1550 1439 1575 1502 ιε
1602 1408 1617 1503 '3

417 1531 508 1594 ἀυτιυ
535 1551 640 1620 μερος,
671 1522 865 1597 intentatae
900 1531 1048 1610 ἁπαντες,
1078 1554 1129 1594 και
1160 1553 1218 1619 γαρ
1252 1525 1435 1595 dinanno
1467 1526 1578 1596 ἅπαντες
1616 1583 1617 1610 ,

417 1636 597 1725 Origenes,
614 1633 1578 1730 Chrysostomus,CyrillusAlex.,'I'heophylsotns,An·
1600 1683 1617 1731 ,3

417 1742 567 1825 brosius,
579 1743 759 1813 Paulinus.
769 1745 965 1816 Secundum
977 1745 1249 1832 haeod)dioitur
1261 1739 1579 1812 aPatribusasalus
1600 1736 1617 1827 Ι.41

416 1849 576 1940 pennula
590 1851 794 1939 denqfieium,
816 1877 983 1920 commune
999 1857 1053 1920 ιἰιι
1069 1851 1309 1941 indalpentiae
1322 1877 1339 1912 n
1358 1851 1520 1917 Ambrae.
1536 1871 1580 1910 ιι·
1616 1899 1617 1936 3

417 1954 529 2024 θολικη
547 1981 598 2022 και
621 1979 723 2044 prorsa
744 1981 876 2052 σωτηρια
891 1961 1035 2050 Didym.
1046 1961 1150 2030 Alex.
1163 1961 1263 2028 Prin.
1281 1958 1386 2047 1.27;
1407 1982 1490 2025 κιινιι
1506 1954 1579 2041 βασι·
1616 2037 1617 2043 ¹

419 2065 484 2130 λεια
509 2090 559 2130 και
582 2089 686 2154 prema
713 2091 794 2136 κοινη
809 2069 956 2159 Gregor.
975 2071 1084 2160 Nyss.
1098 2071 1136 2138 in
1150 2070 1247 2138 Eocl.
1263 2069 1356 2136 hom.
1371 2069 1445 2136 HI.
1459 2067 1492 2135 3.
1506 2065 1542 2133 Τ.
1554 2063 1576 2130 Ι.
1616 2117 1617 2152 3

417 2201 452 2266 p.
471 2175 549 2244 407.
565 2175 660 2244 Haeo
679 2200 757 2245 oum
770 2179 818 2246 sit
830 2179 1025 2248 voluntatis
1037 2179 1217 2248 salvificae
1228 2177 1441 2268 amplitudo,
1456 2178 1486 2259 e)
1497 2193 1578 2266 quae
1616 2257 1617 2262 ἵ

418 2288 504 2351 runt
519 2281 588 2350 ΡΡ.
603 2284 817 2375 frequenter,
837 2286 1008 2354 undenam
1024 2287 1100 2372 fiat,
1119 2293 1244 2354 utnon
1260 2308 1378 2353 omnes
1395 2278 1577 2352 salventur?
1616 2333 1617 2368 3

419 2389 642 2478 Respondent
665 2411 747 2458 vero
771 2398 983 2478 oonstanter,
1003 2393 1085 2462 inde
1103 2393 1140 2461 id
1156 2415 1242 2476 esse,
1261 2392 1346 2483 quia
1364 2420 1381 2454 ι
1395 2414 1467 2458 non
1483 2407 1578 2455 omnes

419 2496 581 2566 accedere
607 2498 796 2568 voluerunt
816 2529 847 2587 n,
866 2503 950 2594 quia
969 2532 985 2566 ι
1002 2501 1159 2570 homines
1183 2503 1315 2591 seipsos
1345 2498 1516 2568 fraudant
1535 2515 1577 2582 ge
1601 2560 1609 2595 ³

419 2603 532 2672 nereli
556 2604 721 2673 beneficio
736 2633 767 2688 n,
786 2606 870 2698 quie
888 2637 904 2672 ι
919 2609 987 2676 sibi
1010 2609 1098 2698 ipsis
1121 2615 1206 2676 sunt
1221 2607 1348 2689 invidi,
1367 2633 1384 2668 ι
1404 2606 1489 2697 quia
1506 2631 1521 2665 a
1536 2600 1578 2666 hu
1601 2620 1617 2695 ζἶ

420 2712 529 2780 mines
553 2712 687 2781 salvari
711 2714 848 2797 nolunt,
872 2716 968 2784 Dens
991 2722 1106 2786 autem
1130 2716 1373 2785 neoessitatem
1397 2736 1468 2782 non
1492 2711 1578 2797 impo-
1602 2726 1617 2800 ἰ

419 2819 487 2888 nit.
506 2847 521 2880 ι
540 2821 701 2889 Ambros.
720 2822 904 2908 Paulinus,
919 2823 1103 2914 Chrysost.
1116 2825 1299 2893 Oeoumen.
1319 2823 1423 2890 Hane
1447 2841 1526 2888 vero
1540 2837 1576 2884 re·
1616 2869 1617 2880 ,

421 2929 650 3018 sponsionem,
676 2931 707 2998 si
731 2930 773 3000 de
796 2932 930 3001 adultis
953 2933 1017 3000 fiat
1041 2933 1211 3024 quaestio,
1231 2931 1371 3002 saeculo
1388 2931 1435 2999 V.
1452 2949 1577 2998 eommu-
1616 2975 1617 2982 ι

421 3059 498 3105 nem
521 3037 645 3123 inisse,
671 3038 807 3108 indioat
832 3041 868 3110 S.
883 3040 1110 3131 Augustinus
1126 3041 1274 3110 Enohir.
1293 3063 1323 3108 o.
1338 3040 1396 3108 97.
1419 3069 1436 3102 ιι
1452 3035 1578 3120 Quando
1616 3098 1617 3106 ,

421 3141 620 3234 requiritur
648 3165 773 3228 eausa,
795 3173 812 3208 ι
826 3167 889 3214 ιιι
911 3169 979 3214 nou
1009 3169 1125 3214 omnes
1148 3145 1242 3214 salvi
1265 3145 1373 3228 fiant,
1399 3138 1579 3231 responderi
1616 3207 1617 3212 ,

421 3251 518 3330 soler,
537 3251 620 3342 quia
636 3251 700 3320 hoo
715 3251 785 3342 ipsi
809 3252 946 3321 nolunt.
966 3280 982 3314 n
1000 3255 1073 3322 Neo
1087 3253 1314 3343 Augustinus
1337 3250 1576 3342 responsionem
1616 3313 1617 3316 ,

422 3359 640 3450 improbabat
662 3358 733 3426 nisi
757 3382 861 3428 sensu
884 3361 1075 3452 Pelagiano
1098 3369 1292 3451 aooeptam,
1319 3360 1424 3452 qnasi
1447 3353 1578 3426 hominis

422 3471 514 3534 esset
535 3465 760 3534 naturalibus
783 3466 885 3536 liberi
909 3469 1051 3537 arbitrii
1074 3469 1212 3538 viribus
1244 3491 1280 3536 se
1303 3469 1420 3557 ipsum
1444 3467 1574 3535 salvare.

422 3571 523 3642 Unde
538 3571 583 3640 ed
599 3572 825 3642 difficultates
840 3574 882 3642 de
899 3598 1002 3643 seusu
1017 3575 1197 3644 doetrinae
1210 3573 1409 3664 Augustini
1426 3579 1504 3663 post
1517 3569 1577 3637 eius
1616 3633 1617 3658 ἶ

424 3679 557 3748 obitum
595 3685 735 3748 exortas
774 3682 984 3772 respondens
1025 3682 1252 3751 fidelissimus
1290 3681 1365 3750 eius
1390 3675 1576 3768 fdisoipulus
1616 3727 1617 3768 ,

424 3787 461 3856 S.
479 3789 628 3878 Prosper
651 3789 854 3880 Aquitanas
877 3790 993 3858 eodem
1016 3790 1114 3858 modo
1138 3797 1180 3858 ut
1201 3789 1308 3858 ceteri
1331 3787 1478 3855 PP.hae
1500 3785 1536 3852 de
1549 3801 1576 3848 re

423 3895 594 3986 loquitur,
620 3896 781 3966 adhibita
810 3905 925 3966 tamen
949 3899 1078 3990 ubique
1101 3898 1266 3988 diligenti
1290 3897 1453 3966 cautione
1475 3899 1577 3962 ronna

424 4025 557 4072 venena
580 4003 847 4094 Pelagianorum
870 4011 907 4074 et
930 4004 1298 4096 Semipelagieuorum.
1332 4003 1391 4072 Sie
1415 4000 1509 4089 (aad
1528 3997 1576 4061 Ca·

423 4113 539 4204 pitule
562 4113 744 4184 Gallorum
759 4142 776 4176 n
793 4139 829 4184 n.
844 4115 895 4200 8.)
912 4115 1111 4198 obiectioni,
1130 4113 1221 4206 quod
1237 4113 1341 4180 iuxta
1355 4107 1577 4201 Augustinum

427 4243 529 4289 enon
553 4245 669 4292 omnes
700 4223 855 4292 homines
877 4223 967 4292 velit
996 4225 1091 4292 Deus
1114 4222 1230 4292 salvos
1254 4223 1348 4305 fieri,
1374 4221 1434 4289 sed
1464 4221 1576 4286 eertum

423 4352 605 4399 numerum
629 4332 1015 4422 praedestinatorum»
1041 4333 1226 4422 respondet
1254 4333 1413 4421 Prosper,
1439 4349 1497 4395 nos
1521 4343 1574 4390 non

424 4461 523 4528 posse
539 4441 676 4534 quidem
694 4441 924 4534 perscrutari,
937 4441 1100 4533 quomodo
1115 4442 1211 4510 Deus
1226 4441 1444 4530 veliejomnee
1458 4432 1573 4504 omniuo
