3292 5062
879 405 917 420 -·
942 375 998 435 148
1020 405 1058 422 -

388 479 532 568 guetino
555 477 672 546 doceri
697 477 866 546 visionem
888 478 1159 549 intellectualem
1186 480 1296 549 omnis
1321 481 1397 550 veri
1425 481 1463 550 iu
1494 482 1563 573 pri·

388 611 444 656 ma
467 585 642 670 veritate,
663 607 750 677 quse
772 585 868 654 Dens
891 593 959 670 cet,
985 587 1119 677 pariter
1141 587 1208 656 iam
1235 588 1397 678 superins
1421 595 1477 658 est
1508 589 1564 657 ds-

389 697 634 762 monstratum.

454 801 497 870 In
520 799 614 868 hunc
631 797 765 868 modum
791 797 828 867 S.
849 797 1000 868 Thomas
1023 800 1231 869 sententiam
1244 799 1443 890 Augustini
1456 800 1564 870 intar-

388 906 811 1002 pretutur.uAngustinus
824 907 860 974 in
872 905 950 974 l.83
967 932 1023 999 qq.
1034 907 1165 1000 (qut.)
1177 908 1292 998 posuit
1304 908 1378 978 loco
1390 909 1562 992 idearum,

389 1037 476 1108 quas
488 1015 589 1082 Plato
609 1014 766 1104 ponebat,
782 1013 937 1082 rationes
955 1014 1108 1082 omnium
1128 1023 1371 1084 creaturarum
1387 1016 1424 1083 in
1449 1023 1566 1084 mente

388 1118 1565 1211 divinaexistere,secundumquasomniaiormantnr‚ctsecundum

389 1249 476 1322 quas
487 1225 592 1296 etiam
605 1225 722 1292 enimc
737 1223 889 1293 humana
901 1226 1016 1294 omnia
1032 1227 1315 1316 cognoscit.Cum
1328 1251 1411 1317 ergo
1427 1229 1565 1320 quaeri·

388 1341 461 1420 tur,
475 1344 592 1404 utrum
601 1333 717 1401 antima
729 1333 881 1402 humana
892 1333 930 1402 in
942 1335 1139 1406 rationibus
1152 1337 1305 1405 aeternis
1317 1337 1432 1405 omnia
1442 1359 1565 1426 cogno

389 1448 477 1526 scat,
496 1442 679 1512 dicendum
702 1449 776 1527 est,
792 1444 882 1535 qnod
901 1443 1037 1538 aliquid
1053 1443 1090 1512 in
1114 1445 1231 1538 aliquo
1250 1445 1382 1514 dicitur
1401 1443 1565 1534 cognosci

389 1551 591 1642 dupliciter:
603 1573 671 1620 nno
684 1553 781 1620 modo
793 1553 886 1620 sicut
897 1551 935 1620 in
948 1553 1081 1622 obiecto
1093 1555 1245 1642 cognito,
1263 1553 1357 1622 sicut
1368 1553 1501 1644 aliquis
1516 1553 1564 1618 vi-

389 1659 449 1728 det
462 1660 498 1727 in
522 1658 662 1748 speculo
684 1681 737 1744 ea,
756 1683 902 1752 quorum
918 1660 1089 1749 imagines
1105 1661 1141 1729 in
1161 1659 1301 1750 speculo
1321 1658 1513 1746 resultant
1531 1664 1565 1728 et

388 1767 453 1836 hoc
476 1767 574 1836 modo
596 1766 712 1835 anima
735 1767 771 1834 iu
795 1773 894 1836 statu
918 1767 1112 1857 praesentis
1139 1769 1235 1836 vitae
1267 1792 1335 1836 non
1365 1774 1484 1858 potest
1515 1769 1564 1834 vi·

389 1874 470 1942 dere
493 1872 608 1941 omnia
630 1873 666 1940 in
689 1873 885 1942 rationibus
909 1873 1146 1958 aeternique}
1170 1875 1221 1944 aio
1244 1873 1281 1942 in
1299 1873 1497 1942 rationibus
1512 1897 1564 1942 ae·

389 1981 500 2052 ternis
523 1987 738 2072 cognoscunt
761 1984 875 2052 omnia
898 1983 1004 2066 beati,
1030 1983 1091 2074 qni
1115 1983 1225 2050 Deum
1252 1980 1375 2050 vident
1397 1989 1434 2050 ct
1448 1981 1565 2048 omnia

389 2089 426 2158 in
450 2090 538 2180 ipso.
556 2091 640 2160 Alio
664 2092 760 2160 modo
783 2091 917 2160 dicitnr
933 2091 1068 2181 aliquid
1085 2090 1244 2180 cognosci
1269 2089 1305 2158 in
1330 2089 1447 2180 aliquo
1472 2091 1565 2157 sicut

390 2201 426 2270 in
453 2199 665 2290 cognitionis
696 2199 886 2290 principio;
913 2200 1006 2268 sicut
1036 2199 1067 2267 si
1100 2198 1276 2283 dicemus,
1303 2198 1392 2290 quod
1421 2198 1458 2265 in
1494 2197 1563 2265 sole

390 2309 557 2378 videntur
573 2329 625 2392 aa,
644 2331 732 2400 quae
757 2307 922 2376 videntur
946 2331 1007 2400 per
1031 2307 1148 2376 solem:
1167 2313 1204 2376 et
1220 2305 1271 2376 sic
1288 2329 1426 2376 necesse
1442 2313 1499 2375 cst
1515 2305 1562 2374 di·

390 2439 478 2498 cere,
504 2415 594 2508 quod
617 2415 734 2483 anima
757 2414 909 2484 humana
931 2415 1047 2482 omnia
1077 2419 1264 2504 cognoscat
1297 2414 1334 2482 in
1363 2413 1562 2482 rationibus
1637 2459 1638 2472 .

390 2524 553 2608 aeternis,
580 2545 641 2613 per
664 2547 811 2616 quarum
836 2522 1139 2612 participationem
1164 2521 1280 2590 omnia
1308 2522 1559 2612 cognoscimus.

390 2635 508 2726 Ipsum
531 2633 622 2702 enim
646 2632 761 2702 lumen
787 2629 1025 2700 intellectuale
1050 2629 1140 2723 qnod
1163 2637 1218 2699 est
1248 2629 1286 2696 in
1318 2629 1442 2715 nobis,
1468 2629 1561 2698 nihil

389 2747 445 2811 cst
466 2740 563 2808 aliud
582 2763 684 2831 quem
705 2739 873 2832 quaedam
897 2737 1111 2828 participata
1133 2735 1328 2804 similitudo
1350 2735 1499 2804 luminis
1513 2735 1560 2804 in·

390 2849 512 2930 creati,
539 2849 575 2916 in
599 2870 666 2938 quo
689 2846 913 2917 continentur
936 2845 1090 2913 rationes
1105 2851 1310 2912 aeternae...
1330 2843 1430 2925 Quod
1447 2850 1560 2912 antem

388 2956 614 3047 Augustinus
637 2979 705 3023 non
728 2956 778 3024 sic
801 2953 1036 3037 intellexerit,
1062 2953 1177 3020 omnia
1201 2954 1363 3042 cognosci
1386 2953 1423 3020 in
1456 2954 1560 3022 ratio

390 3067 494 3134 nibus
518 3063 671 3134 aeternis
695 3063 751 3132 vel
775 3063 812 3130 in
836 3061 1113 3132 incommutabili
1138 3062 1313 3146 veritate,
1340 3061 1442 3154 qnasi
1466 3061 1559 3152 ipsae

389 3173 545 3244 rationes
567 3183 727 3243 aeternae
752 3173 951 3256 videantur,
978 3175 1075 3259 putet
1098 3193 1158 3260 per
1173 3169 1249 3253 hoc,
1270 3169 1360 3261 quod
1384 3167 1459 3259 ipse
1476 3168 1560 3238 dicit

391 3280 427 3350 in
452 3279 476 3348 l.
498 3279 553 3349 bd.
580 3305 636 3372 qq.
655 3279 695 3366 (l.
714 3285 780 3367 c.)‚
808 3279 897 3371 qnod
920 3275 1109 3346 rationalis
1139 3275 1256 3344 anima
1286 3299 1353 3344 non
1386 3275 1499 3344 omnis
1527 3281 1560 3342 et

390 3407 637 3479 quoecumque,
659 3387 719 3454 sed
742 3407 829 3477 qnae
852 3389 974 3453 sancta
997 3390 1033 3452 ct
1057 3404 1146 3474 pura
1169 3383 1290 3467 suerit,
1317 3383 1492 3452 asseritur
1507 3381 1559 3452 illi
1636 3395 1637 3464 ξ

391 3493 540 3578 visioni,
566 3493 703 3562 scilicet
724 3493 898 3562 rationum
923 3498 1163 3576 aeternarum,
1189 3513 1264 3560 asse
1295 3489 1445 3574 idonea,
1472 3489 1559 3558 sicut
1636 3489 1637 3527 u

392 3601 619 3670 suntanimac
632 3603 836 3670 beatorum»
854 3597 890 3668 S.
904 3598 971 3666 Th.
989 3598 1022 3666 1.
1041 3623 1074 3688 q.
1086 3597 1142 3666 84.
1154 3599 1230 3685 u.5;
1249 3603 1371 3667 contre
1382 3600 1481 3686 gent.
1493 3593 1555 3664 ΠΙ.

392 3733 422 3780 c.
439 3711 503 3796 47;
522 3709 564 3779 de
581 3711 666 3799 spir.
686 3716 792 3778 creat.
812 3731 844 3776 a.
857 3707 911 3776 10.
931 3705 976 3776 etl
992 3707 1026 3794 83
1044 3707 1081 3774 in
1098 3705 1221 3774 Botth.
1240 3706 1282 3774 de
1298 3703 1398 3772 Trin.
1413 3725 1555 3796 prooem.

392 3817 557 3911 q.l.a.3;
576 3817 618 3888 de
642 3817 746 3888 verit.
766 3843 799 3909 q.
819 3817 873 3886 10.
892 3839 925 3884 a.
945 3813 999 3884 11.
1019 3815 1063 3883 ad
1081 3813 1136 3882 12.
1162 3821 1229 3882 eto.
