3262 5076
529 407 567 420 -
589 375 651 438 537
671 407 710 423 -

35 477 215 550 voluntate
239 481 452 567 cecideruut,
470 487 507 551 et
521 487 607 575 quio
617 485 787 572 praesciti
801 499 882 552 suut
898 489 1026 568 casuri,
1044 509 1111 554 nott
1127 500 1207 554 tunt

31 586 300 673 praeeminet,-
323 605 430 657 esteut
453 603 566 658 cutem
579 593 849 680 praedestinati,
867 595 899 660 si
915 607 1022 660 esseut
1037 596 1207 660 reversmu‘

32 707 60 758 et
83 696 122 759 in
154 699 341 764 sanctitate
370 701 538 766 mansuri:
568 720 609 768 ac
640 722 702 790 per
733 700 798 771 hoc
830 701 1105 792 praedestinatio
1140 700 1208 770 Dei

32 800 154 870 multis
178 808 234 871 ost
255 825 360 873 causa
383 805 513 891 standi,
538 805 669 874 nemini
698 814 753 876 est
786 829 894 877 causa
923 807 1076 877 labendi.
1113 835 1129 870 n
1162 807 1207 878 Iu

31 909 171 978 eandem
195 912 406 981 senteutiam
427 917 502 981 toto
526 913 599 982 iere
622 913 712 983 libro
736 914 845 984 citato
868 915 1030 1005 disputat
1050 915 1205 1006 Fulgen-

31 1017 113 1086 tius.
144 1046 163 1083 a
187 1019 325 1089 Pravus
348 1043 535 1112 numquam
559 1020 689 1114 aliquis
713 1021 796 1107 fuit,
822 1022 893 1092 uisi
917 1023 954 1091 in
985 1030 1154 1115 quantum
1185 1046 1208 1090 a

30 1123 97 1192 Deo
112 1125 289 1212 discessit;
304 1150 365 1196 neo
378 1127 614 1198 discessurum
626 1129 721 1198 Deus
735 1131 1027 1219 praedestinavit,
1044 1131 1206 1224 quamvis

30 1233 264 1303 discessurum
281 1236 435 1326 cognitio
447 1236 571 1306 divina
581 1235 870 1328 praesciverit...
885 1239 928 1307 In
941 1239 1075 1308 sanctis
1090 1238 1206 1328 igitur

31 1343 251 1430 perfecturus
273 1348 329 1412 est
349 1343 531 1430 Dominus,
558 1344 661 1438 quod,
689 1349 731 1413 ut
752 1351 868 1416 essent
891 1346 983 1432 boni,
1009 1345 1124 1436 gratis
1148 1345 1203 1415 de·

30 1449 90 1536 dit,
117 1450 213 1543 quod
235 1457 351 1521 autem
375 1451 540 1522 daturum
573 1475 610 1522 se
638 1474 713 1522 esse
747 1453 953 1544 praescivit,
991 1455 1029 1522 in
1063 1460 1206 1524 aeterna

31 1557 198 1626 bonitatis
221 1557 450 1649 dispositione
472 1560 792 1651 praedestinavit...
817 1561 926 1632 Porro
949 1568 1064 1631 autem
1085 1561 1123 1630 in
1139 1562 1205 1630 ini·

31 1664 105 1754 quis
129 1666 324 1755 puniturus
346 1673 413 1752 est,
440 1667 542 1760 quod,
569 1673 611 1736 ut
633 1674 751 1737 essent
773 1669 870 1754 mali,
901 1691 969 1737 nou
999 1667 1116 1755 dedit;
1142 1690 1205 1736 uec

30 1770 69 1838 ed
85 1773 313 1864 iniquitatem
328 1796 387 1842 eos
401 1773 556 1867 aliquam
574 1773 909 1867 praedestinavit...
928 1775 978 1844 Et
993 1775 1078 1868 quia
1093 1773 1204 1842 malae

31 1879 225 1950 voluntatis
254 1905 474 1971 perseverans
505 1885 680 1974 iniquitas
702 1882 820 1952 inulta
842 1905 1020 1952 remanere
1044 1905 1112 1951 non
1146 1883 1202 1952 de·

31 1987 114 2072 buit,
142 1989 236 2059 tales
259 1991 304 2058 ad
326 1990 512 2060 interitum
528 1991 818 2080 praedestinavit,
837 1991 921 2083 quia
937 1989 1071 2059 talibus
1087 1989 1202 2058 iustae

31 2097 225 2184 punitionis
242 2099 454 2190 supplicium
470 2099 754 2191 praeparavit...
772 2099 863 2168 Ecce
874 2099 919 2168 ad
931 2098 1023 2190 quod
1035 2097 1205 2166 Dominus

31 2203 166 2298 iniquos
189 2213 227 2276 et
249 2206 374 2297 impios
397 2207 719 2298 praedestinavit...
745 2207 805 2276 At
821 2209 1016 2288 interitum,
1034 2228 1131 2296 quem
1148 2206 1205 2270 iro

33 2317 112 2381 iusti
135 2315 266 2383 iudicis
284 2317 506 2405 peccantibus
528 2315 697 2402 reddidit,
721 2340 788 2383 non
812 2315 859 2383 ud
882 2317 1062 2382 interitum
1085 2313 1137 2400 (h.
1170 2335 1201 2381 e.

30 2417 69 2485 ad
91 2421 303 2507 peceatum),
320 2443 386 2510 quo
410 2421 605 2486 inscitum
621 2421 689 2488 Dei
699 2422 917 2510 peccantium
934 2421 1111 2510 iniquitas
1123 2441 1203 2507 pro·

32 2527 196 2592 vocavite
223 2525 248 2594 l.
266 2549 296 2594 c.
320 2548 396 2617 cap.
419 2527 476 2598 25.
498 2527 554 2598 26.
581 2529 639 2598 Ad
662 2528 905 2618 Augustinum
929 2526 1020 2618 quod
1044 2525 1202 2611 adtinet,

32 2631 173 2720 ipsemet
196 2633 412 2724 Fulgentius
437 2659 468 2706 c.
498 2637 554 2706 28.
588 2637 644 2706 29.
678 2637 904 2720 demonstrat,
939 2633 1030 2703 hauc
1060 2633 1203 2703 eandem

31 2739 99 2809 eius
122 2743 238 2811 fuisse
261 2743 456 2812 doctrinam
479 2743 521 2814 de
548 2743 749 2814 adultorum
784 2741 1027 2833 reprobatione
1060 2747 1204 2831 propter

35 2877 48 2910 t
71 2855 353 2938 perseverantem
376 2851 600 2944 iniquitatem
623 2850 735 2920 malae
758 2849 966 2920 voluntatis.
993 2875 1010 2911 n
1036 2847 1133 2917 Citat
1161 2869 1203 2916 ex

32 2957 228 3046 Augustini
253 2957 345 3026 libro
371 2958 422 3028 11.
437 2982 467 3028 c.
488 2959 543 3028 17.
575 2959 617 3030 de
633 2981 727 3049 pecc.
755 2958 872 3028 merit.
897 2963 934 3026 ct
956 2956 1093 3026 remiss.
1112 2956 1206 3026 hunc

32 3062 149 3133 locum:
181 3094 199 3130 o
222 3065 274 3134 Ut
295 3066 492 3136 innotescat
514 3067 605 3160 quod
628 3067 775 3152 latebat,
811 3072 847 3135 et
880 3087 987 3136 suave
1017 3063 1082 3134 fiat
1112 3061 1203 3156 quod

32 3193 91 3240 uon
113 3173 324 3260 delectabat,
351 3174 489 3263 gratiae
511 3175 577 3244 Dei
611 3181 679 3259 est,
717 3195 805 3267 ques
840 3173 1019 3242 hominum
1054 3171 1203 3242 adiuvat

34 3279 242 3368 voluntatem
268 3305 338 3373 qun
359 3295 489 3348 utnon
512 3281 732 3364 adiuventur,
759 3282 796 3346 in
821 3283 908 3370 ipsit
944 3278 1066 3347 itidem
1100 3303 1203 3346 cnuto

35 3403 75 3453 est
96 3415 164 3456 nou
191 3391 229 3455 iu
252 3389 336 3472 Deo,
361 3389 438 3458 eive
461 3388 650 3464 damnandi
668 3385 927 3478 praedestinati
956 3389 1030 3454 sint
1056 3401 1203 3478 propter

36 3495 253 3586 iniquitatem
275 3497 466 3586 superbiae,
491 3497 567 3568 sive
590 3503 713 3567 contra
736 3495 935 3586 superbiam
958 3495 1138 3566 iudicandi
1167 3501 1204 3564 et

35 3603 233 3690 erudiendi,
264 3603 295 3672 si
321 3603 389 3672 tilii
418 3604 491 3674 sint
523 3603 781 3673 misericordiae
786 3653 854 3672 .....
880 3601 1025 3672 Nullius
1052 3599 1201 3691 proinde

36 3709 147 3798 culpae
170 3711 340 3778 damonae
361 3715 400 3778 in
424 3712 532 3779 Deum
553 3711 688 3800 referas
705 3734 852 3794 oausam,
867 3709 1036 3779 vitiorum
1052 3729 1200 3800 namque

37 3818 181 3888 omnium
210 3817 441 3888 humanorum
472 3841 578 3889 causa
609 3819 773 3910 superbia
795 3824 860 3888 est.
885 3845 901 3880 n
927 3817 970 3886 In
993 3817 1050 3885 his
1081 3815 1199 3886 verbis

36 3923 223 4014 Augustini
239 3929 354 3996 monet
368 3925 582 4016 Fulgentius
598 3926 789 4016 diligenter
812 3925 1027 3994 advertenda
1050 3946 1125 3992 esse
1148 3947 1200 3993 se·

38 4035 182 4120 quentia.
210 4063 228 4099 u
244 4034 400 4105 Primum
424 4041 557 4104 utnon
580 4035 737 4104 homines
764 4035 979 4103 adiuventur
1002 4053 1025 4099 a
1046 4031 1138 4116 Deo,
1163 4031 1202 4099 in

37 4137 115 4227 ipsis
136 4165 244 4214 causa
266 4165 340 4212 esse
363 4141 499 4212 dicitur
520 4167 589 4212 nou
612 4144 650 4211 in
673 4143 769 4230 Dco;
798 4140 921 4210 deiude
948 4139 1032 4230 quia
1058 4144 1201 4229 propter

41 4243 250 4340 iniquitatem
263 4250 446 4341 superbiae
458 4249 713 4341 praedestinati
725 4249 892 4318 dicuntur
903 4245 1202 4337 damnandi,quod

41 4359 181 4442 pertinet
202 4358 246 4428 ad
271 4357 466 4443 indicium,
492 4380 561 4426 uon
591 4355 825 4448 depravandi,
860 4353 950 4446 quod
981 4353 1135 4444 pertinet
1156 4352 1201 4421 ad

43 4475 220 4555 peccatum
245 4465 352 4536 tertio
374 4463 480 4534 etiem
503 4463 697 4551 considera,
726 4463 810 4555 quie
831 4459 966 4532 nullius
989 4459 1112 4552 culpae
1138 4459 1201 4528 hu·
