3454 5068
603 373 780 434 -541-

569 655 713 716 THESIS
734 655 803 716 LV.

201 781 302 844 Nulla
322 782 529 846 admittenda
549 789 596 842 est
616 781 803 843 antecedens
826 755 977 859 negativa
998 776 1177 856 reprobatio

543 898 565 942 a
584 883 657 942 vito
677 887 824 942 aeterno.

171 1099 184 1127 ι
199 1069 267 1134 tisim
281 1078 396 1134 adserta
409 1081 561 1134 voluntate
574 1079 636 1147 Dei,
651 1083 684 1133 ut
697 1093 792 1133 omues
804 1077 933 1132 homiues
947 1075 1023 1130 salvi
1036 1073 1108 1128 flant
1126 1075 1157 1126 et
1174 1073 1275 1126 nullus

110 1189 121 1216 ι
141 1183 233 1220 eorum
246 1171 356 1236 pereat,
372 1183 464 1236 neque
477 1169 551 1222 satis
564 1168 714 1222 conciliari
727 1181 810 1234 posse
823 1163 941 1219 videtur
957 1163 1119 1231 reprobatio
1139 1160 1275 1228 nepetino

109 1277 121 1306 n
140 1273 157 1310 ι
173 1258 268 1323 glorta
285 1259 413 1325 coelesti,
428 1273 512 1326 quum
530 1259 629 1326 plures
649 1258 776 1324 theologi
792 1255 975 1310 antecedenti
987 1254 1040 1308 Dal
1059 1252 1208 1308 voluntati
1227 1247 1274 1304 atl-

108 1366 120 1394 ι
139 1346 316 1402 scribendam
335 1351 623 1402 caesareanorum.»

168 1550 324 1620 Primum
346 1551 385 1620 in
408 1550 474 1621 hac
496 1552 590 1622 thasi
612 1553 803 1623 referemus
831 1553 991 1623 diversas
1020 1547 1273 1619 catholicorum

109 1657 347 1748 theologorum
370 1659 561 1728 sententias
584 1659 626 1728 de
648 1659 861 1727 antecedente
883 1658 1121 1748 reprobatione
1139 1657 1275 1744 nepoti·

106 1790 158 1848 oa,
182 1789 286 1858 quam
310 1765 456 1854 dicuut;
485 1773 560 1836 tum
589 1789 671 1837 vero
693 1790 736 1836 ex
759 1767 921 1837 doctriua
945 1765 1208 1854 seripturarum
1232 1761 1276 1830 de

107 1873 319 1940 antecedente
341 1873 525 1944 voluntate
541 1873 619 1960 Dei,
637 1881 679 1944 ut
693 1898 809 1944 omnes
828 1873 984 1943 homines
1007 1872 1100 1941 salvi
1122 1871 1222 1954 fiant,
1238 1872 1276 1938 et

106 2003 144 2050 cx
166 1981 314 2050 Petrum
336 1980 634 2072 explicationibus
663 1981 863 2051 huiusmodi
887 1981 1159 2070 reprobationem
1173 1987 1274 2043 'onte-

107 2087 268 2156 oedentem
291 2089 425 2158 unllam
448 2089 592 2162 admitti
621 2112 720 2180 posse
751 2087 1077 2158 demonstrabimus.
1103 2081 1275 2168 Quamvis
1325 2161 1328 2168 ,

104 2196 139 2264 in
162 2197 227 2267 hac
250 2197 399 2266 materia
413 2196 507 2268 sicut
529 2198 567 2265 in
590 2197 766 2286 capitibus
784 2196 948 2266 connexis
972 2195 1014 2264 tle
1037 2191 1274 2285 praedestina-

106 2303 207 2392 tione,
225 2305 268 2374 de
284 2304 404 2396 gratia
418 2311 456 2375 et
469 2305 580 2374 libero
594 2303 743 2374 arbitrio
759 2327 875 2374 omnes
892 2301 1066 2372 Catholici
1081 2304 1275 2391 agnoscant

105 2413 205 2502 plura
220 2413 424 2484 authentice
446 2414 593 2484 definita
608 2416 652 2483 ab
666 2413 838 2499 Ecclesia,
857 2419 961 2506 abque
976 2412 1014 2480 in
1030 2412 1088 2481 his
1110 2411 1178 2480 fide
1202 2431 1274 2478 cre-

105 2521 223 2592 dendis
247 2522 297 2592 sit
318 2522 495 2591 unanimis
526 2522 678 2591 omnium
709 2544 920 2608 cousensus;
950 2525 1035 2590 sunt
1061 2524 1178 2588 tamen
1205 2539 1274 2586 non

103 2651 222 2720 pauca,
242 2651 330 2722 quae
346 2630 517 2715 Ecclesia,
534 2630 639 2702 etiam
655 2631 715 2700 ubi
727 2629 772 2698 ad
783 2630 859 2698 eius
875 2629 1045 2700 iudicium
1056 2625 1274 2717 appellatum

104 2745 165 2823 est,
192 2739 230 2806 iu
254 2738 463 2808 alterutram
486 2743 621 2829 partem
645 2738 790 2807 definire
818 2737 946 2822 noluit,
972 2741 1008 2805 et
1030 2737 1068 2804 iu
1091 2733 1148 2801 his
1172 2733 1274 2802 salva

102 2845 167 2914 tide
193 2852 230 2915 et
257 2845 434 2916 charitate
458 2850 669 2936 potestesse
694 2845 814 2937 aliqua
842 2845 1043 2936 opinionum
1067 2842 1271 2914 diversitas.

102 2951 197 3022 Inter
221 2953 288 3022 hes
310 2960 429 3023 autem
452 2953 631 3043 opiniones
646 2954 803 3044 profecto
825 2974 867 3022 ea
890 2952 1064 3044 sequenda
1086 2957 1160 3034 est,
1187 2971 1274 3040 quae

103 3082 176 3129 oum
207 3061 421 3130 veritatibus
450 3061 619 3132 revelatis
643 3061 699 3130 vel
723 3059 908 3151 principiis
938 3057 1134 3148 theologice
1167 3055 1274 3126 certis

104 3166 264 3238 cohaeret
286 3173 323 3237 et
345 3191 387 3237 ex
411 3169 457 3236 iis
481 3191 565 3237 vera
589 3167 821 3238 demonstrari
837 3171 964 3258 potest,
985 3165 1198 3255 seponendae
1214 3185 1274 3231 au-

101 3275 166 3340 tem
182 3277 269 3342 sunt
284 3272 475 3362 opiniones,
496 3293 584 3364 quae
600 3271 657 3342 vel
673 3272 737 3340 uui
761 3271 934 3362 principio
956 3270 1152 3360 theologice
1176 3274 1272 3339 certo

102 3381 338 3450 contradicere
361 3380 455 3450 clare
479 3362 784 3469 osteudi'poesint.

165 3488 223 3556 Ad
248 3487 371 3556 seriem
393 3487 505 3556 totius
527 3487 753 3556 tractationis
782 3486 872 3578 quod
896 3490 1050 3576 spectat,
1076 3482 1272 3554 obiectivus

103 3593 182 3662 ordo
198 3618 316 3664 rerum
332 3595 512 3684 postulare
530 3596 667 3684 quidem
683 3594 876 3677 videretur,
892 3599 935 3661 ut
950 3592 1100 3682 primum
1116 3592 1158 3659 de
1175 3611 1274 3680 prae·

101 3699 332 3771 destinatione
355 3709 391 3771 et
413 3702 494 3770 dein
517 3703 559 3771 de
583 3702 825 3792 reprobatione
850 3707 1027 3791 ageretur.
1046 3702 1097 3768 At
1116 3721 1211 3782 vero,
1231 3704 1274 3767 nt

101 3810 261 3899 superius
291 3809 429 3893 monui,
455 3809 539 3916 quia
560 3833 602 3879 ex
626 3809 812 3900 principiis
835 3810 878 3878 de
900 3808 1125 3876 antecedente
1150 3805 1273 3874 volun·

98 3921 169 3986 tate
185 3917 348 3986 salvifica
364 3918 433 3985 iam
449 3915 697 3986 demonstratis
720 3916 914 3986 clarissime
937 3914 1036 3982 nobis
1059 3913 1159 4005 sequi
1177 3913 1272 3982 vide·

103 4027 173 4108 tur,
199 4023 285 4115 quid
308 4023 350 4093 de
373 4023 614 4112 reprobatione
637 4022 856 4091 sentiendum
879 4020 939 4105 sit,
965 4028 1001 4089 et
1023 4025 1152 4088 remoto
1183 4019 1274 4088 falso

104 4139 271 4221 conceptu
293 4129 549 4219 reprobationis
572 4129 740 4198 facillime
764 4129 1023 4197 demonstratur
1038 4147 1123 4196 vera
1138 4133 1272 4196 seuten-

99 4235 149 4302 tia
172 4237 214 4306 de
238 4236 578 4328 praedestinatione;
605 4243 789 4327 propterea
812 4235 932 4304 ordine
956 4234 1098 4303 inverso
1121 4235 1272 4323 primum

100 4345 297 4434 quaerimus
319 4345 356 4414 in
381 4345 446 4414 hac
468 4345 563 4415 thesi
586 4345 628 4414 de
651 4345 912 4435 reprobatione,
938 4350 974 4412 et
997 4343 1274 4411 demonstremus

99 4450 289 4522 falsitatem
303 4453 488 4544 opinionis,
508 4475 688 4546 quaecum
705 4452 879 4522 sententia
895 4451 937 4520 de
954 4449 1272 4542 praedestinatione
