3224 5068
537 377 575 392 ..
596 343 657 407 325
678 381 716 393 -

56 449 162 520 tudine
184 451 231 520 ad
260 449 366 520 solam
395 449 564 520 essentiae
589 474 672 522 suae
695 453 1034 543 participationem»
1061 451 1209 542 Dionys.

55 558 115 626 div.
132 581 224 626 nour.
242 581 273 628 c.
289 559 323 627 4.
344 565 376 641 ἓ.
396 558 429 626 1.
446 560 481 627 4.
500 560 564 647 (1).

109 667 151 735 1·.
174 667 243 735 Est
265 666 378 756 igitur
400 667 495 736 Deus
517 689 687 736 summum
710 669 837 738 bonum
864 669 1023 759 omnibus
1045 674 1087 737 ut
1110 692 1214 734 cauea

54 776 257 864 sumplus-ir,
283 775 436 865 efficiens
447 825 457 858 ,
484 800 681 843 concauam
704 779 815 846 omnis
839 778 936 862 boni,
965 777 1055 868 quod
1080 781 1134 845 eet
1158 775 1214 845 vel

53 905 115 952 ease
135 889 252 973 potest
274 891 412 973 praeter
428 886 543 974 ipsum
567 909 737 954 summurn
762 887 900 954 bonum.
918 886 1007 956 Nam
1023 885 1107 976 quia
1124 886 1162 952 in
1179 907 1216 953 se

54 991 116 1078 ipso
130 992 255 1060 bonum
268 999 323 1060 est
338 991 540 1062 absolutum
556 999 592 1060 et
607 991 644 1059 in
662 1015 697 1060 se
714 991 902 1082 praehabet
918 995 1101 1060 eminenter
1117 1013 1215 1060 omne

55 1097 176 1183 bonurn,
191 1098 284 1190 quod
299 1121 373 1168 csse
389 1105 505 1188 potest
519 1121 581 1189 per
597 1099 913 1189 participationem;
928 1099 1005 1168 ideo
1019 1105 1074 1168 est
1089 1100 1213 1167 bonum

55 1204 250 1275 diffusivum
275 1207 332 1274 sui
355 1207 461 1274 etiam
484 1206 529 1275 ad
552 1211 672 1291 extra,
700 1207 737 1274 in
761 1213 843 1274 actu
870 1207 981 1298 primo
1012 1206 1150 1298 quidem
1173 1227 1216 1274 ex

56 1313 120 1400 ipsa
141 1314 335 1382 intrinseca
357 1337 422 1382 sua
447 1320 587 1399 natura,
606 1314 643 1382 in
666 1320 748 1384 actu
766 1337 847 1382 vero
864 1315 1013 1384 secundo
1029 1315 1140 1382 libera
1156 1336 1217 1382 vo·

56 1415 190 1501 luntata,
205 1440 295 1508 quae
312 1417 440 1486 iterum
452 1425 506 1487 est
518 1419 596 1508 ipsa
608 1419 744 1487 bonitas
757 1419 820 1508 (2).
838 1419 1067 1487 «Perfectum
1083 1417 1217 1485 dicitur

56 1523 206 1592 etomnia
218 1523 257 1592 in
273 1547 310 1594 se
325 1525 400 1616 ipso
415 1526 629 1616 praehabens
646 1533 683 1595 ct
696 1527 889 1595 exuberans
906 1525 1094 1594 secundum
1112 1545 1217 1593 unam

57 1629 283 1706 incessabilem
305 1637 342 1700 et
365 1632 506 1701 eandem
530 1637 565 1700 et
588 1633 829 1722 superplenam
850 1639 887 1705 ct
909 1655 1095 1724 numquam
1117 1633 1217 1701 dimi-

58 1743 161 1804 nutam
172 1737 392 1828 largitatam,
407 1761 583 1830 perquam
598 1741 711 1808 omnia
726 1741 882 1826 perfecta
893 1739 1044 1829 perficit,
1058 1746 1094 1808 et
1110 1739 1218 1807 adim-

59 1841 118 1930 plet
138 1845 353 1934 perfectione
376 1847 529 1937 singulis
553 1869 708 1936 congrua
722 1874 738 1909 n
753 1847 900 1936 Dionys.
917 1847 990 1916 div.
1005 1870 1096 1914 nom.
1112 1869 1142 1914 c.
1160 1845 1215 1913 13.

59 1955 84 2028 ἐ.
100 1949 128 2018 1.
145 1951 242 2022 Haeo
266 1973 349 2022 vero
371 1953 517 2042 largitio
540 1961 594 2023 est
620 1959 788 2044 perpetua
810 1961 846 2023 et
869 1953 1108 2038 incessabilis,
1137 1975 1216 2021 cnm

59 2063 119 2124 tota
139 2060 232 2128 ratio
248 2061 459 2130 existentiae
474 2062 555 2130 boni
570 2061 775 2151 participati
792 2083 834 2129 ex
851 2060 929 2151 ipsa
947 2061 1012 2128 illa
1027 2059 1220 2148 largitione

61 2165 108 2248 sit,
131 2167 278 2258 ipsique
301 2167 480 2237 desinente
494 2175 607 2237 toturn
624 2169 715 2260 quod
731 2175 796 2253 est,
815 2169 858 2235 ab
879 2167 1016 2237 ultimis
1040 2165 1221 2236 elementis

61 2275 287 2344 materialibus
303 2297 412 2366 usque
427 2276 472 2344 ad
489 2299 666 2366 supremos
682 2276 830 2365 spiritus
843 2281 878 2344 et
890 2276 934 2344 ad
949 2275 1060 2364 ipsam
1074 2275 1221 2343 sanctis-

61 2379 165 2450 simam
187 2381 328 2452 Christi
349 2382 601 2452 humanitatem
625 2383 789 2453 continuo
811 2405 885 2452 esse
909 2383 1093 2452 desineret.
1112 2383 1222 2451 Porro

62 2487 129 2576 quia
139 2489 225 2560 hacc
237 2490 354 2558 omnia
367 2491 455 2559 bona
469 2499 563 2578 sunt,
576 2497 748 2583 quatenus
760 2490 977 2581 participant
987 2494 1024 2558 et
1035 2489 1221 2560 imitantur

63 2593 234 2666 bonitatem
247 2597 444 2666 absolutam
461 2605 502 2668 ut
514 2597 674 2667 divinum
689 2597 877 2686 exemplar,
892 2617 998 2688 eoquo
1012 2601 1095 2663 sunt
1108 2596 1222 2685 magis

63 2699 146 2789 bona,
171 2727 239 2796 quo
263 2705 408 2796 propius
430 2705 475 2774 ad
498 2705 597 2774 illam
620 2704 932 2794 supereminentem
948 2703 1136 2772 bonitatem
1166 2725 1221 2773 ac·

64 2808 185 2900 cedunt;
205 2813 285 2881 ideo
308 2811 395 2882 haec
417 2813 496 2903 ipsa
519 2819 572 2883 est
595 2835 758 2882 mensura
781 2813 891 2880 omnis
908 2811 1000 2880 boni:
1021 2811 1223 2880 sicutenim

64 2937 168 2985 verum
183 2925 342 2989 creatum
358 2943 395 2988 se
410 2920 515 2990 habet
526 2921 570 2990 ad
583 2921 725 2990 divinas
737 2921 833 2988 ideas
846 2924 969 3009 (supra
979 2918 1033 2986 th.
1048 2917 1220 2984 XXVIII.

65 3045 92 3090 n.
105 3025 177 3111 IL),
192 3027 247 3096 ita
258 3027 386 3096 bonum
401 3029 652 3118 participatum
668 3035 811 3096 eatenus
827 3032 881 3096 est
897 3028 1033 3111 bonum,
1050 3031 1224 3117 quatenus

66 3135 236 3224 respondet
271 3135 391 3206 divino
426 3136 635 3227 exemplari,
669 3137 809 3206 divinae
846 3137 986 3227 inquam
1017 3133 1224 3225 perfectioni

67 3238 217 3314 imitabili
241 3243 287 3313 ad
310 3249 423 3314 extra.

120 3529 205 3605 (ll'fl
226 3554 274 3596 της
294 3554 397 3589 παντων
423 3531 543 3588 insarno
562 3529 693 3593 θιοθητος
715 3527 858 3602 ripoinum
877 3528 930 3584 ciero
959 3551 1005 3582 των
1026 3525 1163 3582 densaret
1183 3549 1225 3581 και

70 3623 237 3688 arrodantur
260 3623 351 3678 ivetae
371 3619 436 3696 ἄχρι
450 3644 497 3676 rur
516 3620 637 3694 ὶσχατων
655 3626 743 3686 brunes,
762 3643 805 3674 και
826 3617 863 3674 ἔτι
887 3619 952 3692 ὕπερ
974 3639 1063 3680 πασας
1079 3617 1144 3682 ἔστι,
1157 3638 1225 3690 μητε

70 3729 107 3760 aar
124 3711 170 3765 u'rn
188 3713 345 3786 φθανρυσων
370 3711 453 3774 doru<
474 3734 520 3770 την
541 3712 689 3784 inspexere,
710 3732 778 3782 μητε
801 3731 847 3762 των
868 3731 936 3763 auru
959 3731 1005 3768 την
1025 3728 1150 3780 περιοχην
1171 3711 1227 3760 δια·

71 3797 223 3861 deivocatus..
233 3803 289 3866 Ἐις
305 3803 318 3857 o'
340 3824 374 3856 τα
392 3823 482 3857 carru
501 3801 695 3874 interpreatur,
714 3799 836 3871 καθαπερ
855 3797 892 3861 εἰς
913 3799 1005 3853 irritor
1020 3797 1228 3868 iuraturasque,

71 3891 145 3944 tario
163 3889 262 3966 iprrrar
288 3913 394 3956 ταντα,
413 3913 513 3964 ταμεν
533 3912 671 3960 respuant
691 3897 789 3961 haynau
809 3910 973 3961 γνωστικως,
993 3909 1027 3940 τα
1062 3883 1228 3944 dirissima
1326 3905 1332 3921 ·

73 3970 224 4047 αἰσδητιιυς,
244 4003 279 4036 τα
298 3985 324 4035 δε
343 3976 495 4042 distentae
515 3978 617 4053 ἄμοιρα
631 4001 663 4050 τῃ
677 3977 781 4051 ε’μφυτῳ
798 3999 896 4036 resnou
918 3996 964 4038 της
980 3974 1091 4048 (urrant
1108 3975 1228 4046 ἐφεσεως,

75 4068 215 4140 subsidua
235 4093 278 4124 rar
292 4091 372 4141 μονον
386 4067 449 4124 ὄντα
463 4091 495 4142 τῃ
515 4091 577 4140 προς
597 4090 677 4140 perne
698 4089 744 4126 την
765 4065 874 4125 incluta
894 4065 1004 4137 μεθεξιν
1025 4064 1228 4124 intentatorum.

126 4153 161 4228 (²)
175 4159 420 4213 «communicatio
433 4157 587 4230 seeundum
600 4157 742 4210 rationem
755 4156 933 4210 habitualem
947 4153 1113 4209 attendItur
1133 4169 1229 4207 sccun-

80 4239 131 4295 lm
147 4247 317 4316 multatam,
341 4250 410 4315 quia
428 4249 533 4301 bonum
554 4250 608 4314 est,
631 4247 707 4314 quod
728 4254 825 4298 notam
845 4252 883 4296 ert
904 4261 932 4296 se
950 4245 1168 4306 communicem
1189 4257 1230 4295 se-

79 4333 337 4394 sutentationem
357 4355 424 4394 vero
443 4339 582 4392 actualem
602 4335 773 4402 attenditur,
795 4335 870 4388 sicut
893 4334 1014 4402 respicit
1033 4335 1227 4400 voluntatem

82 4423 137 4484 luia
158 4429 228 4484 emin
248 4431 322 4498 vult,
344 4429 408 4484 ideo
427 4430 522 4482 tacite
537 4427 565 4482 S.
577 4428 684 4481 Bonas.
700 4427 731 4478 iu
746 4427 771 4478 1.
785 4424 853 4478 dist.
866 4426 892 4476 2.
907 4441 932 4478 a.
945 4425 971 4480 3.
987 4441 1015 4491 q.
1025 4425 1051 4478 2.
1063 4423 1098 4476 ad
1112 4423 1139 4474 3.
