3280 5070
610 371 647 383 ..
669 337 729 400 599
750 371 788 383 ..

103 443 222 512 Deum
240 463 324 533 erga
339 465 457 514 omnes
472 442 627 512 homines
643 444 770 513 habere
786 443 1005 512 voluntatem
1018 442 1287 510 conditionatum

105 549 313 618 conferendi
336 549 447 619 vitam
470 555 659 635 aeternam,
685 552 717 620 si
740 551 877 620 scilicet
898 550 967 640 ipsi
991 556 1180 640 praestent,
1196 551 1287 641 qnod

104 658 154 724 ab
178 657 230 725 cis
251 656 430 746 exigitnr3
457 679 545 749 quse
568 657 734 726 voluntas
757 680 824 725 non
849 663 903 726 est
925 656 1098 744 absoluta,
1115 657 1187 726 nisi
1203 682 1286 748 qua-

106 779 210 830 tenus
233 762 384 830 conditio
407 768 615 854 supponitur
638 765 792 854 impleta.
878 804 879 807 =

179 871 261 940 ideo
285 871 319 958 b)
344 871 468 940 electio
490 871 534 938 ad
551 871 663 940 vitem
680 877 855 940 aeternam
871 871 1057 940 exhibetur
1072 872 1110 939 in
1127 870 1286 961 Scriptu-

104 979 163 1048 ris
186 984 362 1071 tamqnam
386 985 605 1070 suspensaet
619 978 767 1064 incerta,
785 977 891 1048 donec
906 985 1123 1069 supponatur
1145 979 1288 1069 impleta

105 1085 266 1154 conditio
288 1087 452 1155 bonorum
476 1108 630 1176 operum,
656 1086 731 1152 sine
755 1108 824 1177 qna
845 1084 969 1154 electio
999 1108 1068 1153 non
1098 1091 1201 1154 esset.
1235 1085 1287 1153 Re

106 1194 203 1262 enim
227 1216 313 1263 vera
335 1193 449 1286 quoad
471 1215 535 1263 nos
558 1200 612 1262 est
634 1192 781 1277 ineerta,
809 1192 893 1284 quia
915 1193 1014 1261 nobis
1039 1194 1154 1262 futuri
1185 1198 1287 1261 aetus

106 1301 217 1370 liberi
239 1307 324 1371 suut
345 1301 460 1370 adhuc
483 1300 758 1386 indeterminati,
776 1305 812 1370 et
834 1323 1018 1390 possumus
1041 1323 1104 1369 nos
1128 1299 1287 1368 determi-

106 1431 197 1479 nare
221 1409 265 1478 ed
289 1407 498 1478 utrumlibet
520 1409 564 1478 ad
587 1409 712 1477 bonum
735 1430 796 1498 per
820 1408 972 1498 gratiam
995 1408 1072 1492 Dei,
1098 1408 1144 1476 ad
1160 1407 1289 1475 malum

106 1539 174 1608 per
196 1515 344 1622 liberem
366 1515 585 1586 voluntatem
608 1515 748 1602 nudem,
774 1521 811 1584 et
827 1515 1015 1584 secundum
1030 1515 1121 1584 hanc
1137 1515 1289 1584 indeter-

88 1625 336 1694 ¹minationem
348 1624 542 1716 loquuntur
555 1623 760 1713 Scripturas
773 1625 841 1711 (cf.
856 1629 1017 1714 utsupra
1029 1647 1063 1713 p.
1078 1623 1157 1692 451.
1168 1629 1251 1692 nota
1260 1627 1286 1710 ).

106 1733 183 1803 Deo
206 1739 326 1804 eutem
345 1739 466 1802 nostra
488 1733 613 1802 electio
636 1739 692 1802 est
707 1733 831 1825 utique
847 1738 944 1801 certe
961 1733 998 1797 in
1015 1731 1290 1799 incommutabili

101 1843 355 1931 praescientia,
380 1841 442 1932 qui
465 1841 588 1909 futura
610 1840 771 1909 intuetur
794 1845 836 1908 ut
858 1839 1058 1930 praesentia
1080 1845 1116 1908 et
1129 1839 1188 1908 cui
1206 1841 1288 1908 «fn-

107 1955 196 2018 tnra
209 1949 280 2016 iam
292 1950 388 2018 facta
403 1955 512 2018 sunto
525 1951 647 2038 (supra
662 1947 715 2016 th.
726 1947 880 2016 XXXII.
891 1946 1027 2016 XLIII.
1037 1971 1073 2017 n.
1084 1947 1168 2034 ΠΙ).
1187 1947 1287 2016 «Μα-

108 2055 169 2146 gis
192 2055 358 2146 satagite,
384 2061 426 2125 ut
444 2080 509 2146 per
534 2057 621 2122 bona
644 2079 747 2145 opera
771 2070 896 2122 certam
918 2071 1066 2126 nestram
1080 2058 1288 2124 occationem

110 2179 145 2232 et
169 2165 362 2231 electionem
381 2163 535 2253 faciatis
551 2190 568 2226 n
585 2163 619 2230 2.
637 2163 712 2232 Pet.
732 2163 762 2233 I.
783 2163 840 2232 10.
861 2191 878 2228 a
898 2165 983 2232 Tene
1005 2162 1097 2256 qaod
1121 2165 1233 2246 hader,
1250 2178 1290 2230 ut

108 2296 205 2339 eremo
229 2273 382 2362 accipiat
405 2295 561 2339 coronam
578 2287 672 2338 taam
688 2299 705 2335 n
723 2273 792 2362 Ap.
809 2272 877 2340 III.
893 2273 948 2340 11.
967 2301 983 2336 u
999 2273 1090 2342 Vide
1106 2295 1232 2362 ergo...
1251 2271 1289 2339 in

107 2387 147 2449 te
169 2380 358 2448 bonitatem
381 2381 459 2466 Dei,
484 2385 517 2447 ei
535 2385 765 2470 permanseris
787 2383 826 2447 in
843 2381 1008 2463 bonitate,
1026 2381 1187 2473 alioquin
1203 2395 1235 2448 et
1252 2395 1289 2447 tec

111 2485 295 2570 ceciderim
306 2487 366 2557 sed
377 2494 416 2556 et
426 2486 484 2555 illi
500 2490 534 2556 ei
548 2512 615 2555 nce
624 2490 879 2578 permanserint
895 2491 932 2553 in
949 2487 1213 2570 incredulitate,
1235 2490 1288 2553 in·

109 2611 265 2662 eereetm
279 2622 294 2658 n
309 2596 408 2665 Rom.
423 2595 488 2666 XI.
503 2597 559 2666 22.
574 2596 630 2665 23.
645 2596 699 2665 cf.
719 2595 752 2663 1.
769 2595 846 2664 Gor.
868 2595 934 2663 IX.
957 2595 1020 2682 27;
1042 2596 1129 2666 Heb.
1150 2619 1200 2664 cc.
1216 2595 1284 2664 ΠΙ.

109 2703 222 2792 etIV;
237 2705 283 2772 X.
301 2704 417 2774 35-39.
435 2705 532 2795 Ergo
547 2705 676 2772 iterum
692 2703 815 2774 electio
831 2711 868 2774 et
882 2703 1158 2794 praedestinatio
1175 2704 1219 2772 ad
1235 2705 1287 2773 vi·

109 2815 184 2878 tam
206 2815 384 2881 aeternam
407 2811 568 2880 absolute
590 2833 659 2878 non
683 2817 747 2892 est,
773 2810 845 2878 nisi
861 2816 1112 2902 consequenter
1128 2810 1173 2878 ed
1190 2833 1286 2900 prae-

110 2918 283 2988 visionem
306 2918 467 2987 finelium
490 2919 655 2988 bonorum
680 2940 832 3009 operum.

178 3030 208 3112 c)
230 3026 450 3117 Diligentius
473 3026 698 3118 expendenda
720 3032 775 3095 est
797 3025 924 3094 ultima
954 3025 1129 3094 sententia
1159 3023 1301 3094 indicis.
1366 3065 1369 3072 Δ

110 3135 450 3224 praedestinatorum
472 3141 508 3204 et
534 3136 771 3226 reproborum.
793 3133 1005 3203 «Venite...
1026 3131 1197 3223 possidete
1225 3156 1286 3220 pc·

110 3255 226 3307 ratum
248 3243 341 3308 codic
364 3265 505 3332 requiem
529 3266 551 3307 a
574 3246 816 3309 constitutione
837 3240 972 3324 mandi·
988 3243 1116 3308 esuriei
1136 3242 1237 3322 enim,
1255 3255 1288 3307 et

112 3345 256 3414 dedistis
278 3348 365 3412 miei
379 3347 584 3414 manducare
601 3375 617 3410 e
636 3353 702 3417 etc.
721 3347 850 3416 Matth.
870 3347 986 3418 XXV.
999 3347 1055 3416 34.
1071 3370 1146 3439 sqq.
1161 3347 1204 3415 In
1219 3346 1285 3416 hac

111 3453 285 3522 sententia
307 3453 437 3524 iudicis
460 3455 646 3524 manifesto
669 3477 775 3546 opera
798 3457 886 3524 bona
909 3455 1120 3524 exhibentur
1146 3462 1187 3524 ut
1216 3477 1285 3522 mo·

111 3559 237 3646 tivum,
263 3569 406 3652 propter
429 3561 520 3654 quod
543 3562 647 3630 detur
669 3561 791 3631 electis
810 3590 826 3626 u
846 3561 1022 3652 possidere
1050 3574 1215 3651 paratam
1240 3563 1288 3626 eie

112 3818 141 3868 et
159 3815 197 3868 iis
218 3817 267 3884 qui
288 3815 416 3882 diligunt
435 3815 589 3870 adventum
615 3817 904 3873 sternumento.
922 3819 1059 3873 uPascite
1083 3820 1182 3886 quiin
1205 3817 1287 3872 vobis

112 3907 164 3972 sat,
186 3919 300 3972 gregem
321 3905 407 3958 Dei...
417 3902 628 3978 formabunt)
638 3905 717 3973 sceti
728 3907 837 3973 preyta-
852 3911 953 3960 etcum
968 3907 1135 3974 apparuerIt
1153 3907 1287 3974 princepe

112 3997 265 4062 pastorum,
276 3997 699 4062 percipietieimmereeece'te'lem
710 3997 822 4064 pieriae
835 4012 967 4048 eoronam
979 4017 991 4045 e
1005 3996 1031 4048 1.
1042 3997 1105 4048 Pet.
1117 3997 1138 4047 l.
1152 4011 1174 4048 c.
1190 4014 1202 4042 a
1219 3996 1287 4048 Vin·

112 4085 185 4138 renti
203 4084 275 4140 dabo
295 4085 378 4140 edere
399 4085 433 4140 de
444 4087 523 4153 ligno
544 4087 643 4141 vitae..
660 4088 715 4150 Qui
733 4087 831 4139 etcerit
849 4095 875 4137 et
887 4085 1050 4139 custodierit
1061 4101 1148 4153 nepae
1160 4086 1193 4138 te
1202 4086 1289 4151 finem

113 4189 195 4242 opero
211 4191 281 4240 mee,
297 4174 369 4228 debe
388 4175 436 4229 illi
452 4179 657 4242 potestatem...
674 4176 729 4238 Qui
743 4176 851 4239 vicerit,
877 4177 918 4230 sic
941 4175 1084 4229 vestietur
1105 4176 1288 4229 vestimentis

113 4267 195 4334 albis,
210 4272 312 4319 steron
332 4267 427 4317 deleto
448 4281 548 4319 nomen
570 4267 628 4319 eice
648 4265 681 4318 de
708 4266 783 4318 libro
803 4267 901 4317 citae»
922 4265 1008 4334 Apoc.
1023 4267 1057 4319 ll.
1072 4281 1110 4320 cc.
1134 4287 1147 4313 a
1160 4266 1287 4320 Heredes

113 4353 225 4424 quidem
244 4355 306 4422 Dei,
319 4355 471 4410 coheredes
491 4359 587 4410 autem
606 4354 727 4423 Ohristi;
739 4355 765 4408 et
777 4363 868 4408 tomen
885 4356 1078 4422 compatimur,
1089 4363 1122 4408 ct
1139 4364 1165 4408 et
1177 4357 1289 4422 conple-

112 4445 277 4511 rtfieemeere
296 4445 377 4500 Rom.
389 4447 442 4500 loc.
464 4445 514 4498 cit.
