3444 5054
950 316 1130 376 -178-

448 421 680 512 pugnantiam
705 421 839 490 nullam
863 443 956 505 esse,
982 427 1025 489 ut
1054 428 1219 490 creatora
1249 444 1310 512 per
1344 421 1538 514 qualitates
1571 445 1615 491 su·
1669 453 1670 500 i

448 528 649 618 peradditas
672 551 693 596 a
716 529 787 596 Deo
811 527 969 597 elevetur
1001 551 1108 619 supra
1141 534 1277 598 creatae
1308 535 1460 598 naturae
1489 529 1616 618 exigen-

446 635 533 704 tiam
562 635 605 704 ad
630 637 937 726 participationem
960 635 1093 704 ordinis
1117 635 1255 719 divini,
1282 641 1320 704 et
1343 635 1550 704 nominatim
1581 635 1616 704 ed

448 743 696 834 participatum
720 743 857 811 modum
881 742 1024 812 videndi
1040 743 1163 828 Deum,
1183 744 1244 834 qui
1267 743 1339 810 Deo
1361 742 1430 810 soli
1453 743 1617 808 nataralia

449 857 553 942 atque
587 874 626 920 eo
653 851 729 940 ipso
759 851 851 918 omni
879 859 1061 920 creaturae
1091 851 1369 939 supernaturalia
1405 856 1471 918 est.
1502 849 1547 918 ln
1575 871 1616 918 re·

448 957 641 1026 lotionibus
675 979 761 1049 quae
796 967 911 1025 essent
934 959 1154 1046 extginseons
1188 958 1291 1026 favor
1321 957 1405 1042 Dei,
1431 957 1468 1026 id
1499 979 1563 1047 per
1590 979 1617 1024 se

449 1067 553 1135 facile
587 1065 872 1156 intelligeretnr;
898 1068 1060 1158 quoniam
1090 1089 1121 1136 e.
1142 1091 1178 1156 g.
1197 1067 1311 1134 omnis
1349 1071 1513 1136 creatura
1547 1088 1618 1156 prae

449 1175 521 1243 Deo
543 1181 597 1242 est
619 1174 656 1242 in
680 1173 876 1242 conditione
911 1174 1047 1256 servili,
1066 1173 1207 1263 adoptio
1237 1173 1276 1240 in
1307 1173 1423 1242 filium
1456 1171 1525 1240 Dei
1562 1196 1618 1240 non
1669 1207 1670 1210 ¹

449 1289 562 1371 potest
581 1282 614 1349 ei
634 1303 709 1350 esse
731 1280 919 1364 naturalis,
938 1282 998 1350 sed
1023 1289 1077 1350 est
1101 1302 1210 1372 supra
1230 1281 1446 1370 exigentiam
1468 1281 1618 1351 cuiusvis

447 1397 595 1458 naturae
618 1395 768 1460 creatae.
789 1389 842 1457 At
857 1389 1020 1478 quoniam
1036 1387 1177 1478 adoptio
1193 1387 1317 1456 divina
1333 1411 1401 1456 non
1418 1387 1513 1456 siout
1535 1388 1618 1456 inter

447 1498 602 1567 homines
626 1521 689 1594 per¹
709 1521 836 1568 meram
856 1498 1087 1566 extrinsecam
1103 1495 1323 1580 relationem,
1341 1497 1403 1566 sed
1420 1517 1483 1586 per
1497 1495 1617 1564 intrin-

447 1628 559 1674 secam
582 1605 925 1676 transformationem
949 1614 984 1673 et
1008 1628 1068 1695 per
1092 1605 1183 1674 dona
1204 1603 1429 1672 inhaerentia
1443 1603 1618 1672 constitni-

446 1722 519 1784 tnr:
538 1715 624 1782 haec
646 1715 724 1803 ipsa
743 1715 833 1784 dona
849 1721 890 1784 nt
906 1739 1007 1780 causo
1027 1713 1196 1803 foe-molis
1219 1712 1319 1781 illius
1346 1711 1619 1803 supernaturalis

446 1821 638 1912 dignitatis
660 1822 728 1891 filii
752 1823 817 1891 Dei
841 1845 901 1912 per
934 1822 1177 1912 adoptionem,
1204 1827 1288 1890 sont
1318 1820 1616 1912 supernaturalia3

445 1937 480 1998 et
501 1929 595 1998 sicut
618 1929 771 2018 adoptio,
786 1929 839 1998 its
862 1935 897 1998 et
920 1930 1010 1998 dona
1033 1927 1230 2018 adoptionis
1253 1935 1289 1996 ot
1311 1927 1393 1997 inde
1413 1949 1619 2018 oonsequens

446 2038 502 2106 ius
518 2036 726 2106 hereditatis
742 2037 886 2127 ipsaque
909 2035 1088 2104 hereditas
1111 2033 1275 2103 filiationi
1298 2033 1510 2125 respondens
1533 2033 1619 2102 nnlli

445 2153 626 2213 creaturae
651 2144 688 2212 vi
712 2145 825 2234 ipsius
859 2152 1008 2212 naturae
1043 2127 1181 2212 creatae
1204 2149 1352 2233 possunt
1381 2163 1457 2210 esse
1492 2141 1616 2211 dehita.

444 2253 518 2322 Hoc
542 2259 658 2321 antem
682 2275 750 2320 non
774 2251 966 2341 signifieat,
994 2251 1085 2344 qnod
1108 2251 1199 2320 dona
1221 2251 1300 2341 ipsa
1315 2272 1384 2318 non
1399 2250 1473 2318 sint
1488 2247 1617 2340 aliquid

446 2384 468 2428 a
489 2361 561 2428 Deo
584 2360 746 2428 effectum
769 2360 808 2427 in
831 2367 995 2428 ereatura
1018 2367 1054 2428 et
1077 2358 1140 2428 hoo
1164 2380 1268 2427 sensu
1292 2357 1430 2450 aliquid
1446 2357 1618 2443 pertinens

445 2463 488 2532 ad
513 2463 668 2531 ordinem
691 2467 865 2548 creatum
885 2463 944 2531 sed
975 2464 1067 2554 qnod
1097 2470 1181 2531 sunt
1211 2459 1371 2530 formalis
1401 2481 1509 2530 causa
1538 2458 1618 2528 talis

444 2569 722 2655 assimilationis,
740 2569 1025 2659 participationis
1039 2578 1075 2640 et
1090 2570 1230 2638 unionis
1244 2591 1328 2650 ,oum
1343 2568 1513 2652 increato,
1533 2589 1616 2659 quae

444 2678 536 2746 nulli
563 2678 782 2747 substantiae
806 2684 942 2746 creatae
965 2699 1007 2747 ex
1032 2678 1107 2746 suia
1131 2676 1316 2771 principiis
1350 2675 1546 2765 congenitis
1568 2675 1615 2744 sit

444 2786 708 2876 proportionata
731 2807 772 2853 ac
794 2784 930 2870 debita;
949 2791 985 2852 et
1009 2784 1072 2854 hoo
1107 2807 1210 2854 sensu
1244 2784 1334 2853 dona
1369 2790 1453 2852 sunt
1487 2779 1615 2848 ordinis

446 2889 571 2959 divini.
591 2892 650 2961 Sio
672 2915 702 2960 e.
722 2916 758 2981 g.
776 2891 808 2959 si
830 2913 903 2960 rem
926 2891 1138 2982 explicemus
1161 2913 1203 2960 ex
1227 2912 1387 2980 supremo
1421 2887 1537 2978 grado
1565 2909 1617 2954 sn·

444 3000 736 3091 permaturalium,
755 2999 848 3068 nulli
870 3006 1019 3068 naturae
1043 3007 1179 3068 orestae
1203 3005 1317 3088 potest
1339 3021 1382 3068 ex
1405 2997 1482 3066 snis
1498 2995 1615 3064 intrin-

445 3109 533 3176 secis
561 3109 746 3198 principiis
775 3105 973 3191 convenire,
993 3113 1035 3176 ut
1061 3107 1111 3176 sit
1135 3113 1265 3176 natura
1291 3105 1435 3195 propria
1459 3123 1617 3195 personae

445 3215 608 3301 divinae;
629 3215 693 3282 hoc
724 3215 814 3283 enim
845 3215 912 3282 soli
943 3219 1092 3282 naturae
1121 3213 1266 3283 divinae
1296 3199 1529 3281 intrinsecum
1554 3217 1613 3280 set.

446 3321 593 3406 Quando
616 3322 730 3412 igitur
752 3322 905 3391 Verbum
935 3328 1099 3390 naturam
1131 3321 1316 3389 humanam
1349 3320 1417 3388 sibi
1449 3319 1615 3410 propriam

445 3430 553 3516 iecit,
572 3430 657 3500 haee
681 3431 764 3498 nnio
786 3437 841 3499 est
864 3451 972 3520 supra
1000 3428 1258 3520 proportionem
1288 3449 1330 3497 ao
1360 3427 1519 3496 debitam
1551 3446 1615 3492 non

445 3537 557 3606 solnm
580 3536 752 3604 humanae
776 3537 836 3606 sed
858 3537 1018 3606 cuiusvis
1045 3543 1204 3623 naturae,
1223 3535 1407 3626 eodemque
1438 3535 1537 3604 modo
1564 3553 1613 3600 eo·

444 3643 687 3734 pernaturalia
711 3651 793 3713 sunt
807 3643 979 3733 dignitas,
994 3643 1074 3711 inra
1086 3649 1122 3711 et
1133 3644 1236 3726 dona,
1250 3661 1339 3732 quae
1354 3663 1398 3710 ex
1413 3640 1482 3711 hao
1498 3638 1615 3708 unione

446 3759 707 3844 consequuntur
730 3759 767 3821 et
790 3751 959 3821 debentur
982 3757 1131 3820 naturae
1154 3751 1205 3819 sio
1229 3748 1350 3818 unitae
1373 3771 1453 3818 oum
1478 3765 1615 3838 persona

445 3859 579 3928 divina.
598 3858 721 3929 Nihilo
743 3866 858 3928 temen
882 3859 998 3927 minus
1021 3857 1106 3927 haec
1130 3864 1214 3926 sunt
1236 3857 1372 3948 aliquid
1395 3877 1417 3923 a
1442 3857 1516 3925 Deo
1538 3853 1612 3923 effe·
1669 3887 1670 3936 ,

445 3976 540 4037 otum
562 3967 600 4035 in
622 3975 752 4036 natura
775 3973 894 4036 creata
917 3973 954 4036 et
977 3967 1089 4036 uniti.
1111 3965 1229 4035 Simili
1252 3971 1370 4034 antem
1394 3963 1494 4034 modo
1516 3960 1609 4032 intel·
1669 3999 1670 4036 l

444 4075 588 4166 liganda
609 4085 648 4145 et
669 4075 877 4166 explicanda
898 4083 954 4145 est
987 4077 1079 4145 ratio
1114 4075 1392 4164 supernaturalia
1423 4073 1460 4141 in
1496 4070 1614 4141 unione
1669 4059 1670 4102 4

444 4182 683 4274 pergratiam,
700 4190 736 4251 et
758 4205 820 4273 per
843 4184 981 4273 gratiae
998 4183 1157 4252 ultimam
1172 4181 1421 4272 perfectionem
1436 4180 1475 4248 in
1488 4179 1613 4249 visione
1669 4169 1670 4240 Ϊ

444 4288 615 4376 beatifioa;
642 4289 803 4382 quamvis
831 4291 916 4360 hoco
939 4289 1022 4359 unio
1045 4311 1124 4359 oum
1151 4288 1216 4356 illa
1248 4288 1362 4357 altera
1394 4283 1612 4377 hypostatica
1669 4291 1670 4366 ζ

444 4420 510 4464 non
534 4397 688 4465 identioa
707 4397 755 4464 ait
786 4397 845 4466 sed
870 4397 982 4466 solum
1005 4397 1166 4486 analoga.
1185 4395 1382 4464 Discrimen
1414 4401 1609 4484 supernato·
