3394 5056
885 337 922 352 ..
943 306 964 366 6
984 337 1022 350 ..

433 409 483 478 Π.
496 409 603 500 Apud
614 431 757 502 graecos
767 411 890 480 Patres
905 433 1027 491 nomen
1046 409 1236 500 theoloqiae
1247 408 1420 478 strictiori
1433 429 1537 476 sensu

364 539 428 607 pro
443 517 556 608 ipsius
570 519 682 609 etymi
696 518 833 588 ratione
848 517 1079 610 frequentari,
1096 539 1203 609 eoque
1219 517 1327 586 solam
1343 514 1537 584 doctrinam

364 624 407 693 de
428 625 500 694 Deo
523 627 685 712 iudicari,
704 627 742 696 in
764 627 920 696 confesso
941 631 1007 694 est.

429 732 631 824 Usurpatur
654 739 769 804 autem
787 733 819 802 1⁰
834 733 898 819 ita,
924 738 966 802 ut
988 733 1182 802 doctrinam
1205 731 1384 822 significet
1399 730 1441 799 da
1463 730 1535 798 Deo

343 863 431 908 ,uno
454 843 641 910 secundum
664 849 827 912 naturam
850 847 887 912 et
910 840 951 910 de
975 840 1108 910 divinis
1125 839 1322 908 attributis.
1339 839 1414 907 Hoc
1430 860 1535 906 sensu

361 949 501 1037 quaerit
525 949 760 1020 Theodoretus
784 950 821 1019 in
844 950 932 1018 Gen.
951 973 981 1018 c.
1000 947 1033 1017 1.
1052 949 1221 1036 interrog.
1233 946 1266 1032 1,
1280 967 1413 1039 aquare
1437 967 1535 1014 sacer

360 1055 512 1145 scriptor
534 1058 692 1127 universi
723 1058 892 1127 creationi
922 1081 990 1126 nou
1020 1054 1242 1146 praemiserit
1276 1055 1531 1145 1100109101.»

358 1164 556 1256 Respondet
579 1188 673 1250 vero,
699 1187 738 1235 eo
761 1165 837 1256 ipso
860 1164 951 1256 quod
975 1165 1085 1234 Deum
1111 1163 1230 1232 docuit
1249 1163 1401 1230 omnium
1418 1183 1533 1231 rerum

358 1279 559 1358 creatorem,
589 1273 849 1342 «sufficientem
871 1295 935 1363 pro
958 1294 997 1340 eo
1020 1278 1172 1362 tempore
1196 1271 1385 1342 tradidisse
1409 1269 1534 1336 theolo-

357 1383 453 1471 piam
468 1382 530 1469 (1).
551 1408 568 1442 n
586 1381 644 1448 Ita
665 1381 861 1470 Dionysius
883 1385 921 1448 et
942 1379 1019 1448 sius
1035 1380 1210 1470 interpres
1225 1379 1459 1469 Pachymerea
1474 1376 1533 1446 do·

356 1488 505 1558 utrinam
519 1488 560 1558 de
570 1488 703 1558 divinis
727 1487 923 1572 attributis,
949 1493 1054 1578 prout
1070 1511 1112 1557 ea
1126 1487 1383 1556 affirmantibus
1399 1484 1457 1556 vel
1473 1506 1531 1553 ne·

355 1597 522 1686 gentibus
537 1597 737 1665 notionibus
753 1620 793 1666 ac
809 1595 989 1666 vocabulis
1006 1596 1252 1685 concipiuntur
1266 1598 1304 1664 et
1317 1595 1528 1678 efferuntur,

356 1703 576 1773 distribuunt
591 1704 628 1772 in
644 1705 851 1794 theolcpiam
859 1727 923 1792 per
935 1703 1202 1792 affirmationes,
1219 1707 1255 1772 et
1271 1704 1308 1771 in
1325 1701 1531 1792 theolopiam

351 1838 415 1903 per
434 1817 631 1904 copationee
659 1810 830 1902 (θεολογιαν
847 1833 1119 1904 aucupaverunt
1143 1809 1303 1900 aetiopes
1329 1801 1527 1901 ἀποφατικην)

353 1921 395 1990 de
424 1921 532 1992 theol.
556 1929 755 2012 mystagog.
774 1945 804 1990 c.
819 1921 855 1988 3.

419 2029 465 2097 2⁰.
484 2029 612 2098 Eodem
636 2029 834 2117 theologiae
858 2026 1027 2096 vocabulo
1041 2027 1246 2096 nominatim
1262 2026 1449 2116 designant
1463 2024 1528 2092 Pa·

350 2143 424 2208 tres
448 2139 640 2208 doctrinam
663 2138 705 2206 de
729 2137 792 2206 SS.
819 2136 1019 2220 Trinitate,
1045 2157 1086 2205 ac
1109 2137 1151 2205 do
1175 2135 1326 2228 singulis
1349 2137 1387 2205 in
1410 2133 1527 2204 Trini-

350 2253 424 2316 tate
436 2247 604 2336 personis.
621 2245 714 2314 Hinc
729 2243 949 2313 Athanasius
966 2248 1069 2330 (orat.
1088 2243 1118 2312 Ι.
1138 2243 1249 2314 01.Π.
1269 2248 1381 2313 contr.
1398 2243 1523 2312 Arion.

351 2378 387 2424 n.
408 2354 481 2440 17.)
509 2353 695 2444 exprobrat
720 2352 886 2436 Arianis,
922 2373 964 2420 ex
990 2374 1108 2421 eorum
1131 2351 1292 2421 doctrina
1318 2373 1527 2442 consequeus

352 2464 620 2546 forasuccessu
641 2458 807 2550 temporis
831 2460 961 2527 factam
984 2481 1058 2528 esse
1082 2459 1318 2544 Trinitatem,
1344 2465 1450 2552 atque
1473 2458 1527 2527 ita

352 2569 577 2638 constitutam
602 2567 834 2656 coguitionem
863 2565 1055 2654 theolopice
1083 2565 1146 2652 (2).
1173 2565 1460 2657 Theophylactus
1486 2563 1524 2633 in

350 2676 477 2746 Matth.
488 2677 660 2746 XXVIII.
671 2677 862 2760 Christum,
874 2674 937 2758 ait,
952 2673 989 2740 in
1002 2677 1113 2743 forma
1125 2675 1289 2766 baptismi
1300 2677 1398 2744 nobis
1414 2675 1524 2746 tradi·

350 2781 442 2851 disse
466 2782 683 2872 theoloqiam.
702 2781 801 2851 Unde
824 2781 980 2871 31010γεί1
1006 2780 1100 2870 apud
1124 2781 1248 2849 Patres
1272 2781 1451 2871 significat
1466 2780 1523 2850 do·

349 2913 425 2960 cere
448 2897 485 2959 et
507 2890 664 2960 confiteri
686 2890 910 2960 divinitatem
925 2890 1079 2958 alicuius
1095 2891 1133 2956 in
1148 2890 1325 2958 Trinitate
1342 2913 1519 2980 personae.

351 2997 547 3083 «Verbum,
580 2997 697 3088 inquit
725 2999 945 3066 Athanasius
971 2999 1027 3084 (de
1051 2998 1230 3066 Incarnat.
1260 3003 1351 3066 cont.
1369 2998 1523 3067 Arianos

346 3127 381 3172 n.
402 3105 486 3190 la),
510 3107 695 3195 theolopice
717 3106 994 3196 praedicatoria
1011 3105 1127 3189 Patre,
1148 3105 1241 3173 sicut
1257 3105 1363 3173 Pater
1378 3105 1416 3172 in
1427 3105 1522 3174 Filio

250 3219 254 3240 '
349 3212 534 3301 theoloyice
547 3212 795 3300 glorificatura
811 3211 838 3300 (ὁ
857 3213 942 3301 λογος
967 3211 1197 3300 Βεσλσγευμενος
1216 3212 1243 3276 ἐν
1262 3235 1363 3304 carpe,
1385 3213 1422 3286 ὡς
1438 3237 1488 3278 και
1507 3213 1522 3278 ὁ

347 3341 447 3409 πατηρ
470 3315 500 3384 ἐν
528 3318 578 3404 ὑιῳ
601 3316 806 3406 &crispenrod
840 3323 885 3390 of.
921 3321 1056 3410 Gregor
1087 3321 1196 3409 Nysa.
1227 3325 1339 3388 contr.
1368 3321 1518 3392 Eunom.

346 3447 396 3493 or.
415 3425 498 3493 VII.
517 3425 603 3514 Opp.
624 3426 664 3492 Τ.
682 3426 731 3494 II.
751 3453 784 3516 p.
804 3427 882 3496 215.
900 3429 1039 3498 Pariter
1063 3451 1103 3498 ac
1126 3428 1168 3496 de
1184 3427 1289 3496 Patre
1305 3435 1340 3496 et
1358 3429 1452 3497 Filio
1468 3430 1519 3498 di-

229 3577 232 3584 ·
346 3534 440 3602 citur
465 3534 637 3622 1110010ρὶ0
660 3534 701 3602 dc
725 3535 863 3624 Spiritu
887 3536 1015 3604 Sancto
1039 3535 1132 3625 apud
1156 3535 1264 3624 Greg.
1283 3535 1370 3604 Naz.
1390 3559 1440 3606 or.
1458 3537 1515 3606 23.

347 3642 407 3729 (al.
428 3643 500 3728 13.)
516 3667 550 3711 n.
571 3641 627 3710 12:
645 3660 676 3705 το
703 3663 818 3728 aucupa
843 3641 1086 3730 ἓεολσγουμενον.
1101 3643 1176 3712 Ηο0
1191 3667 1293 3712 sensu
1317 3645 1519 3737 frequenter

343 3750 554 3840 theologiam
577 3750 803 3840 distinguunt
825 3751 869 3818 ab
892 3751 1103 3836 oeconomia,
1130 3775 1197 3843 quo
1223 3752 1359 3821 nomine
1386 3775 1517 3823 assum·

341 3858 493 3947 ptionem
516 3857 688 3926 humanae
709 3864 856 3926 naturae
879 3865 1059 3951 totumque
1082 3859 1330 3949 redemptionis
1347 3883 1444 3949 opus,
1472 3861 1517 3930 si·

406 4055 448 4128 (l)
468 4061 498 4110 Τι
518 4061 548 4116 δη
569 4077 634 4111 ποτε
653 4079 691 4128 μη
710 4079 853 4130 προτετακε
874 4080 920 4122 της
941 4081 988 4113 των
1002 4060 1066 4113 ὅλων
1081 4065 1254 4132 deprecemur
1268 4057 1411 4132 θεολογιαν
1427 4061 1439 4114 ὁ
1453 4081 1518 4134 συγ·

342 4160 469 4218 γραφ1ος;
488 4141 633 4219 ἆποκρισις·
648 4143 677 4201 οὐ
694 4169 746 4218 μην
761 4145 818 4202 οὐδε
832 4169 874 4201 τον
889 4169 935 4211 της
950 4147 1093 4220 tantopore
1105 4141 1290 4221 παριλελοιπε
1305 4155 1414 4222 λογον...
1425 4147 1516 4222 (ἕρκου-

343 4256 393 4292 oca
414 4257 469 4297 τοις
488 4257 547 4290 τοτε
569 4235 714 4310 θεολογιαν
739 4235 875 4310 inerepas.

403 4320 445 4399 (2)
465 4331 555 4389 Monac
573 4349 621 4398 μεν
640 4323 669 4387 ἦν
688 4348 818 4402 προτερον,
839 4324 866 4382 ἐκ
885 4326 1039 4402 aperturae
1056 4333 1083 4384 ts
1103 4349 1212 4401 popum
1235 4326 1344 4399 ὔστερον
1368 4349 1450 4399 eptae,
1470 4349 1513 4384 και

341 4435 475 4488 rpoream
494 4439 539 4474 του
557 4439 654 4492 χρονου
675 4440 726 4473 κατ
739 4416 836 4482 darona
850 4416 950 4488 ἠυξησι
965 4441 1007 4474 και
1024 4439 1138 4478 caesura
1153 4417 1361 4490 011111ολ0111ος
1376 4419 1394 4480 η’
1408 4440 1514 4490 pascue.
