3464 5058
886 436 923 448 -
945 403 1005 462 710
1027 436 1063 448 -

870 567 981 636 Curua
1005 567 1075 636 ΠΙ.

387 721 451 787 Tu.
472 720 572 788 VIII.
625 723 676 790 De
701 723 980 790 manifestatione
1006 723 1040 789 in
1067 722 1172 790 factis
1196 719 1470 809 supernaturali·

657 831 731 913 bus,
751 836 922 920 quatenus
946 853 986 898 ex
1011 830 1062 896 eis
1085 829 1179 896 Deus
1210 829 1344 896 ratione
1367 827 1469 896 intel-

652 936 804 1026 ligibilia
826 945 891 1005 cst.
972 987 1336 1004 .......
1382 959 1466 1024 pop.
1494 933 1555 1000 109

387 1042 449 1110 Tu.
471 1043 535 1109 IX.
617 1043 667 1110 De
690 1043 879 1111 existentia
903 1043 968 1110 Dei
993 1042 1150 1110 revelata
1175 1051 1211 1110 et
1238 1043 1314 1111 ideo
1346 1064 1406 1130 per
1430 1041 1467 1108 fi-

651 1149 726 1217 dem
750 1149 919 1218 credenda
924 1199 1399 1216 .........
1450 1175 1466 1208 n
1492 1147 1554 1213 115

832 1363 1037 1432 SEC‘I'IO
1059 1363 1108 1430 II.

887 1516 999 1584 Cerur
1024 1516 1053 1584 l.

384 1688 448 1757 Ta.
467 1687 512 1756 X.
617 1685 787 1754 Constans
817 1687 962 1754 Patrum
990 1687 1151 1756 doctrina
1179 1688 1221 1755 de
1253 1687 1406 1756 mediata
1432 1693 1468 1755 et

649 1793 832 1884 analogica
855 1802 977 1862 nostre
999 1795 1198 1883 cognitione
1222 1795 1336 1864 Dei..
1388 1847 1395 1863 .
1446 1795 1553 1862 »122

384 1905 447 1972 ru.
467 1903 531 1969 XI.
613 1901 881 1970 Demonstretur
905 1924 1091 1971 cousensus
1114 1902 1150 1969 S.
1171 1903 1368 1992 Augustini
1391 1925 1467 1972 oum

650 2008 811 2077 doctrina
833 2009 982 2077 aliorum
1008 2011 1152 2077 Petrum
1156 2062 1394 2078 .....
1446 2037 1461 2070 n
1489 2009 1553 2076 134

384 2117 448 2183 Ta.
468 2115 551 2182 XII.
622 2115 672 2183 De
690 2114 887 2203 cognitione
906 2121 1038 2198 nostra,
1058 2114 1145 2206 qnid
1161 2117 1251 2182 Deae
1268 2121 1327 2194 eit,
1346 2137 1465 2184 secun-

652 2224 733 2291 dum
765 2222 940 2312 triplicem
970 2221 1105 2290 modum
1131 2224 1396 2312 affirmationis,
1414 2247 1467 2288 ne-

652 2333 808 2417 gationis
831 2337 867 2397 et
891 2333 1095 2396 eminentiae
1098 2381 1396 2400 ......
1446 2357 1462 2391 n
1489 2329 1552 2397 149

383 2433 446 2501 'Ira
469 2433 573 2502 XIII.
621 2433 672 2502 De
696 2432 963 2522 multiplicitate
992 2435 1184 2518 notionum,
1204 2434 1330 2525 quibus
1357 2434 1466 2502 Deum

604 2573 615 2590 ι’
648 2541 894 2632 intelligimus.
969 2592 1396 2610 ........
1448 2568 1463 2604 n
1490 2539 1552 2607 156

876 2754 987 2822 Ceron
1012 2755 1060 2823 Π.

381 2971 444 3038 Tr.
464 2969 562 3038 XIV.
616 2969 717 3038 Nulli
741 2975 920 3037 creaturae
939 2968 1139 3037 immediata
1158 2968 1248 3038 visio
1263 2968 1403 3038 divinae
1420 2991 1468 3036 es-

648 3076 780 3144 sentiae
804 3075 979 3143 naturalis
1002 3086 1066 3144 eet.
1442 3103 1457 3137 n
1485 3075 1546 3144 163

380 3185 444 3252 Tu.
462 3183 541 3252 XV.
616 3183 819 3251 Immediata
836 3182 924 3250 visio
940 3181 1005 3250 Dei
1022 3183 1113 3250 utin
1131 3206 1168 3251 se
1183 3189 1248 3267 est,
1266 3182 1365 3250 nobis
1382 3189 1463 3250 tam-

646 3313 747 3382 quam
766 3291 912 3358 ultimus
938 3290 1019 3358 finis
1043 3291 1079 3358 in
1104 3289 1319 3360 revelatione
1344 3311 1464 3380 propo-

646 3397 718 3464 sita
741 3419 779 3466 ac
804 3395 973 3486 promissa
996 3403 1050 3466 est
1053 3421 1462 3466 ........
1488 3393 1549 3462 180

377 3504 442 3570 Tu.
461 3502 559 3571 XVI.
581 3527 583 3530 ·
612 3503 663 3570 De
686 3503 817 3572 lumina
841 3503 976 3592 gloriae
980 3553 1390 3572 ........
1442 3529 1458 3563 u
1485 3500 1547 3568 193

378 3609 441 3679 Ta.
461 3609 578 3680 XVII.
611 3611 663 3679 De
679 3609 826 3678 visionis
840 3609 1020 3680 beatificae
1035 3610 1267 3701 amplitudine
1279 3609 1464 3679 extensive

643 3718 755 3810 quoad
779 3718 949 3788 obiectum
974 3718 1135 3808 princeps
1151 3727 1186 3785 et
1203 3716 1314 3809 quoad
1328 3716 1463 3784 obiecta

644 3825 861 3894 secundaria.
907 3877 913 3890 .
966 3875 973 3891 .
1027 3864 1043 3890 ,ι
1088 3877 1094 3890 .
1146 3877 1152 3890 .
1206 3875 1213 3890 .
1266 3875 1274 3891 .
1443 3819 1548 3887 »206

377 3931 441 3998 Ta.
460 3930 596 4000 XVIII.
617 3932 667 4000 De
690 3931 838 4015 ratione,
864 3953 932 4022 qua
955 3931 1049 3998 Deus
1074 3930 1158 4000 lieet
1182 3929 1275 3999 claro
1299 3929 1398 3998 visua
1415 3931 1463 3998 sit

641 4036 892 4106 tamen-beatis
917 4036 1282 4126 incomprehensibilia.
1323 4087 1331 4102 .
1382 4087 1390 4103 .
1441 4061 1458 4096 n
1484 4031 1546 4100 217

376 4145 440 4212 Ta.
460 4141 558 4210 XIX.
615 4143 850 4234 Explicantur
863 4143 1078 4213 difficiliores
1090 4143 1183 4212 modi
1196 4143 1371 4236 loquendi,
1386 4142 1461 4234 qui·

642 4253 705 4319 bus
729 4275 776 4319 ss.
794 4253 918 4320 Patres
935 4251 1282 4342 comprehensionem,
1297 4273 1366 4318 non
1379 4271 1461 4319 vero

641 4357 807 4426 visionem
834 4358 1039 4428 intuitivam
1056 4357 1200 4427 divinae
1215 4357 1386 4427 essentiae
1403 4377 1460 4424 ne·

643 4473 733 4552 gant
739 4513 1328 4532 ...........
1359 4455 1388 4531 ’.
1440 4459 1544 4527 »235
