3280 5070
878 405 914 422 -·
936 373 998 438 578
1017 405 1055 423 -

380 478 475 549 tione
498 485 754 548 sanatorum...
779 477 1020 550 Pervenerunt
1041 485 1178 566 auum,
1204 487 1249 552 nt
1270 483 1469 574 praeveniri
1491 505 1544 552 vo·

380 585 538 656 luntates
562 586 736 654 hominum
760 587 826 656 Dei
849 588 968 676 gratia
991 590 1193 672 fateantur,
1219 597 1325 682 atque
1347 589 1393 658 ad
1415 590 1545 659 nullum
1635 613 1636 622 ¹

381 713 467 783 opus
491 694 615 762 bonum
639 691 696 762 vel
720 691 956 783 incipiendum
980 693 1036 762 vel
1062 695 1310 784 perficiendum
1340 697 1410 764 sibi
1436 719 1545 789 qnem-

381 821 483 892 quam
500 799 654 868 sufficere
671 821 769 889 posse
785 801 1016 870 consentiant.
1034 803 1181 870 Retenta
1206 827 1285 894 erpo
1306 806 1396 884 uto,
1412 805 1449 872 in
1466 826 1548 896 quae

381 915 626 999 peruenerunt,
652 907 840 997 plurimum
864 931 967 997 eosa
989 909 1256 999 Pelagiauorum
1279 934 1397 982 errore
1425 911 1548 982 discer-

380 1019 498 1082 nnntv
516 1013 640 1082 Pruad.
659 1013 723 1082 SS.
741 1037 777 1082 n.
794 1013 828 1082 2.
848 1015 975 1084 'l'otum
1000 1037 1082 1084 vero
1105 1016 1235 1086 librum
1257 1016 1438 1086 concludit
1460 1017 1551 1086 bisce

382 1121 510 1190 verbis:
530 1121 741 1189 «fateantur
763 1123 868 1190 etiam
884 1122 1025 1191 initium
1052 1123 1146 1208 fidei,
1172 1125 1266 1194 mont
1287 1125 1548 1208 continentiam,

381 1227 599 1318 patientiam,
617 1227 804 1311 iustitiam,
824 1229 988 1318 pietatem
1003 1238 1040 1300 et
1058 1241 1185 1316 cetera,
1205 1230 1247 1298 de
1272 1233 1397 1323 quibas
1411 1256 1487 1300 eure
1503 1233 1552 1298 aa

380 1334 482 1400 uultu
497 1337 666 1400 contentio
682 1349 743 1414 ere,
760 1333 886 1402 donum
902 1335 968 1404 Dei
980 1357 1065 1406 esse.
1082 1363 1099 1398 a
1118 1337 1312 1406 Discrimen
1325 1339 1447 1430 itaque
1464 1339 1552 1408 inter

380 1441 588 1512 catholicam
610 1443 807 1534 Augustini
830 1444 1026 1512 doctrinam
1048 1453 1085 1512 et
1106 1443 1380 1514 Massiliensium
1402 1468 1553 1515 errorem
1626 1466 1638 1514 ·,

380 1549 446 1620 boc
468 1559 533 1634 est,
551 1550 642 1643 qnod
665 1551 721 1620 illi
745 1553 899 1622 virtutes
921 1559 1056 1622 cetems
1071 1553 1253 1646 ipsumque
1277 1575 1424 1643 reguum
1448 1553 1553 1623 coelo·
1637 1585 1638 1616 r

380 1677 457 1726 rom
474 1679 496 1724 a
517 1658 589 1726 Deo
611 1658 689 1726 dari
713 1659 965 1730 contendebant
987 1660 1211 1750 praecedente
1237 1661 1318 1744 lide,
1336 1683 1427 1753 qnae
1452 1661 1502 1730 sit
1517 1683 1555 1730 cn
1637 1693 1638 1726 2

380 1765 513 1832 uiribus
536 1781 695 1846 naturae,
713 1774 749 1836 et
764 1767 840 1836 ideo
866 1767 970 1836 etiam
987 1788 1028 1836 ex
1046 1767 1153 1836 huius
1168 1767 1250 1836 fidei
1266 1768 1445 1837 naturalis
1461 1790 1554 1858 prae·
1637 1829 1638 1836 ,

380 1873 528 1942 scientia
551 1873 688 1962 gratias
710 1879 748 1942 et
770 1875 859 1943 dorna
882 1875 1156 1965 praedestinari:
1180 1877 1408 1966 Augustinus
1436 1885 1555 1946 contra

380 1979 482 2050 tidem
506 1981 617 2070 ipsam
647 1980 886 2071 impetrantem
918 1983 1062 2052 docebat
1083 2005 1159 2052 esse
1185 1983 1313 2052 dunum
1343 1983 1431 2069 Dei,
1458 1993 1498 2054 at
1517 2007 1554 2054 ex
1636 2017 1639 2056 t

351 2109 354 2114 ·
381 2089 500 2180 gratia
522 2091 795 2180 supernaturali;
813 2099 918 2181 atque
934 2091 1011 2160 ideo
1035 2091 1136 2160 fidem
1159 2093 1269 2180 ipsam
1294 2091 1404 2160 nullis
1422 2093 1555 2161 meritis
1638 2126 1639 2134 ¹

381 2196 567 2289 praevisis,
585 2196 720 2288 reliqua
735 2195 962 2287 praecedente
986 2198 1067 2266 fidei
1090 2199 1215 2267 merito
1237 2199 1506 2288 supernaturali
1521 2205 1555 2268 et
1622 2182 1639 2270 f:

381 2303 637 2396 praedestinari
652 2313 690 2373 et
712 2305 791 2374 duri
807 2305 1045 2376 consentiebat
1059 2305 1125 2390 ita,
1143 2313 1185 2374 ut
1202 2335 1219 2370 a
1233 2304 1276 2374 de
1291 2303 1349 2374 bis
1361 2305 1468 2374 nulla
1482 2329 1554 2376 eon·
1624 2326 1639 2370 ·.

382 2414 495 2483 tentio
518 2419 659 2482 esset„

446 2519 575 2589 Eodem
599 2518 702 2609 plane
724 2519 841 2603 modo,
867 2543 936 2613 quo
957 2520 1184 2611 Augustinus
1206 2519 1383 2604 declarat,
1409 2521 1499 2614 quid
1521 2521 1553 2592 in
1622 2560 1629 2577 ·

381 2626 655 2698 Massiliensium
678 2629 853 2696 sententia
868 2628 1094 2717 probandum,
1112 2627 1197 2720 qnid
1215 2626 1482 2717 improbandum
1498 2629 1552 2709 eit,
1624 2634 1629 2675 ³

383 2739 487 2808 etiam
515 2759 613 2806 suam
638 2735 752 2826 ipsius
775 2737 990 2827 opinionem,
1017 2736 1052 2804 in
1077 2758 1147 2827 qua
1171 2737 1289 2805 tuerat
1314 2745 1398 2804 aute
1428 2739 1553 2828 apiano

383 2854 502 2938 patum
526 2854 737 2933 susceptum,
754 2867 796 2914 ex
812 2851 911 2934 parte
927 2845 1052 2934 probat
1073 2853 1110 2912 et
1134 2863 1178 2911 ex
1205 2849 1305 2934 parte
1323 2849 1366 2912 ut
1378 2866 1554 2914 erroneam
1622 2842 1629 2933 j

383 2959 567 3024 retractat.
586 2951 712 3042 Opinio
737 2960 815 3021 erat
838 2951 935 3022 baec.
956 2981 973 3016 a
987 2952 1081 3020 Deus
1103 2973 1171 3019 uon
1194 2950 1477 3040 praedestinavit
1497 2950 1555 3020 ali·
1625 3026 1629 3037 ,

384 3081 496 3153 quem,
514 3059 582 3128 nisi
596 3080 695 3152 quem
708 3057 898 3150 praescivit
913 3057 1128 3128 crediturum
1140 3065 1176 3126 et
1192 3067 1394 3126 secuturum
1409 3058 1555 3128 vocatio
1622 3042 1630 3093 t

383 3189 459 3238 nem
488 3188 598 3250 auam,
616 3189 701 3258 quos
717 3165 896 3236 etelectus
912 3166 1000 3236 dicit
1004 3215 1073 3235 .....
1098 3165 1140 3234 In
1157 3165 1203 3234 iis
1217 3186 1303 3257 quos
1324 3165 1438 3256 elegit
1451 3167 1553 3248 Dens,

383 3297 452 3345 nou
476 3295 580 3365 opera
601 3275 661 3344 sed
684 3274 771 3344 fidas
794 3273 936 3344 inchoat
958 3275 1119 3343 meritum
1137 3299 1155 3335 s
1172 3273 1269 3363 Aug.
1286 3273 1435 3363 Propon.
1456 3275 1551 3363 iuep.

383 3381 482 3451 Rom.
499 3405 533 3450 n.
551 3383 609 3451 55.
626 3380 682 3452 aa.
701 3381 855 3452 Putabat
876 3403 972 3472 ergo,
997 3381 1091 3451 sicut
1114 3389 1234 3470 postea
1247 3379 1499 3466 Massilienses,
1519 3381 1552 3448 in
1638 3447 1639 3452 ,

385 3489 604 3560 exsecutione
621 3489 720 3560 fldem
737 3489 940 3580 praecedere
966 3511 1008 3558 ex
1032 3491 1172 3559 viribus
1201 3488 1429 3558 naturalibus
1455 3489 1551 3560 lineri
1627 3518 1633 3589 3

384 3596 538 3680 arbitrii,
556 3601 593 3666 et
606 3595 690 3666 buio
707 3597 788 3666 lidei
804 3596 953 3666 retribui
976 3597 1140 3688 gretiam
1158 3597 1320 3688 huncque
1349 3597 1467 3686 ipsum
1483 3597 1552 3666 sine
1627 3608 1633 3639 ²

385 3703 627 3774 controversia
657 3725 733 3772 esse
764 3703 919 3772 ordinem
950 3705 987 3772 in
1017 3703 1350 3794 praedestinatione.
1372 3702 1452 3772 Iam
1474 3721 1551 3772 vero

385 3811 593 3882 senteutiam
615 3810 657 3880 de
679 3811 867 3881 identitate
890 3809 1024 3880 ordinis
1053 3811 1091 3880 ln
1114 3809 1433 3900 praedestinatione
1463 3817 1500 3878 et
1518 3807 1550 3876 iu

386 3918 605 3989 exsecutione
628 3916 769 3988 minime
791 3919 984 4008 improbat,
1010 3917 1071 3987 ubi
1101 3917 1199 3987 illam
1234 3937 1333 3985 suam
1362 3915 1549 3986 doctrinan

385 4031 559 4096 retractat
582 4025 754 4114 (Retract.
773 4023 799 4094 l.
817 4023 848 4093 1.
863 4049 894 4094 u.
912 4023 969 4093 23.
987 4047 1023 4092 u.
1042 4023 1117 4111 A),
1144 4023 1204 4094 sed
1227 4023 1337 4092 solum
1361 4022 1548 4092 addendum

385 4153 461 4203 esse
482 4139 615 4216 mouet,
640 4133 731 4225 quod
754 4131 840 4201 fides
863 4133 941 4222 ipsa
962 4141 1017 4201 est
1039 4132 1165 4202 donum
1187 4130 1276 4213 Dei,
1300 4135 1338 4200 et
1359 4129 1438 4198 ideo
1460 4149 1548 4220 prae·

386 4238 562 4309 destinata
583 4259 605 4306 a
627 4239 711 4308 Deo.
739 4269 756 4304 a
776 4241 955 4308 Ver-issima
977 4237 1069 4318 disti,
1094 4235 1153 4305 sed
1168 4235 1255 4327 fidei
1277 4239 1434 4304 meriture
1453 4237 1547 4302 eticae

387 4349 498 4436 iprum
513 4369 581 4414 esse
595 4346 718 4413 donum
731 4349 809 4429 Ilei,
822 4369 885 4417 nec
897 4345 1023 4438 putavi
1035 4345 1268 4438 quaerendum
1280 4367 1356 4415 ease
1370 4365 1432 4416 nee
1443 4340 1544 4412 dixi.-

453 4451 500 4524 Θῆ
526 4453 682 4546 Denique
705 4454 848 4524 disertis
864 4454 980 4524 verbis
996 4453 1155 4524 declarat
1175 4451 1416 4543 Augustinus,
1440 4447 1545 4520 emero
