3224 5068
533 387 570 400 ..
592 355 650 417 291
674 387 712 400 -

57 461 210 530 nicatione
231 460 385 530 omnium
409 458 563 549 partium
587 459 716 549 prodit.
736 457 916 552 Quidquid
938 481 1021 549 ergo
1036 459 1143 530 babet
1156 482 1212 528 ra-

56 570 165 638 tionem
187 568 324 658 partis,
349 567 408 637 vel
441 567 638 657 concipitur
661 569 698 635 in
733 589 829 635 mera
857 571 1017 655 potentia
1041 569 1213 658 (potentia

55 675 223 762 obiectiva)
239 675 285 744 ad
309 675 567 764 perfectionem,
590 697 695 766 quam
711 674 838 744 Graeci
854 672 1050 762 ἐντελεχειαν,
1070 674 1212 744 Schola-

54 785 123 852 stici
144 799 255 851 cctam
279 789 417 870 vocant,
433 782 491 852 vel
514 790 568 852 eat
591 783 628 850 in
652 788 734 851 actu
759 785 1012 875 quadamtenus
1035 782 1131 850 etin
1154 804 1212 872 po-

53 890 151 958 tentia
172 890 217 958 ad
233 889 388 981 aliquam
405 889 608 958 ulteriorem
624 892 871 980 perlectionem
888 891 955 958 sibi
972 890 1213 958 advenientem

51 999 91 1064 ab
108 998 252 1068 alterins
275 999 511 1067 communione
533 999 705 1088 (potentia
738 999 944 1088 receptiva).
971 999 1059 1065 Pars
1095 996 1213 1087 igitur

52 1111 207 1196 quatenns
230 1125 325 1194 pars,
339 1110 395 1173 est
417 1128 478 1173 ens
494 1089 753 1195 incompletum.
773 1106 828 1175 Ex
846 1105 912 1175 hac
928 1107 1121 1174 intrinseca
1134 1125 1212 1194 par·

52 1213 129 1280 tium
149 1213 287 1281 ratione
309 1213 545 1302 intelligitur,
565 1215 732 1306 quomodo
756 1215 1021 1305 compositiones
1053 1213 1213 1281 diversae
1255 1243 1258 1252 ·

52 1319 233 1388 enumerari
256 1319 394 1404 solitae,
411 1321 626 1389 consectaria
650 1321 723 1388 sint
746 1327 782 1389 st
805 1327 901 1390 certa
925 1321 1057 1390 indicia
1082 1319 1212 1386 limita-

52 1426 157 1495 tionis.
177 1425 246 1494 Ubi
269 1429 466 1515 compositio
490 1433 545 1495 est
562 1428 711 1517 physica
733 1451 775 1497 ex
799 1429 959 1519 partibus
991 1427 1028 1495 in
1063 1449 1101 1496 re
1136 1425 1215 1516 ipsa

53 1534 231 1620 distinctis,
256 1534 333 1604 sive
356 1534 426 1602 iam
449 1541 567 1625 partes
591 1537 842 1605 substantiales
874 1537 970 1621 sint,
997 1536 1073 1604 sive
1099 1535 1214 1603 altera

52 1643 95 1710 sit
113 1641 270 1711 accidens
292 1641 544 1726 tantummodo,
559 1663 666 1712 causa
688 1649 742 1711 est
758 1642 905 1735 liquida.
924 1643 1010 1710 Cum
1026 1643 1118 1710 enim
1136 1663 1214 1731 par·

52 1757 98 1818 tes
117 1750 277 1840 singulae
299 1771 339 1818 eo
362 1749 438 1840 ipso
472 1749 563 1841 quod
598 1754 718 1840 partes
745 1757 850 1835 sunt,
878 1749 1116 1819 essentialiter
1141 1748 1216 1816 sint

52 1879 104 1924 cns
131 1857 433 1946 circumscriptum
456 1856 642 1946 negatione
666 1857 892 1948 perfectionis
916 1857 1111 1941 absolutas,
1138 1877 1214 1945 per·

54 1965 145 2032 lectio
173 1964 287 2034 totius
317 1963 532 2033 efflorescens
563 1986 605 2033 ex
637 1971 761 2033 mutua
797 1961 1105 2034 communicatione
1136 1962 1216 2031 fini·

54 2081 154 2143 torum
175 2096 246 2142 non
269 2081 386 2164 potest
414 2096 489 2143 esse
520 2073 683 2142 absoluta
713 2081 749 2144 et
780 2075 942 2160 infinita,
962 2076 1045 2167 qnia
1074 2073 1215 2142 finitum

53 2187 82 2250 et
100 2183 289 2266 infinitum,
307 2183 477 2272 perfectio
501 2181 690 2251 secundum
713 2183 797 2274 quid
813 2189 849 2252 et
864 2183 1033 2274 perfectio
1053 2181 1216 2250 absoluta

53 2311 109 2356 non
121 2289 245 2379 'pedu
269 2290 329 2359 sed
353 2296 429 2358 tota
451 2290 645 2360 intrinseca
659 2291 795 2360 ratione
812 2291 1012 2360 etessentia
1028 2290 1213 2359 differunt.

108 2398 182 2466 Iam
206 2419 290 2467 vero
313 2397 399 2467 haec
422 2397 541 2467 eadem
564 2398 668 2484 ratio,
688 2420 775 2490 qnae
792 2400 982 2488 ¹ropetitur
1015 2420 1057 2466 ex
1089 2397 1214 2486 imper·
1272 2405 1277 2416 '

55 2505 190 2574 lectione
212 2505 408 2574 necessario
434 2505 572 2574 inclusa
605 2505 644 2572 in
675 2507 921 2596 compositione
953 2528 995 2574 ex
1027 2503 1213 2594 partibus,

55 2611 154 2680 locum
176 2611 285 2680 etiam
307 2609 465 2680 hebetia
481 2616 721 2701 compositione
740 2615 986 2702 metaphysica,
1004 2610 1143 2680 etiamsi
1160 2629 1213 2694 aa,

55 2739 126 2808 quea
150 2717 399 2807 concipiuntur
421 2723 597 2810 tamqnam
613 2723 743 2810 partes,
763 2720 801 2786 in
817 2719 951 2788 obiecto
966 2717 1042 2808 ipso
1059 2740 1127 2784 non
1143 2716 1218 2784 sint

55 2823 213 2894 distincta
234 2831 276 2894 nt
298 2847 355 2893 res
377 2845 400 2892 a
422 2847 472 2893 re.
486 2825 669 2911 Fatemur,
684 2831 802 2894 nostro
826 2823 968 2914 ingenio
990 2847 1053 2891 nos
1083 2822 1216 2892 intelli·

55 2952 121 3018 gere
142 2953 214 2998 non
237 2953 338 3020 posse
360 2932 547 3000 essentiam
569 2932 607 3000 in
629 2937 713 3000 actu
736 2937 774 3001 et
796 2932 1020 3001 existentiam
1051 2952 1113 3000 sen
1143 2951 1218 2999 esse

56 3035 149 3108 buius
160 3038 333 3108 essentiae
344 3044 521 3130 tamqnam
533 3040 621 3108 duas
634 3061 689 3108 res
702 3038 902 3109 distinctas.
914 3039 1084 3107 Putamus
1096 3038 1214 3122 etiam,

56 3145 311 3215 substantialem
334 3152 497 3214 naturam
520 3147 557 3215 in
580 3147 668 3237 ipsis
693 3147 821 3230 creatis
844 3170 913 3214 non
941 3146 1062 3238 aliqua
1093 3168 1131 3213 re
1161 3167 1217 3213 su·

58 3255 239 3340 persddita,
267 3275 416 3344 quacum
439 3253 586 3344 physice
609 3261 845 3344 componatur,
871 3277 946 3324 esse
969 3252 1215 3344 hypostasim,

58 3360 105 3428 sed
125 3383 163 3431 eo
187 3361 313 3445 solum,
332 3360 424 3452 quod
447 3367 502 3430 est
524 3367 599 3430 tota
623 3363 703 3446 sibi,
725 3369 761 3431 et
783 3385 851 3430 non
874 3369 1005 3430 natura
1027 3360 1219 3451 superioris

60 3464 276 3556 hypostaseos
300 3489 362 3556 per
385 3468 522 3536 modum
546 3469 682 3558 partis,
708 3469 750 3537 de
774 3489 843 3560 qua
866 3492 904 3537 rs
926 3469 964 3536 in
988 3474 1147 3536 tractatu
1177 3468 1218 3536 de

58 3572 289 3645 lncarnaticns
315 3575 450 3664 prolixe
480 3575 754 3666 disputavimus.
785 3577 1014 3646 Concedimus
1041 3577 1216 3666 denique,

61 3683 176 3768 padus
199 3685 461 3775 metaphysicos
483 3682 647 3752 animalis
662 3706 692 3752 e.
711 3709 747 3774 g.
761 3690 798 3752 et
819 3683 1006 3752 rationalis
1022 3684 1060 3751 in
1082 3684 1219 3753 homine

61 3809 116 3857 non
135 3793 291 3883 componi
314 3799 357 3862 ut
379 3793 466 3861 duas
489 3799 607 3882 partes
630 3793 743 3860 reales
772 3791 817 3861 ad
850 3815 957 3860 unum
992 3799 1131 3876 totum,
1158 3791 1218 3860 sed

63 3917 123 3966 csse
142 3923 245 3968 unam
269 3924 366 3984 rem,
392 3900 429 3968 in
453 3922 522 3992 qna
555 3909 672 3968 tamen
702 3901 920 3989 praecisione
947 3900 1115 3966 obiectica
1151 3899 1219 3967 duo

64 4001 313 4097 distinguantur
336 4008 412 4092 ita,
439 4016 481 4077 ut
504 4008 594 4100 qaod
621 4006 840 4096 intelligitur
864 4013 1033 4096 conceptu
1056 4008 1215 4095 generis,

66 4131 118 4180 non
138 4117 297 4187 includat
312 4115 416 4200 illud,
437 4115 527 4207 qnod
550 4115 768 4204 intelligitur
792 4119 960 4205 conceptu
983 4115 1217 4186 differentiae.

68 4213 333 4312 Cempsiticnem
354 4224 471 4312 igitur
494 4223 796 4314 methaphysicam
819 4244 888 4289 non
911 4222 988 4291 ideo
1011 4223 1049 4291 in
1072 4225 1144 4293 Deo
1168 4247 1219 4293 re·

69 4345 203 4415 pugnare
226 4331 455 4416 defendimus,
475 4332 559 4423 quia
580 4332 618 4399 in
641 4354 683 4399 ea
705 4335 824 4422 partes
848 4339 1059 4400 concurrant
1074 4331 1219 4401 realiter

72 4426 258 4524 distinctae,
285 4460 373 4531 quac
403 4460 485 4508 sanc
508 4438 546 4508 in
570 4437 782 4528 perfectione
818 4435 961 4506 infinita
993 4439 1112 4508 nullae
1145 4461 1219 4508 esse
