3262 5076
563 389 600 404 -
622 355 679 419 5³1
704 389 741 404 -
1223 417 1225 424 .

133 461 374 534 Nihilominus
397 461 567 534 Calvinus
591 487 658 532 non
681 485 761 532 raro
784 463 866 534 aliis
889 462 927 532 iu
949 463 1048 548 locis,
1075 463 1135 532 ubi
1163 465 1243 555 agit

68 572 109 641 dc
132 591 240 641 censa
259 577 479 662 peccatorum
503 577 539 641 et
561 571 728 640 interitus
745 572 934 657 hominum,
954 571 1149 640 considerat
1163 593 1242 641 caa-

67 701 139 747 sam
164 677 290 747 horum
316 678 522 769 proximam,
549 701 636 770 qaae
660 678 762 747 iuxta
785 678 898 768 ipsum
923 684 978 746 est
999 678 1161 768 pravitas
1182 699 1243 746 na·

66 792 169 854 turae
185 791 221 854 et
235 785 425 855 necessitas
440 785 605 876 peccandi
622 786 766 854 inducta
783 807 844 875 per
860 791 1039 875 peccatum
1054 785 1239 875 originale.

65 891 160 962 Haec
192 893 352 962 doctrina
375 893 497 962 multis
521 892 762 978 calvinianis,
788 917 874 986 quos
897 893 1027 983 puduit
1049 893 1242 983 impietatis

66 1000 121 1069 sai
134 1000 314 1089 magistri,
328 1001 592 1070 fundamentum
604 1002 767 1093 praebuit
774 1001 926 1091 negandi
935 1001 1120 1070 Calvinum
1132 1001 1242 1070 fuisse
1356 1025 1359 1032 ·

65 1105 100 1174 in
124 1104 266 1175 haeresi
296 1107 627 1196 cordapsos-iorum,
653 1131 694 1178 ac
716 1107 897 1177 nonnullis
923 1108 1029 1176 etiam
1058 1106 1243 1176 catholicis

66 1220 107 1284 ut
128 1215 312 1284 Honorato
336 1215 517 1306 Tournely
541 1217 754 1307 (Dereprob.
769 1224 837 1286 art.
853 1217 904 1303 2.)
928 1216 1105 1308 probabile
1128 1216 1244 1285 reddi·

67 1322 132 1408 dit,
161 1345 241 1392 eum
268 1324 445 1393 «subinde
468 1325 651 1393 transiisse
674 1325 719 1394 ad
742 1333 860 1416 partes
878 1326 1238 1416 posticipat-ieram.»

64 1431 113 1499 At
139 1430 315 1501 Calvinus
333 1433 407 1521 ipse
427 1438 549 1503 contra
572 1434 662 1502 hanc
686 1454 769 1502 suae
792 1433 973 1504 haereseos
996 1433 1242 1502 emollitionem

64 1543 288 1630 protestatur
310 1541 428 1610 verbis
451 1541 707 1612 disertissimis.
737 1540 868 1624 «Quod
892 1542 961 1610 sibi
984 1541 1160 1632 patefacto
1175 1539 1241 1610 Dei

64 1649 171 1717 verbo
203 1670 272 1716 non
303 1650 542 1740 obtemperant
564 1650 724 1739 reprobi,
758 1651 862 1741 probe
891 1650 928 1718 id
961 1650 997 1718 in
1028 1649 1241 1739 pravitatem

64 1755 179 1825 cordis
204 1771 323 1825 eorum
346 1758 519 1843 reiicitar,
545 1757 641 1824 modo
657 1757 761 1824 cimici
777 1755 983 1839 adiicietur,
1009 1756 1083 1824 idco
1101 1759 1137 1822 in
1156 1757 1242 1822 baso

60 1866 276 1952 pravitatem
299 1862 467 1948 addictos,
485 1868 571 1957 qrcia
588 1869 678 1933 iusto
702 1864 759 1932 aad
783 1865 1006 1932 inscrutabili
1028 1863 1241 1932 iudiciarias·

63 1973 166 2038 citat-i
186 1987 270 2039 caat
293 1971 339 2040 ad
356 1974 508 2064 pieriam
532 1977 604 2041 cias
623 1998 686 2042 saa
710 1971 930 2040 damnatione
955 1973 1203 2040 illustrandam
1220 1999 1237 2034 a

64 2101 91 2148 c.
107 2079 165 2148 24.
180 2103 218 2147 n.
234 2080 290 2170 14;
305 2083 351 2151 cf.
367 2105 397 2151 c.
413 2081 470 2150 23.
483 2106 519 2150 ιι.
535 2081 568 2151 9.
587 2081 713 2174 Itaque
729 2103 835 2152 causa
851 2081 1009 2172 proxima
1020 2089 1238 2173 peccatoram

65 2192 100 2261 in
122 2191 288 2284 reprobis
306 2191 513 2279 assignatur
531 2211 552 2256 a
568 2189 715 2258 Calvino
730 2195 860 2258 natura
876 2193 1042 2279 corrupta
1057 2193 1099 2282 et¹
1110 2187 1242 2257 infecta

67 2323 126 2390 per
149 2305 334 2392 peccatum
346 2297 458 2384 Adae;
477 2302 515 2366 at
530 2319 636 2366 causa
651 2320 813 2388 suprema
831 2297 1096 2388 praedestinans
1114 2304 1150 2366 et
1165 2318 1242 2386 pec·

68 2413 185 2476 catum
210 2405 309 2474 Adae
332 2411 369 2473 et
391 2404 603 2494 pravitatem
626 2411 843 2494 posterorum
866 2408 921 2472 est
944 2403 1019 2493 ipse
1033 2403 1141 2472 Deus.
1161 2402 1242 2470 Tali

67 2538 149 2584 vero
173 2512 350 2584 sententia
374 2511 458 2604 quid
481 2513 594 2601 magis
617 2511 785 2602 impium,
812 2511 1017 2602 Scripturas
1040 2518 1076 2579 et
1099 2511 1167 2579 toti
1190 2533 1242 2580 re·

70 2618 252 2703 velationi,
278 2618 381 2686 immo
404 2617 474 2706 ipsi
496 2616 624 2685 lumini
646 2617 806 2700 rationis,
829 2639 896 2708 quc
920 2615 1043 2684 divina
1066 2616 1243 2685 attributa

65 2726 282 2811 sanctitatis,
300 2725 470 2794 bonitatis
491 2731 528 2794 et
552 2724 712 2794 iustitiae
735 2723 982 2814 intelligimus,
1002 2723 1115 2813 magis
1138 2745 1240 2813 repa-

67 2857 176 2924 gnans
203 2832 398 2922 excogitari
421 2830 563 2922 potuit?
579 2831 670 2901 Vide
685 2833 809 2901 Petav.
824 2832 850 2901 1.
865 2830 911 2900 X.
927 2853 956 2900 o.
973 2831 1006 2899 6.
1022 2854 1098 2923 sqq.

130 2941 178 3010 2⁰.
207 2939 552 3029 Iasralapsarioram
568 2939 733 3028 dogmata
752 2945 794 3007 ut
808 2939 846 3006 iu
862 2937 995 3028 synodo
1018 2938 1241 3008 Dordracsne

66 3069 86 3116 a
107 3046 322 3119 Gomaristia
338 3069 400 3115 seu
418 3045 855 3116 Contraremonstrantibae
877 3045 1048 3115 adversus
1064 3045 1238 3114 Arminia·

65 3176 124 3222 nos
148 3176 214 3224 seu
236 3153 511 3222 Remonsrrantes
535 3153 637 3222 annis
653 3151 753 3221 1618.
769 3152 870 3222 1619.
889 3159 974 3221 sunt
989 3151 1178 3236 declarata,
1195 3151 1240 3220 ad

66 3260 202 3354 aliquot
224 3260 343 3350 capita
365 3259 606 3328 revocabimus
629 3259 693 3345 ita,
721 3265 762 3328 at
785 3259 890 3328 simul
914 3259 1129 3343 adnotemus,
1156 3279 1238 3350 qua·

68 3373 167 3437 tenus
192 3365 376 3435 Iansenius
399 3365 437 3435 iu
461 3389 523 3434 suo
545 3366 749 3456 Augustino
772 3366 812 3435 P.
828 3365 898 3435 111.
921 3367 963 3436 de
983 3365 1085 3436 Grat.
1106 3363 1241 3435 Christi

68 3472 93 3543 l.
106 3475 172 3544 IX.
187 3480 225 3544 et
235 3473 282 3542 X.
296 3473 343 3542 iis
357 3473 566 3543 consentiat.
1098 3484 1100 3492 ’

132 3589 168 3671 a)
186 3583 374 3652 Decretum
394 3582 574 3652 electionis
597 3588 634 3651 et
656 3581 912 3672 reprobationis
935 3583 1091 3652 refertur
1114 3581 1157 3650 ad
1180 3581 1239 3650 ho·

72 3691 190 3778 mines,
211 3691 273 3784 qui
296 3713 358 3782 per
380 3698 560 3781 peccatum
575 3689 674 3759 Adae
699 3712 814 3758 omnes
837 3696 922 3760 sant
944 3689 1084 3760 obnoxii
1101 3690 1239 3758 demna·

71 3799 167 3869 tioni.
202 3800 262 3870 Ita
290 3799 415 3870 docent
444 3799 659 3868 Dordraceni
689 3821 765 3891 cap.
784 3798 815 3868 1.
834 3806 904 3870 art.
924 3799 1002 3868 1-6.
1028 3798 1078 3867 De
1102 3797 1239 3866 decreto
1270 3847 1272 3850 -

72 4015 178 4085 aliquid
198 4033 306 4084 creare,
326 4016 403 4072 illud
421 4033 478 4072 non
495 4021 591 4087 potest
610 4033 666 4073 non
686 4019 817 4074 eomodo
838 4019 916 4087 fleri;
937 4020 1007 4073 licet
1024 4033 1076 4087 per
1092 4033 1122 4073 sc
1142 4025 1239 4088 posset

71 4104 127 4160 leri
145 4109 247 4162 maltis
264 4109 333 4162 aliis
359 4107 460 4162 modis.
481 4109 568 4162 quta
586 4109 737 4165 Calvinum
762 4125 828 4177 ergo
851 4125 907 4164 non
927 4110 1011 4162 iuxta
1026 4109 1236 4180 Augustiana,

73 4197 102 4246 ut
116 4195 195 4252 bomo
215 4200 311 4265 peccet
329 4201 359 4250 et
379 4213 430 4265 per
443 4201 587 4265 peccatum
610 4198 641 4252 in
662 4203 811 4252 aeternam
826 4203 933 4266 pereat,
957 4214 1013 4252 non
1030 4199 1122 4264 magis
1134 4199 1240 4267 pendet

74 4288 255 4340 avolantatc
274 4287 409 4354 bominls,
428 4302 512 4355 quam
534 4287 678 4355 pendebat
698 4305 715 4342 a
735 4289 884 4342 voluntate
903 4287 990 4356 Adae,
1012 4291 1046 4342 nt
1067 4289 1240 4343 formaretur

75 4373 296 4442 cabastense,
311 4378 428 4443 peccata
442 4377 471 4428 ct
489 4375 629 4430 interitus
643 4376 788 4431 hominum
801 4379 870 4432 sunt
880 4391 915 4430 ex
925 4379 1075 4432 voluntate
1085 4377 1139 4431 Del
1150 4391 1239 4445 aeque

75 4474 102 4514 sc
117 4463 251 4520 tornatio
271 4465 361 4535 primi
379 4464 513 4520 hominia.

1091 4572 1110 4607 e
