<?xml version="1.0" encoding="UTF-8"?>
<!DOCTYPE html PUBLIC "-//W3C//DTD XHTML 1.0 Transitional//EN"
    "http://www.w3.org/TR/xhtml1/DTD/xhtml1-transitional.dtd">
<html xmlns="http://www.w3.org/1999/xhtml" xml:lang="en" lang="en">
 <head>
  <title>
</title>
<meta http-equiv="Content-Type" content="text/html;charset=utf-8" />
  <meta name='ocr-system' content='tesseract 3.04.00' />
  <meta name='ocr-capabilities' content='ocr_page ocr_carea ocr_par ocr_line ocrx_word'/>
</head>
<body>
  <div class='ocr_page' id='page_1' title='image "./ioannisbaptfran01frangoog_0220.png"; bbox 0 0 3240 5064; ppageno 0'>
   <div class='ocr_carea' id='block_1_1' title="bbox 36 339 1205 3850">
    <p class='ocr_par' dir='ltr' id='par_1_1' title="bbox 520 339 697 400">
     <span class='ocr_line' id='line_1_1' title="bbox 520 339 697 400; baseline -0.011 0"><span class='ocrx_word' id='word_1_1' title='bbox 520 373 556 386; x_wconf 85' lang='lat'>-</span> <span class='ocrx_word' id='word_1_2' title='bbox 579 339 638 400; x_wconf 73' lang='lat'><strong>203</strong></span> <span class='ocrx_word' id='word_1_3' title='bbox 661 373 697 386; x_wconf 86' lang='lat'><em>-</em></span> 
     </span>
    </p>

    <p class='ocr_par' dir='ltr' id='par_1_2' title="bbox 36 444 1199 2467">
     <span class='ocr_line' id='line_1_2' title="bbox 40 444 1195 532; baseline 0 -20"><span class='ocrx_word' id='word_1_4' title='bbox 40 454 139 514; x_wconf 84' lang='lat' dir='ltr'><strong>tamen</strong></span> <span class='ocrx_word' id='word_1_5' title='bbox 161 444 330 532; x_wconf 77' lang='lat' dir='ltr'><strong>analogia</strong></span> <span class='ocrx_word' id='word_1_6' title='bbox 361 444 544 512; x_wconf 81' lang='lat' dir='ltr'><strong>habituum</strong></span> <span class='ocrx_word' id='word_1_7' title='bbox 574 445 897 532; x_wconf 73' lang='lat' dir='ltr'><strong>supernaturalium</strong></span> <span class='ocrx_word' id='word_1_8' title='bbox 928 452 964 514; x_wconf 90' lang='lat' dir='ltr'><strong>et</strong></span> <span class='ocrx_word' id='word_1_9' title='bbox 991 447 1195 514; x_wconf 90' lang='lat' dir='ltr'><strong>nominatim</strong></span> 
     </span>
     <span class='ocr_line' id='line_1_3' title="bbox 40 551 1196 642; baseline 0.003 -26"><span class='ocrx_word' id='word_1_10' title='bbox 40 551 167 620; x_wconf 86' lang='lat' dir='ltr'><strong>habitus</strong></span> <span class='ocrx_word' id='word_1_11' title='bbox 189 552 293 635; x_wconf 83' lang='lat' dir='ltr'><strong>fidei,</strong></span> <span class='ocrx_word' id='word_1_12' title='bbox 319 551 381 642; x_wconf 91' lang='lat' dir='ltr'><strong>qui</strong></span> <span class='ocrx_word' id='word_1_13' title='bbox 405 551 449 619; x_wconf 86' lang='lat' dir='ltr'><strong>ad</strong></span> <span class='ocrx_word' id='word_1_14' title='bbox 473 557 574 620; x_wconf 86' lang='lat' dir='ltr'><strong>actus</strong></span> <span class='ocrx_word' id='word_1_15' title='bbox 598 551 884 639; x_wconf 75' lang='lat' dir='ltr'><strong>supernaturales</strong></span> <span class='ocrx_word' id='word_1_16' title='bbox 917 551 1196 620; x_wconf 75' lang='lat' dir='ltr'><strong>connaturaliter</strong></span> 
     </span>
     <span class='ocr_line' id='line_1_4' title="bbox 37 658 1196 741; baseline 0 -15"><span class='ocrx_word' id='word_1_17' title='bbox 37 659 208 728; x_wconf 82' lang='lat' dir='ltr'><strong>eliciendos</strong></span> <span class='ocrx_word' id='word_1_18' title='bbox 232 659 473 727; x_wconf 79' lang='lat' dir='ltr'><strong>nfundmtur</strong></span> <span class='ocrx_word' id='word_1_19' title='bbox 496 658 532 725; x_wconf 90' lang='lat' dir='ltr'><strong>iu</strong></span> <span class='ocrx_word' id='word_1_20' title='bbox 565 658 630 726; x_wconf 88' lang='lat' dir='ltr'><strong>hac</strong></span> <span class='ocrx_word' id='word_1_21' title='bbox 654 659 750 741; x_wconf 92' lang='lat' dir='ltr'><strong>vita,</strong></span> <span class='ocrx_word' id='word_1_22' title='bbox 776 663 812 728; x_wconf 91' lang='lat' dir='ltr'><strong>et</strong></span> <span class='ocrx_word' id='word_1_23' title='bbox 835 658 977 727; x_wconf 89' lang='lat' dir='ltr'><strong>habitus</strong></span> <span class='ocrx_word' id='word_1_24' title='bbox 1010 659 1196 728; x_wconf 85' lang='lat' dir='ltr'><strong>charitatis</strong></span> 
     </span>
     <span class='ocr_line' id='line_1_5' title="bbox 37 764 1194 855; baseline 0 -23"><span class='ocrx_word' id='word_1_25' title='bbox 37 789 223 853; x_wconf 84' lang='lat' dir='ltr'><strong>permanens</strong></span> <span class='ocrx_word' id='word_1_26' title='bbox 247 767 353 834; x_wconf 90' lang='lat' dir='ltr'><strong>etiam</strong></span> <span class='ocrx_word' id='word_1_27' title='bbox 377 765 415 832; x_wconf 90' lang='lat' dir='ltr'><strong>in</strong></span> <span class='ocrx_word' id='word_1_28' title='bbox 439 764 553 833; x_wconf 89' lang='lat' dir='ltr'><strong>altera</strong></span> <span class='ocrx_word' id='word_1_29' title='bbox 576 766 672 848; x_wconf 89' lang='lat' dir='ltr'><strong>vita,</strong></span> <span class='ocrx_word' id='word_1_30' title='bbox 698 771 735 832; x_wconf 92' lang='lat' dir='ltr'><strong>et</strong></span> <span class='ocrx_word' id='word_1_31' title='bbox 758 766 947 834; x_wconf 89' lang='lat' dir='ltr'><strong>communis</strong></span> <span class='ocrx_word' id='word_1_32' title='bbox 971 789 1075 855; x_wconf 90' lang='lat' dir='ltr'><strong>penes</strong></span> <span class='ocrx_word' id='word_1_33' title='bbox 1098 766 1194 834; x_wconf 90' lang='lat' dir='ltr'><strong>theo·</strong></span> 
     </span>
     <span class='ocr_line' id='line_1_6' title="bbox 36 872 1196 962; baseline 0.003 -25"><span class='ocrx_word' id='word_1_34' title='bbox 36 872 119 960; x_wconf 83' lang='lat' dir='ltr'><strong>logos</strong></span> <span class='ocrx_word' id='word_1_35' title='bbox 140 873 297 962; x_wconf 87' lang='lat' dir='ltr'><strong>acceptio</strong></span> <span class='ocrx_word' id='word_1_36' title='bbox 321 873 465 938; x_wconf 76' lang='lat' dir='ltr'><strong>laminir</strong></span> <span class='ocrx_word' id='word_1_37' title='bbox 494 872 632 961; x_wconf 74' lang='lat' dir='ltr'><strong>plor-ios</strong></span> <span class='ocrx_word' id='word_1_38' title='bbox 655 895 716 962; x_wconf 90' lang='lat' dir='ltr'><strong>pro</strong></span> <span class='ocrx_word' id='word_1_39' title='bbox 740 873 829 941; x_wconf 89' lang='lat' dir='ltr'><strong>dono</strong></span> <span class='ocrx_word' id='word_1_40' title='bbox 863 873 1068 942; x_wconf 84' lang='lat' dir='ltr'><strong>inhaerente</strong></span> <span class='ocrx_word' id='word_1_41' title='bbox 1098 874 1196 941; x_wconf 85' lang='lat' dir='ltr'><strong>habi-</strong></span> 
     </span>
     <span class='ocr_line' id='line_1_7' title="bbox 36 979 1195 1070; baseline 0.002 -24"><span class='ocrx_word' id='word_1_42' title='bbox 36 979 125 1064; x_wconf 90' lang='lat' dir='ltr'><strong>tuali,</strong></span> <span class='ocrx_word' id='word_1_43' title='bbox 149 981 339 1048; x_wconf 86' lang='lat' dir='ltr'><strong>secuudum</strong></span> <span class='ocrx_word' id='word_1_44' title='bbox 362 1003 462 1070; x_wconf 90' lang='lat' dir='ltr'><strong>quem</strong></span> <span class='ocrx_word' id='word_1_45' title='bbox 487 1002 586 1048; x_wconf 88' lang='lat' dir='ltr'><strong>usum</strong></span> <span class='ocrx_word' id='word_1_46' title='bbox 611 985 795 1070; x_wconf 87' lang='lat' dir='ltr'><strong>propterea</strong></span> <span class='ocrx_word' id='word_1_47' title='bbox 812 980 922 1047; x_wconf 78' lang='lat' dir='ltr'><strong>lamen</strong></span> <span class='ocrx_word' id='word_1_48' title='bbox 938 981 1074 1070; x_wconf 75' lang='lat' dir='ltr'><strong>pieriae</strong></span> <span class='ocrx_word' id='word_1_49' title='bbox 1090 982 1195 1048; x_wconf 91' lang='lat' dir='ltr'><strong>etiam</strong></span> 
     </span>
     <span class='ocr_line' id='line_1_8' title="bbox 38 1085 1195 1174; baseline 0.002 -22"><span class='ocrx_word' id='word_1_50' title='bbox 38 1085 291 1155; x_wconf 82' lang='lat' dir='ltr'><strong>hClementino</strong></span> <span class='ocrx_word' id='word_1_51' title='bbox 315 1088 452 1156; x_wconf 88' lang='lat' dir='ltr'><strong>decreto</strong></span> <span class='ocrx_word' id='word_1_52' title='bbox 475 1085 719 1174; x_wconf 87' lang='lat' dir='ltr'><strong>explicandum</strong></span> <span class='ocrx_word' id='word_1_53' title='bbox 741 1092 806 1169; x_wconf 85' lang='lat' dir='ltr'><strong>est,</strong></span> <span class='ocrx_word' id='word_1_54' title='bbox 825 1087 1040 1167; x_wconf 81' lang='lat' dir='ltr'><strong>sufficienter¹</strong></span> <span class='ocrx_word' id='word_1_55' title='bbox 1060 1087 1195 1156; x_wconf 90' lang='lat' dir='ltr'><strong>demon-</strong></span> 
     </span>
     <span class='ocr_line' id='line_1_9' title="bbox 38 1193 1196 1283; baseline 0.002 -25"><span class='ocrx_word' id='word_1_56' title='bbox 38 1200 153 1278; x_wconf 86' lang='lat' dir='ltr'><strong>strant,</strong></span> <span class='ocrx_word' id='word_1_57' title='bbox 170 1194 288 1262; x_wconf 90' lang='lat' dir='ltr'><strong>lumen</strong></span> <span class='ocrx_word' id='word_1_58' title='bbox 305 1194 438 1283; x_wconf 86' lang='lat' dir='ltr'><strong>gloriae</strong></span> <span class='ocrx_word' id='word_1_59' title='bbox 453 1216 522 1260; x_wconf 91' lang='lat' dir='ltr'><strong>non</strong></span> <span class='ocrx_word' id='word_1_60' title='bbox 538 1193 648 1262; x_wconf 89' lang='lat' dir='ltr'><strong>solum</strong></span> <span class='ocrx_word' id='word_1_61' title='bbox 665 1216 727 1282; x_wconf 87' lang='lat' dir='ltr'><strong>per</strong></span> <span class='ocrx_word' id='word_1_62' title='bbox 744 1193 881 1260; x_wconf 90' lang='lat' dir='ltr'><strong>modum</strong></span> <span class='ocrx_word' id='word_1_63' title='bbox 897 1193 1024 1260; x_wconf 87' lang='lat' dir='ltr'><strong>auxilii</strong></span> <span class='ocrx_word' id='word_1_64' title='bbox 1044 1193 1196 1262; x_wconf 80' lang='lat' dir='ltr'><strong>actualia</strong></span> 
     </span>
     <span class='ocr_line' id='line_1_10' title="bbox 39 1299 1195 1390; baseline 0 -24"><span class='ocrx_word' id='word_1_65' title='bbox 39 1299 87 1366; x_wconf 86' lang='lat' dir='ltr'><strong>sed</strong></span> <span class='ocrx_word' id='word_1_66' title='bbox 101 1323 160 1390; x_wconf 90' lang='lat' dir='ltr'><strong>per</strong></span> <span class='ocrx_word' id='word_1_67' title='bbox 176 1301 315 1368; x_wconf 85' lang='lat' dir='ltr'><strong>modurn</strong></span> <span class='ocrx_word' id='word_1_68' title='bbox 339 1299 483 1368; x_wconf 88' lang='lat' dir='ltr'><strong>habitus</strong></span> <span class='ocrx_word' id='word_1_69' title='bbox 502 1300 738 1382; x_wconf 89' lang='lat' dir='ltr'><strong>immanentis,</strong></span> <span class='ocrx_word' id='word_1_70' title='bbox 757 1324 824 1367; x_wconf 89' lang='lat' dir='ltr'><strong>non</strong></span> <span class='ocrx_word' id='word_1_71' title='bbox 841 1299 885 1367; x_wconf 89' lang='lat' dir='ltr'><strong>ad</strong></span> <span class='ocrx_word' id='word_1_72' title='bbox 902 1299 1099 1388; x_wconf 83' lang='lat' dir='ltr'><strong>analogiam</strong></span> <span class='ocrx_word' id='word_1_73' title='bbox 1116 1322 1195 1388; x_wconf 81' lang='lat' dir='ltr'><strong>gra-</strong></span> 
     </span>
     <span class='ocr_line' id='line_1_11' title="bbox 38 1406 1197 1497; baseline 0.001 -25"><span class='ocrx_word' id='word_1_74' title='bbox 38 1407 98 1474; x_wconf 87' lang='lat' dir='ltr'><strong>tiae</strong></span> <span class='ocrx_word' id='word_1_75' title='bbox 120 1409 273 1476; x_wconf 87' lang='lat' dir='ltr'><strong>actualis</strong></span> <span class='ocrx_word' id='word_1_76' title='bbox 297 1408 357 1475; x_wconf 86' lang='lat' dir='ltr'><strong>sed</strong></span> <span class='ocrx_word' id='word_1_77' title='bbox 379 1409 424 1476; x_wconf 88' lang='lat' dir='ltr'><strong>ad</strong></span> <span class='ocrx_word' id='word_1_78' title='bbox 447 1408 645 1497; x_wconf 85' lang='lat' dir='ltr'><strong>analogiam</strong></span> <span class='ocrx_word' id='word_1_79' title='bbox 670 1407 864 1476; x_wconf 83' lang='lat' dir='ltr'><strong>habitualis</strong></span> <span class='ocrx_word' id='word_1_80' title='bbox 887 1407 1025 1496; x_wconf 81' lang='lat' dir='ltr'><strong>gratiae</strong></span> <span class='ocrx_word' id='word_1_81' title='bbox 1041 1406 1197 1495; x_wconf 82' lang='lat' dir='ltr'><strong>intelligi</strong></span> 
     </span>
     <span class='ocr_line' id='line_1_12' title="bbox 40 1514 1197 1606; baseline 0.001 -26"><span class='ocrx_word' id='word_1_82' title='bbox 40 1514 158 1584; x_wconf 87' lang='lat' dir='ltr'><strong>debere.</strong></span> <span class='ocrx_word' id='word_1_83' title='bbox 179 1547 197 1580; x_wconf 78' lang='lat' dir='ltr'><strong>a</strong></span> <span class='ocrx_word' id='word_1_84' title='bbox 221 1516 301 1586; x_wconf 87' lang='lat' dir='ltr'><strong>Nou</strong></span> <span class='ocrx_word' id='word_1_85' title='bbox 324 1516 436 1584; x_wconf 89' lang='lat' dir='ltr'><strong>solum</strong></span> <span class='ocrx_word' id='word_1_86' title='bbox 459 1516 653 1584; x_wconf 87' lang='lat' dir='ltr'><strong>absolutam</strong></span> <span class='ocrx_word' id='word_1_87' title='bbox 676 1515 741 1584; x_wconf 91' lang='lat' dir='ltr'><strong>Dei</strong></span> <span class='ocrx_word' id='word_1_88' title='bbox 766 1515 1049 1606; x_wconf 79' lang='lat' dir='ltr'><strong>omnipotentiam</strong></span> <span class='ocrx_word' id='word_1_89' title='bbox 1074 1515 1197 1582; x_wconf 90' lang='lat' dir='ltr'><strong>rimari</strong></span> 
     </span>
     <span class='ocr_line' id='line_1_13' title="bbox 39 1619 1197 1714; baseline 0.003 -29"><span class='ocrx_word' id='word_1_90' title='bbox 39 1619 134 1705; x_wconf 84' lang='lat' dir='ltr'><strong>decet,</strong></span> <span class='ocrx_word' id='word_1_91' title='bbox 152 1622 212 1690; x_wconf 87' lang='lat' dir='ltr'><strong>sed</strong></span> <span class='ocrx_word' id='word_1_92' title='bbox 228 1623 314 1714; x_wconf 90' lang='lat' dir='ltr'><strong>quid</strong></span> <span class='ocrx_word' id='word_1_93' title='bbox 337 1621 475 1692; x_wconf 85' lang='lat' dir='ltr'><strong>debitus</strong></span> <span class='ocrx_word' id='word_1_94' title='bbox 499 1645 615 1690; x_wconf 89' lang='lat' dir='ltr'><strong>rerum</strong></span> <span class='ocrx_word' id='word_1_95' title='bbox 631 1622 715 1689; x_wconf 88' lang='lat' dir='ltr'><strong>ordo</strong></span> <span class='ocrx_word' id='word_1_96' title='bbox 731 1621 906 1711; x_wconf 88' lang='lat' dir='ltr'><strong>deposcat.</strong></span> <span class='ocrx_word' id='word_1_97' title='bbox 924 1621 1091 1711; x_wconf 86' lang='lat' dir='ltr'><strong>Disponit</strong></span> <span class='ocrx_word' id='word_1_98' title='bbox 1105 1621 1197 1688; x_wconf 90' lang='lat' dir='ltr'><strong>euim</strong></span> 
     </span>
     <span class='ocr_line' id='line_1_14' title="bbox 40 1727 1198 1818; baseline 0.001 -24"><span class='ocrx_word' id='word_1_99' title='bbox 40 1727 122 1796; x_wconf 88' lang='lat' dir='ltr'><strong>Deus</strong></span> <span class='ocrx_word' id='word_1_100' title='bbox 144 1729 259 1796; x_wconf 89' lang='lat' dir='ltr'><strong>omnia</strong></span> <span class='ocrx_word' id='word_1_101' title='bbox 283 1729 454 1797; x_wconf 88' lang='lat' dir='ltr'><strong>suaviter.</strong></span> <span class='ocrx_word' id='word_1_102' title='bbox 473 1729 592 1818; x_wconf 87' lang='lat' dir='ltr'><strong>Igitur</strong></span> <span class='ocrx_word' id='word_1_103' title='bbox 609 1751 687 1798; x_wconf 89' lang='lat' dir='ltr'><strong>cnm</strong></span> <span class='ocrx_word' id='word_1_104' title='bbox 703 1751 759 1796; x_wconf 91' lang='lat' dir='ltr'><strong>res</strong></span> <span class='ocrx_word' id='word_1_105' title='bbox 777 1729 958 1796; x_wconf 86' lang='lat' dir='ltr'><strong>naturales</strong></span> <span class='ocrx_word' id='word_1_106' title='bbox 982 1729 1057 1797; x_wconf 90' lang='lat' dir='ltr'><strong>suis</strong></span> <span class='ocrx_word' id='word_1_107' title='bbox 1080 1733 1198 1818; x_wconf 92' lang='lat' dir='ltr'><strong>poten-</strong></span> 
     </span>
     <span class='ocr_line' id='line_1_15' title="bbox 41 1834 1198 1926; baseline 0 -26"><span class='ocrx_word' id='word_1_108' title='bbox 41 1834 95 1901; x_wconf 85' lang='lat' dir='ltr'><strong>tiis</strong></span> <span class='ocrx_word' id='word_1_109' title='bbox 115 1843 147 1904; x_wconf 90' lang='lat' dir='ltr'><strong>et</strong></span> <span class='ocrx_word' id='word_1_110' title='bbox 170 1837 369 1904; x_wconf 90' lang='lat' dir='ltr'><strong>virtutibus</strong></span> <span class='ocrx_word' id='word_1_111' title='bbox 392 1837 615 1920; x_wconf 88' lang='lat' dir='ltr'><strong>instruxerit,</strong></span> <span class='ocrx_word' id='word_1_112' title='bbox 634 1841 670 1904; x_wconf 91' lang='lat' dir='ltr'><strong>et</strong></span> <span class='ocrx_word' id='word_1_113' title='bbox 692 1843 853 1926; x_wconf 86' lang='lat' dir='ltr'><strong>respectu</strong></span> <span class='ocrx_word' id='word_1_114' title='bbox 877 1834 1198 1924; x_wconf 88' lang='lat' dir='ltr'><strong>supernaturalium</strong></span> 
     </span>
     <span class='ocr_line' id='line_1_16' title="bbox 41 1941 1199 2034; baseline 0.001 -26"><span class='ocrx_word' id='word_1_115' title='bbox 41 1965 93 2010; x_wconf 90' lang='lat' dir='ltr'><strong>uos</strong></span> <span class='ocrx_word' id='word_1_116' title='bbox 107 1944 207 2012; x_wconf 85' lang='lat' dir='ltr'><strong>etiam</strong></span> <span class='ocrx_word' id='word_1_117' title='bbox 223 1944 404 2012; x_wconf 91' lang='lat' dir='ltr'><strong>habitibus</strong></span> <span class='ocrx_word' id='word_1_118' title='bbox 419 1945 549 2012; x_wconf 87' lang='lat' dir='ltr'><strong>infusis</strong></span> <span class='ocrx_word' id='word_1_119' title='bbox 569 1943 767 2028; x_wconf 88' lang='lat' dir='ltr'><strong>donaverit,</strong></span> <span class='ocrx_word' id='word_1_120' title='bbox 787 1943 913 2034; x_wconf 89' lang='lat' dir='ltr'><strong>quibus</strong></span> <span class='ocrx_word' id='word_1_121' title='bbox 931 1943 1067 2011; x_wconf 86' lang='lat' dir='ltr'><strong>debitas</strong></span> <span class='ocrx_word' id='word_1_122' title='bbox 1083 1941 1199 2011; x_wconf 88' lang='lat' dir='ltr'><strong>valea·</strong></span> 
     </span>
     <span class='ocr_line' id='line_1_17' title="bbox 41 2047 1198 2138; baseline 0.001 -23"><span class='ocrx_word' id='word_1_123' title='bbox 41 2073 107 2118; x_wconf 90' lang='lat' dir='ltr'><strong>nus</strong></span> <span class='ocrx_word' id='word_1_124' title='bbox 127 2051 280 2120; x_wconf 88' lang='lat' dir='ltr'><strong>actiones</strong></span> <span class='ocrx_word' id='word_1_125' title='bbox 303 2071 474 2134; x_wconf 86' lang='lat' dir='ltr'><strong>exercere,</strong></span> <span class='ocrx_word' id='word_1_126' title='bbox 500 2073 563 2118; x_wconf 88' lang='lat' dir='ltr'><strong>cur</strong></span> <span class='ocrx_word' id='word_1_127' title='bbox 586 2049 784 2138; x_wconf 86' lang='lat' dir='ltr'><strong>negandum</strong></span> <span class='ocrx_word' id='word_1_128' title='bbox 808 2053 873 2132; x_wconf 91' lang='lat' dir='ltr'><strong>ost,</strong></span> <span class='ocrx_word' id='word_1_129' title='bbox 893 2072 971 2117; x_wconf 90' lang='lat' dir='ltr'><strong>oum</strong></span> <span class='ocrx_word' id='word_1_130' title='bbox 995 2047 1198 2118; x_wconf 89' lang='lat' dir='ltr'><strong>intellectus</strong></span> 
     </span>
     <span class='ocr_line' id='line_1_18' title="bbox 41 2158 1199 2250; baseline 0 -24"><span class='ocrx_word' id='word_1_131' title='bbox 41 2159 238 2228; x_wconf 83' lang='lat' dir='ltr'><strong>naturaliter</strong></span> <span class='ocrx_word' id='word_1_132' title='bbox 254 2159 365 2226; x_wconf 90' lang='lat' dir='ltr'><strong>Deum</strong></span> <span class='ocrx_word' id='word_1_133' title='bbox 390 2159 510 2228; x_wconf 90' lang='lat' dir='ltr'><strong>videre</strong></span> <span class='ocrx_word' id='word_1_134' title='bbox 533 2167 706 2249; x_wconf 70' lang='lat' dir='ltr'><strong>nequeat,</strong></span> <span class='ocrx_word' id='word_1_135' title='bbox 722 2159 853 2228; x_wconf 91' lang='lat' dir='ltr'><strong>lumine</strong></span> <span class='ocrx_word' id='word_1_136' title='bbox 877 2158 996 2250; x_wconf 91' lang='lat' dir='ltr'><strong>aliquo</strong></span> <span class='ocrx_word' id='word_1_137' title='bbox 1012 2166 1048 2226; x_wconf 89' lang='lat' dir='ltr'><strong>et</strong></span> <span class='ocrx_word' id='word_1_138' title='bbox 1064 2159 1199 2226; x_wconf 89' lang='lat' dir='ltr'><strong>virtute</strong></span> 
     </span>
     <span class='ocr_line' id='line_1_19' title="bbox 43 2264 1197 2356; baseline 0 -24"><span class='ocrx_word' id='word_1_139' title='bbox 43 2268 289 2356; x_wconf 87' lang='lat' dir='ltr'><strong>supernaturali</strong></span> <span class='ocrx_word' id='word_1_140' title='bbox 313 2267 417 2335; x_wconf 87' lang='lat' dir='ltr'><strong>adid</strong></span> <span class='ocrx_word' id='word_1_141' title='bbox 442 2266 594 2335; x_wconf 89' lang='lat' dir='ltr'><strong>muueris</strong></span> <span class='ocrx_word' id='word_1_142' title='bbox 617 2265 792 2335; x_wconf 88' lang='lat' dir='ltr'><strong>divinitus</strong></span> <span class='ocrx_word' id='word_1_143' title='bbox 820 2265 999 2356; x_wconf 70' lang='lat' dir='ltr'><strong>perficit»</strong></span> <span class='ocrx_word' id='word_1_144' title='bbox 1026 2264 1197 2333; x_wconf 89' lang='lat' dir='ltr'><strong>Dominio.</strong></span> 
     </span>
     <span class='ocr_line' id='line_1_20' title="bbox 43 2373 544 2467; baseline 0.004 -27"><span class='ocrx_word' id='word_1_145' title='bbox 43 2373 115 2442; x_wconf 86' lang='lat' dir='ltr'><strong>Soto</strong></span> <span class='ocrx_word' id='word_1_146' title='bbox 129 2377 161 2443; x_wconf 85' lang='lat'><strong>4.</strong></span> <span class='ocrx_word' id='word_1_147' title='bbox 179 2376 264 2444; x_wconf 89' lang='lat' dir='ltr'><strong>dist.</strong></span> <span class='ocrx_word' id='word_1_148' title='bbox 284 2375 340 2444; x_wconf 83' lang='lat'><strong>49.</strong></span> <span class='ocrx_word' id='word_1_149' title='bbox 361 2401 394 2467; x_wconf 90' lang='lat' dir='ltr'><strong>q.</strong></span> <span class='ocrx_word' id='word_1_150' title='bbox 413 2375 447 2442; x_wconf 80' lang='lat'><strong>2.</strong></span> <span class='ocrx_word' id='word_1_151' title='bbox 463 2397 495 2442; x_wconf 93' lang='lat' dir='ltr'><strong>a.</strong></span> <span class='ocrx_word' id='word_1_152' title='bbox 510 2375 544 2442; x_wconf 91' lang='lat'><strong>4.</strong></span> 
     </span>
    </p>

    <p class='ocr_par' dir='ltr' id='par_1_3' title="bbox 46 2480 1205 3850">
     <span class='ocr_line' id='line_1_21' title="bbox 98 2480 1201 2572; baseline -0.002 -24"><span class='ocrx_word' id='word_1_153' title='bbox 98 2483 139 2548; x_wconf 76' lang='lat'><strong>4⁰.</strong></span> <span class='ocrx_word' id='word_1_154' title='bbox 163 2481 241 2550; x_wconf 86' lang='lat' dir='ltr'><strong>Non</strong></span> <span class='ocrx_word' id='word_1_155' title='bbox 265 2481 477 2564; x_wconf 73' lang='lat' dir='ltr'><strong>defuerunt,</strong></span> <span class='ocrx_word' id='word_1_156' title='bbox 504 2481 565 2572; x_wconf 94' lang='lat' dir='ltr'><strong>qui</strong></span> <span class='ocrx_word' id='word_1_157' title='bbox 595 2480 781 2564; x_wconf 88' lang='lat' dir='ltr'><strong>docerent,</strong></span> <span class='ocrx_word' id='word_1_158' title='bbox 808 2486 954 2548; x_wconf 89' lang='lat' dir='ltr'><strong>mentem</strong></span> <span class='ocrx_word' id='word_1_159' title='bbox 989 2487 1140 2548; x_wconf 82' lang='lat' dir='ltr'><strong>creatam</strong></span> <span class='ocrx_word' id='word_1_160' title='bbox 1164 2481 1201 2546; x_wconf 89' lang='lat' dir='ltr'><strong>in</strong></span> 
     </span>
     <span class='ocr_line' id='line_1_22' title="bbox 46 2587 1200 2679; baseline 0.002 -27"><span class='ocrx_word' id='word_1_161' title='bbox 46 2588 161 2656; x_wconf 83' lang='lat' dir='ltr'><strong>visione</strong></span> <span class='ocrx_word' id='word_1_162' title='bbox 185 2588 349 2657; x_wconf 86' lang='lat' dir='ltr'><strong>beatifica</strong></span> <span class='ocrx_word' id='word_1_163' title='bbox 372 2611 462 2657; x_wconf 89' lang='lat' dir='ltr'><strong>mere</strong></span> <span class='ocrx_word' id='word_1_164' title='bbox 483 2590 620 2678; x_wconf 80' lang='lat' dir='ltr'><strong>passive</strong></span> <span class='ocrx_word' id='word_1_165' title='bbox 642 2610 678 2656; x_wconf 90' lang='lat' dir='ltr'><strong>se</strong></span> <span class='ocrx_word' id='word_1_166' title='bbox 702 2587 840 2671; x_wconf 90' lang='lat' dir='ltr'><strong>habere,</strong></span> <span class='ocrx_word' id='word_1_167' title='bbox 867 2588 970 2679; x_wconf 91' lang='lat' dir='ltr'><strong>idque</strong></span> <span class='ocrx_word' id='word_1_168' title='bbox 994 2588 1200 2676; x_wconf 84' lang='lat' dir='ltr'><strong>tripliciter:</strong></span> 
     </span>
     <span class='ocr_line' id='line_1_23' title="bbox 47 2693 1198 2785; baseline 0.001 -25"><span class='ocrx_word' id='word_1_169' title='bbox 47 2695 90 2762; x_wconf 90' lang='lat' dir='ltr'><strong>vel</strong></span> <span class='ocrx_word' id='word_1_170' title='bbox 111 2699 198 2766; x_wconf 87' lang='lat' dir='ltr'><strong>enirn</strong></span> <span class='ocrx_word' id='word_1_171' title='bbox 212 2699 248 2780; x_wconf 88' lang='lat' dir='ltr'><strong>o)</strong></span> <span class='ocrx_word' id='word_1_172' title='bbox 268 2697 430 2766; x_wconf 88' lang='lat' dir='ltr'><strong>dicebaut</strong></span> <span class='ocrx_word' id='word_1_173' title='bbox 453 2697 564 2762; x_wconf 69' lang='lat' dir='ltr'><strong>lacten</strong></span> <span class='ocrx_word' id='word_1_174' title='bbox 587 2693 723 2785; x_wconf 76' lang='lat' dir='ltr'><strong>plor-iae</strong></span> <span class='ocrx_word' id='word_1_175' title='bbox 736 2717 809 2762; x_wconf 91' lang='lat' dir='ltr'><strong>esse</strong></span> <span class='ocrx_word' id='word_1_176' title='bbox 820 2698 1015 2783; x_wconf 80' lang='lat' dir='ltr'><strong>potentiam</strong></span> <span class='ocrx_word' id='word_1_177' title='bbox 1032 2695 1198 2779; x_wconf 85' lang='lat' dir='ltr'><strong>infusam,</strong></span> 
     </span>
     <span class='ocr_line' id='line_1_24' title="bbox 46 2801 1201 2894; baseline 0.002 -25"><span class='ocrx_word' id='word_1_178' title='bbox 46 2825 100 2893; x_wconf 88' lang='lat' dir='ltr'><strong>qua</strong></span> <span class='ocrx_word' id='word_1_179' title='bbox 113 2805 185 2872; x_wconf 90' lang='lat' dir='ltr'><strong>sola</strong></span> <span class='ocrx_word' id='word_1_180' title='bbox 201 2804 418 2894; x_wconf 87' lang='lat' dir='ltr'><strong>producatur</strong></span> <span class='ocrx_word' id='word_1_181' title='bbox 433 2803 536 2886; x_wconf 93' lang='lat' dir='ltr'><strong>visio,</strong></span> <span class='ocrx_word' id='word_1_182' title='bbox 551 2803 710 2894; x_wconf 89' lang='lat' dir='ltr'><strong>hancque</strong></span> <span class='ocrx_word' id='word_1_183' title='bbox 727 2801 894 2870; x_wconf 86' lang='lat' dir='ltr'><strong>visionem</strong></span> <span class='ocrx_word' id='word_1_184' title='bbox 912 2802 1019 2892; x_wconf 93' lang='lat' dir='ltr'><strong>recipi</strong></span> <span class='ocrx_word' id='word_1_185' title='bbox 1035 2801 1072 2868; x_wconf 92' lang='lat' dir='ltr'><strong>in</strong></span> <span class='ocrx_word' id='word_1_186' title='bbox 1090 2809 1201 2871; x_wconf 86' lang='lat' dir='ltr'><strong>mente</strong></span> 
     </span>
     <span class='ocr_line' id='line_1_25' title="bbox 46 2901 1203 3003; baseline 0.002 -25"><span class='ocrx_word' id='word_1_187' title='bbox 46 2917 204 3003; x_wconf 68' lang='lat' dir='ltr'><strong>unquam</strong></span> <span class='ocrx_word' id='word_1_188' title='bbox 228 2913 265 2981; x_wconf 92' lang='lat' dir='ltr'><strong>in</strong></span> <span class='ocrx_word' id='word_1_189' title='bbox 288 2914 457 3000; x_wconf 88' lang='lat' dir='ltr'><strong>subiecto;</strong></span> <span class='ocrx_word' id='word_1_190' title='bbox 477 2911 532 2981; x_wconf 94' lang='lat' dir='ltr'><strong>vel</strong></span> <span class='ocrx_word' id='word_1_191' title='bbox 551 2912 585 2999; x_wconf 82' lang='lat' dir='ltr'><strong>t)</strong></span> <span class='ocrx_word' id='word_1_192' title='bbox 605 2911 757 2995; x_wconf 88' lang='lat' dir='ltr'><strong>aiebant,</strong></span> <span class='ocrx_word' id='word_1_193' title='bbox 776 2912 890 3000; x_wconf 89' lang='lat' dir='ltr'><strong>ipsum</strong></span> <span class='ocrx_word' id='word_1_194' title='bbox 914 2917 1031 2980; x_wconf 90' lang='lat' dir='ltr'><strong>actum</strong></span> <span class='ocrx_word' id='word_1_195' title='bbox 1054 2901 1203 2980; x_wconf 77' lang='lat' dir='ltr'><strong>visio‘nis</strong></span> 
     </span>
     <span class='ocr_line' id='line_1_26' title="bbox 46 3016 1203 3109; baseline 0.005 -28"><span class='ocrx_word' id='word_1_196' title='bbox 46 3016 117 3085; x_wconf 86' lang='lat' dir='ltr'><strong>effici</strong></span> <span class='ocrx_word' id='word_1_197' title='bbox 138 3027 173 3088; x_wconf 86' lang='lat' dir='ltr'><strong>et</strong></span> <span class='ocrx_word' id='word_1_198' title='bbox 195 3021 339 3089; x_wconf 82' lang='lat' dir='ltr'><strong>infundi</strong></span> <span class='ocrx_word' id='word_1_199' title='bbox 362 3019 561 3088; x_wconf 87' lang='lat' dir='ltr'><strong>immediate</strong></span> <span class='ocrx_word' id='word_1_200' title='bbox 577 3041 598 3085; x_wconf 90' lang='lat' dir='ltr'><strong>a</strong></span> <span class='ocrx_word' id='word_1_201' title='bbox 614 3019 698 3102; x_wconf 92' lang='lat' dir='ltr'><strong>Deo,</strong></span> <span class='ocrx_word' id='word_1_202' title='bbox 717 3020 771 3086; x_wconf 90' lang='lat' dir='ltr'><strong>ita</strong></span> <span class='ocrx_word' id='word_1_203' title='bbox 786 3025 827 3086; x_wconf 88' lang='lat' dir='ltr'><strong>ut</strong></span> <span class='ocrx_word' id='word_1_204' title='bbox 843 3017 959 3086; x_wconf 90' lang='lat' dir='ltr'><strong>lumen</strong></span> <span class='ocrx_word' id='word_1_205' title='bbox 984 3019 1119 3109; x_wconf 84' lang='lat' dir='ltr'><strong>gloriae</strong></span> <span class='ocrx_word' id='word_1_206' title='bbox 1135 3041 1203 3087; x_wconf 89' lang='lat' dir='ltr'><strong>non</strong></span> 
     </span>
     <span class='ocr_line' id='line_1_27' title="bbox 48 3122 1204 3220; baseline 0.004 -33"><span class='ocrx_word' id='word_1_207' title='bbox 48 3122 84 3188; x_wconf 85' lang='lat' dir='ltr'><strong>sit</strong></span> <span class='ocrx_word' id='word_1_208' title='bbox 96 3125 191 3196; x_wconf 84' lang='lat' dir='ltr'><strong>aliud</strong></span> <span class='ocrx_word' id='word_1_209' title='bbox 207 3149 311 3218; x_wconf 89' lang='lat' dir='ltr'><strong>quam</strong></span> <span class='ocrx_word' id='word_1_210' title='bbox 327 3127 405 3217; x_wconf 86' lang='lat' dir='ltr'><strong>ipsa</strong></span> <span class='ocrx_word' id='word_1_211' title='bbox 418 3125 509 3220; x_wconf 89' lang='lat' dir='ltr'><strong>visio</strong></span> <span class='ocrx_word' id='word_1_212' title='bbox 521 3126 685 3214; x_wconf 72' lang='lat' dir='ltr'><strong>actualis,</strong></span> <span class='ocrx_word' id='word_1_213' title='bbox 697 3126 754 3195; x_wconf 90' lang='lat' dir='ltr'><strong>vel</strong></span> <span class='ocrx_word' id='word_1_214' title='bbox 769 3127 799 3209; x_wconf 83' lang='lat' dir='ltr'><strong>o)</strong></span> <span class='ocrx_word' id='word_1_215' title='bbox 810 3125 1072 3214; x_wconf 89' lang='lat' dir='ltr'><strong>concipiebatur</strong></span> <span class='ocrx_word' id='word_1_216' title='bbox 1087 3126 1204 3194; x_wconf 89' lang='lat' dir='ltr'><strong>lumen</strong></span> 
     </span>
     <span class='ocr_line' id='line_1_28' title="bbox 49 3230 1204 3326; baseline 0.005 -30"><span class='ocrx_word' id='word_1_217' title='bbox 49 3230 162 3316; x_wconf 81' lang='lat' dir='ltr'><strong>gloriae</strong></span> <span class='ocrx_word' id='word_1_218' title='bbox 185 3242 363 3326; x_wconf 87' lang='lat' dir='ltr'><strong>tamquam</strong></span> <span class='ocrx_word' id='word_1_219' title='bbox 387 3235 573 3325; x_wconf 87' lang='lat' dir='ltr'><strong>dispositio</strong></span> <span class='ocrx_word' id='word_1_220' title='bbox 598 3232 748 3302; x_wconf 90' lang='lat' dir='ltr'><strong>subiecti</strong></span> <span class='ocrx_word' id='word_1_221' title='bbox 764 3232 808 3301; x_wconf 89' lang='lat' dir='ltr'><strong>ad</strong></span> <span class='ocrx_word' id='word_1_222' title='bbox 825 3231 1062 3322; x_wconf 88' lang='lat' dir='ltr'><strong>recipiendum</strong></span> <span class='ocrx_word' id='word_1_223' title='bbox 1085 3239 1204 3302; x_wconf 90' lang='lat' dir='ltr'><strong>actum</strong></span> 
     </span>
     <span class='ocr_line' id='line_1_29' title="bbox 49 3335 1204 3408; baseline 0.001 -4"><span class='ocrx_word' id='word_1_224' title='bbox 49 3335 176 3408; x_wconf 79' lang='lat' dir='ltr'><strong>visionis</strong></span> <span class='ocrx_word' id='word_1_225' title='bbox 199 3339 398 3408; x_wconf 84' lang='lat' dir='ltr'><strong>immediate</strong></span> <span class='ocrx_word' id='word_1_226' title='bbox 421 3359 443 3405; x_wconf 89' lang='lat' dir='ltr'><strong>a</strong></span> <span class='ocrx_word' id='word_1_227' title='bbox 466 3338 538 3406; x_wconf 93' lang='lat' dir='ltr'><strong>Deo</strong></span> <span class='ocrx_word' id='word_1_228' title='bbox 568 3337 737 3404; x_wconf 82' lang='lat' dir='ltr'><strong>intusum.</strong></span> <span class='ocrx_word' id='word_1_229' title='bbox 763 3335 837 3403; x_wconf 91' lang='lat' dir='ltr'><strong>Has</strong></span> <span class='ocrx_word' id='word_1_230' title='bbox 865 3359 981 3404; x_wconf 89' lang='lat' dir='ltr'><strong>omnes</strong></span> <span class='ocrx_word' id='word_1_231' title='bbox 1012 3337 1204 3406; x_wconf 87' lang='lat' dir='ltr'><strong>sententias</strong></span> 
     </span>
     <span class='ocr_line' id='line_1_30' title="bbox 48 3441 1205 3534; baseline 0.003 -24"><span class='ocrx_word' id='word_1_232' title='bbox 48 3445 165 3512; x_wconf 86' lang='lat' dir='ltr'><strong>omnino</strong></span> <span class='ocrx_word' id='word_1_233' title='bbox 187 3446 299 3514; x_wconf 82' lang='lat' dir='ltr'><strong>salsas</strong></span> <span class='ocrx_word' id='word_1_234' title='bbox 322 3467 398 3514; x_wconf 87' lang='lat' dir='ltr'><strong>esse</strong></span> <span class='ocrx_word' id='word_1_235' title='bbox 421 3451 560 3514; x_wconf 88' lang='lat' dir='ltr'><strong>constat</strong></span> <span class='ocrx_word' id='word_1_236' title='bbox 586 3467 628 3512; x_wconf 86' lang='lat' dir='ltr'><strong>ex</strong></span> <span class='ocrx_word' id='word_1_237' title='bbox 651 3465 711 3528; x_wconf 91' lang='lat' dir='ltr'><strong>eo,</strong></span> <span class='ocrx_word' id='word_1_238' title='bbox 738 3442 830 3534; x_wconf 90' lang='lat' dir='ltr'><strong>quod</strong></span> <span class='ocrx_word' id='word_1_239' title='bbox 854 3442 944 3512; x_wconf 89' lang='lat' dir='ltr'><strong>visio</strong></span> <span class='ocrx_word' id='word_1_240' title='bbox 968 3441 1205 3514; x_wconf 89' lang='lat' dir='ltr'><strong>essentialiter</strong></span> 
     </span>
     <span class='ocr_line' id='line_1_31' title="bbox 49 3549 1204 3642; baseline 0.003 -27"><span class='ocrx_word' id='word_1_241' title='bbox 49 3559 90 3617; x_wconf 84' lang='lat' dir='ltr'><strong>est</strong></span> <span class='ocrx_word' id='word_1_242' title='bbox 110 3567 201 3618; x_wconf 79' lang='lat' dir='ltr'><strong>creos</strong></span> <span class='ocrx_word' id='word_1_243' title='bbox 223 3552 348 3618; x_wconf 79' lang='lat' dir='ltr'><strong>vitalis</strong></span> <span class='ocrx_word' id='word_1_244' title='bbox 370 3551 482 3642; x_wconf 89' lang='lat' dir='ltr'><strong>ipsios</strong></span> <span class='ocrx_word' id='word_1_245' title='bbox 505 3551 632 3620; x_wconf 90' lang='lat' dir='ltr'><strong>mentis</strong></span> <span class='ocrx_word' id='word_1_246' title='bbox 655 3550 822 3634; x_wconf 88' lang='lat' dir='ltr'><strong>videntis,</strong></span> <span class='ocrx_word' id='word_1_247' title='bbox 841 3550 883 3618; x_wconf 89' lang='lat' dir='ltr'><strong>de</strong></span> <span class='ocrx_word' id='word_1_248' title='bbox 899 3573 967 3641; x_wconf 91' lang='lat' dir='ltr'><strong>quo</strong></span> <span class='ocrx_word' id='word_1_249' title='bbox 983 3549 1088 3640; x_wconf 90' lang='lat' dir='ltr'><strong>paulo</strong></span> <span class='ocrx_word' id='word_1_250' title='bbox 1105 3571 1204 3640; x_wconf 91' lang='lat' dir='ltr'><strong>sope-</strong></span> 
     </span>
     <span class='ocr_line' id='line_1_32' title="bbox 50 3655 1201 3746; baseline 0.002 -24"><span class='ocrx_word' id='word_1_251' title='bbox 50 3655 111 3725; x_wconf 86' lang='lat' dir='ltr'><strong>rius</strong></span> <span class='ocrx_word' id='word_1_252' title='bbox 130 3659 226 3728; x_wconf 77' lang='lat' dir='ltr'><strong>(licta</strong></span> <span class='ocrx_word' id='word_1_253' title='bbox 249 3659 431 3728; x_wconf 87' lang='lat' dir='ltr'><strong>sufficiunt</strong></span> <span class='ocrx_word' id='word_1_254' title='bbox 453 3659 550 3745; x_wconf 86' lang='lat' dir='ltr'><strong>(vide</strong></span> <span class='ocrx_word' id='word_1_255' title='bbox 574 3658 706 3727; x_wconf 85' lang='lat' dir='ltr'><strong>Suarea</strong></span> <span class='ocrx_word' id='word_1_256' title='bbox 729 3658 755 3725; x_wconf 93' lang='lat' dir='ltr'><strong>l.</strong></span> <span class='ocrx_word' id='word_1_257' title='bbox 776 3657 826 3725; x_wconf 90' lang='lat' dir='ltr'><strong>H.</strong></span> <span class='ocrx_word' id='word_1_258' title='bbox 845 3681 875 3726; x_wconf 90' lang='lat' dir='ltr'><strong>o.</strong></span> <span class='ocrx_word' id='word_1_259' title='bbox 895 3657 950 3745; x_wconf 79' lang='lat'><strong>103</strong></span> <span class='ocrx_word' id='word_1_260' title='bbox 970 3681 999 3727; x_wconf 90' lang='lat' dir='ltr'><strong>c.</strong></span> <span class='ocrx_word' id='word_1_261' title='bbox 1020 3657 1074 3725; x_wconf 83' lang='lat'><strong>15.</strong></span> <span class='ocrx_word' id='word_1_262' title='bbox 1095 3681 1130 3726; x_wconf 92' lang='lat' dir='ltr'><strong>n.</strong></span> <span class='ocrx_word' id='word_1_263' title='bbox 1145 3657 1201 3746; x_wconf 73' lang='lat'><strong>223</strong></span> 
     </span>
     <span class='ocr_line' id='line_1_33' title="bbox 50 3761 750 3850; baseline 0.003 -19"><span class='ocrx_word' id='word_1_264' title='bbox 50 3761 189 3833; x_wconf 74' lang='lat' dir='ltr'><strong>[assium</strong></span> <span class='ocrx_word' id='word_1_265' title='bbox 204 3767 246 3834; x_wconf 89' lang='lat' dir='ltr'><strong>de</strong></span> <span class='ocrx_word' id='word_1_266' title='bbox 261 3766 404 3835; x_wconf 82' lang='lat' dir='ltr'><strong>Summo</strong></span> <span class='ocrx_word' id='word_1_267' title='bbox 421 3767 507 3834; x_wconf 91' lang='lat' dir='ltr'><strong>bouo</strong></span> <span class='ocrx_word' id='word_1_268' title='bbox 523 3765 549 3833; x_wconf 96' lang='lat' dir='ltr'><strong>l.</strong></span> <span class='ocrx_word' id='word_1_269' title='bbox 567 3765 618 3833; x_wconf 93' lang='grc' dir='ltr'><strong>Π.</strong></span> <span class='ocrx_word' id='word_1_270' title='bbox 637 3789 667 3835; x_wconf 85' lang='lat' dir='ltr'><strong>c.</strong></span> <span class='ocrx_word' id='word_1_271' title='bbox 687 3767 750 3850; x_wconf 86' lang='grc'><strong>7.).</strong></span> 
     </span>
    </p>
   </div>
   <div class='ocr_carea' id='block_1_2' title="bbox 55 3871 1205 4173">
    <p class='ocr_par' dir='ltr' id='par_1_4' title="bbox 55 3871 1205 4173">
     <span class='ocr_line' id='line_1_34' title="bbox 105 3871 1205 3965; baseline 0 -27"><span class='ocrx_word' id='word_1_272' title='bbox 105 3875 145 3940; x_wconf 76' lang='lat'><strong>5⁰.</strong></span> <span class='ocrx_word' id='word_1_273' title='bbox 168 3873 407 3942; x_wconf 75' lang='lat' dir='ltr'><strong>Memorantur</strong></span> <span class='ocrx_word' id='word_1_274' title='bbox 429 3874 541 3965; x_wconf 88' lang='lat' dir='ltr'><strong>aliqui</strong></span> <span class='ocrx_word' id='word_1_275' title='bbox 558 3875 619 3962; x_wconf 85' lang='lat' dir='ltr'><strong>(cf.</strong></span> <span class='ocrx_word' id='word_1_276' title='bbox 639 3875 800 3943; x_wconf 89' lang='lat' dir='ltr'><strong>Lessium</strong></span> <span class='ocrx_word' id='word_1_277' title='bbox 816 3872 843 3941; x_wconf 90' lang='lat' dir='ltr'><strong>l.</strong></span> <span class='ocrx_word' id='word_1_278' title='bbox 859 3896 889 3940; x_wconf 95' lang='lat' dir='ltr'><strong>c.</strong></span> <span class='ocrx_word' id='word_1_279' title='bbox 904 3895 935 3942; x_wconf 92' lang='lat' dir='ltr'><strong>o.</strong></span> <span class='ocrx_word' id='word_1_280' title='bbox 949 3873 1013 3959; x_wconf 80' lang='lat' dir='ltr'><strong>a),</strong></span> <span class='ocrx_word' id='word_1_281' title='bbox 1032 3873 1094 3962; x_wconf 92' lang='lat' dir='ltr'><strong>qui</strong></span> <span class='ocrx_word' id='word_1_282' title='bbox 1111 3871 1205 3938; x_wconf 86' lang='lat' dir='ltr'><strong>dixe-</strong></span> 
     </span>
     <span class='ocr_line' id='line_1_35' title="bbox 55 3975 1203 4067; baseline 0.001 -28"><span class='ocrx_word' id='word_1_283' title='bbox 55 3981 131 4060; x_wconf 86' lang='lat' dir='ltr'><strong>runt,</strong></span> <span class='ocrx_word' id='word_1_284' title='bbox 147 3977 313 4044; x_wconf 82' lang='lat' dir='ltr'><strong>visionem</strong></span> <span class='ocrx_word' id='word_1_285' title='bbox 328 3977 396 4046; x_wconf 87' lang='lat' dir='ltr'><strong>Dei</strong></span> <span class='ocrx_word' id='word_1_286' title='bbox 411 3978 449 4046; x_wconf 92' lang='lat' dir='ltr'><strong>in</strong></span> <span class='ocrx_word' id='word_1_287' title='bbox 465 3978 576 4045; x_wconf 89' lang='lat' dir='ltr'><strong>beatis</strong></span> <span class='ocrx_word' id='word_1_288' title='bbox 593 3999 668 4046; x_wconf 90' lang='lat' dir='ltr'><strong>esse</strong></span> <span class='ocrx_word' id='word_1_289' title='bbox 685 3977 796 4067; x_wconf 87' lang='lat' dir='ltr'><strong>ipsam</strong></span> <span class='ocrx_word' id='word_1_290' title='bbox 812 3975 982 4044; x_wconf 90' lang='lat' dir='ltr'><strong>visionem</strong></span> <span class='ocrx_word' id='word_1_291' title='bbox 998 3975 1203 4058; x_wconf 88' lang='lat' dir='ltr'><strong>increatam,</strong></span> 
     </span>
     <span class='ocr_line' id='line_1_36' title="bbox 55 4075 1201 4173; baseline 0.003 -30"><span class='ocrx_word' id='word_1_292' title='bbox 55 4079 209 4164; x_wconf 85' lang='lat' dir='ltr'><strong>quaDeus</strong></span> <span class='ocrx_word' id='word_1_293' title='bbox 232 4081 331 4149; x_wconf 90' lang='lat' dir='ltr'><strong>videt</strong></span> <span class='ocrx_word' id='word_1_294' title='bbox 349 4104 384 4148; x_wconf 89' lang='lat' dir='ltr'><strong>se</strong></span> <span class='ocrx_word' id='word_1_295' title='bbox 401 4075 580 4171; x_wconf 67' lang='lat' dir='ltr'><strong>ipsosmet</strong></span> <span class='ocrx_word' id='word_1_296' title='bbox 596 4101 699 4173; x_wconf 89' lang='lat' dir='ltr'><strong>qnam</strong></span> <span class='ocrx_word' id='word_1_297' title='bbox 723 4081 798 4169; x_wconf 91' lang='lat' dir='ltr'><strong>ipse</strong></span> <span class='ocrx_word' id='word_1_298' title='bbox 823 4079 934 4148; x_wconf 90' lang='lat' dir='ltr'><strong>beatis</strong></span> <span class='ocrx_word' id='word_1_299' title='bbox 958 4077 1201 4147; x_wconf 89' lang='lat' dir='ltr'><strong>communicat.</strong></span> 
     </span>
    </p>
   </div>
   <div class='ocr_carea' id='block_1_3' title="bbox 58 4218 1206 4490">
    <p class='ocr_par' dir='ltr' id='par_1_5' title="bbox 58 4218 1206 4490">
     <span class='ocr_line' id='line_1_37' title="bbox 58 4218 1206 4312; baseline -0.003 -16"><span class='ocrx_word' id='word_1_300' title='bbox 58 4241 96 4290; x_wconf 70' lang='lat' dir='ltr'><strong>vix</strong></span> <span class='ocrx_word' id='word_1_301' title='bbox 113 4248 198 4308; x_wconf 79' lang='lat' dir='ltr'><strong>potest</strong></span> <span class='ocrx_word' id='word_1_302' title='bbox 215 4245 346 4309; x_wconf 76' lang='lat' dir='ltr'><strong>intelligi</strong></span> <span class='ocrx_word' id='word_1_303' title='bbox 361 4243 490 4297; x_wconf 78' lang='lat' dir='ltr'><strong>definitio</strong></span> <span class='ocrx_word' id='word_1_304' title='bbox 503 4242 635 4310; x_wconf 72' lang='lat' dir='ltr'><strong>concilii,</strong></span> <span class='ocrx_word' id='word_1_305' title='bbox 650 4245 707 4296; x_wconf 84' lang='lat' dir='ltr'><strong>nial</strong></span> <span class='ocrx_word' id='word_1_306' title='bbox 723 4249 838 4312; x_wconf 82' lang='lat' dir='ltr'><strong>praeter</strong></span> <span class='ocrx_word' id='word_1_307' title='bbox 851 4244 992 4296; x_wconf 83' lang='lat' dir='ltr'><strong>auxilium</strong></span> <span class='ocrx_word' id='word_1_308' title='bbox 1012 4247 1042 4295; x_wconf 85' lang='lat' dir='ltr'><strong>et</strong></span> <span class='ocrx_word' id='word_1_309' title='bbox 1055 4218 1206 4310; x_wconf 79' lang='lat' dir='ltr'><strong>specialem</strong></span> 
     </span>
     <span class='ocr_line' id='line_1_38' title="bbox 59 4330 1205 4402; baseline -0.003 -16"><span class='ocrx_word' id='word_1_310' title='bbox 59 4343 197 4386; x_wconf 64' lang='lat' dir='ltr'><strong>teutonum</strong></span> <span class='ocrx_word' id='word_1_311' title='bbox 215 4335 268 4388; x_wconf 84' lang='lat' dir='ltr'><strong>Dei</strong></span> <span class='ocrx_word' id='word_1_312' title='bbox 286 4339 411 4402; x_wconf 83' lang='lat' dir='ltr'><strong>ponatur</strong></span> <span class='ocrx_word' id='word_1_313' title='bbox 429 4334 527 4402; x_wconf 75' lang='lat' dir='ltr'><strong>aliqua</strong></span> <span class='ocrx_word' id='word_1_314' title='bbox 547 4334 675 4401; x_wconf 80' lang='lat' dir='ltr'><strong>qualitas</strong></span> <span class='ocrx_word' id='word_1_315' title='bbox 700 4337 844 4401; x_wconf 77' lang='lat' dir='ltr'><strong>tamquam</strong></span> <span class='ocrx_word' id='word_1_316' title='bbox 870 4334 962 4386; x_wconf 77' lang='lat' dir='ltr'><strong>forma</strong></span> <span class='ocrx_word' id='word_1_317' title='bbox 986 4337 1015 4385; x_wconf 87' lang='lat' dir='ltr'><strong>at</strong></span> <span class='ocrx_word' id='word_1_318' title='bbox 1033 4330 1205 4399; x_wconf 83' lang='lat' dir='ltr'><strong>principium</strong></span> 
     </span>
     <span class='ocr_line' id='line_1_39' title="bbox 62 4417 917 4490; baseline 0.009 -23"><span class='ocrx_word' id='word_1_319' title='bbox 62 4417 178 4474; x_wconf 76' lang='lat' dir='ltr'><strong>ridenti·</strong></span> <span class='ocrx_word' id='word_1_320' title='bbox 192 4425 283 4480; x_wconf 76' lang='lat' dir='ltr'><strong>baites</strong></span> <span class='ocrx_word' id='word_1_321' title='bbox 300 4425 331 4476; x_wconf 90' lang='lat' dir='ltr'><strong>iu</strong></span> <span class='ocrx_word' id='word_1_322' title='bbox 353 4427 378 4476; x_wconf 95' lang='lat' dir='ltr'><strong>l.</strong></span> <span class='ocrx_word' id='word_1_323' title='bbox 390 4439 418 4490; x_wconf 88' lang='lat' dir='ltr'><strong>q.</strong></span> <span class='ocrx_word' id='word_1_324' title='bbox 430 4425 473 4476; x_wconf 76' lang='lat'><strong>12.</strong></span> <span class='ocrx_word' id='word_1_325' title='bbox 485 4439 511 4475; x_wconf 80' lang='lat' dir='ltr'><strong>a.</strong></span> <span class='ocrx_word' id='word_1_326' title='bbox 523 4423 550 4476; x_wconf 82' lang='lat'><strong>5.</strong></span> <span class='ocrx_word' id='word_1_327' title='bbox 564 4423 608 4476; x_wconf 74' lang='lat'><strong>01.</strong></span> <span class='ocrx_word' id='word_1_328' title='bbox 624 4423 731 4477; x_wconf 73' lang='lat' dir='ltr'><strong>suarez</strong></span> <span class='ocrx_word' id='word_1_329' title='bbox 749 4425 770 4476; x_wconf 91' lang='lat' dir='ltr'><strong>l.</strong></span> <span class='ocrx_word' id='word_1_330' title='bbox 783 4425 821 4476; x_wconf 90' lang='lat'><strong>11.</strong></span> <span class='ocrx_word' id='word_1_331' title='bbox 836 4439 859 4477; x_wconf 86' lang='lat' dir='ltr'><strong>c.</strong></span> <span class='ocrx_word' id='word_1_332' title='bbox 874 4423 917 4475; x_wconf 79' lang='lat'><strong>14.</strong></span> 
     </span>
    </p>
   </div>
   <div class='ocr_carea' id='block_1_4' title="bbox 0 0 1641 5064">
    <p class='ocr_par' dir='ltr' id='par_1_6' title="bbox 0 0 1641 5064">
     <span class='ocr_line' id='line_1_40' title="bbox 0 0 1641 5064; baseline 0 0"><span class='ocrx_word' id='word_1_333' title='bbox 0 0 1641 5064; x_wconf 95' lang='lat' dir='ltr'><strong> </strong></span> 
     </span>
    </p>
   </div>
  </div>
 </body>
</html>
