<?xml version="1.0" encoding="UTF-8"?>
<!DOCTYPE html PUBLIC "-//W3C//DTD XHTML 1.0 Transitional//EN"
    "http://www.w3.org/TR/xhtml1/DTD/xhtml1-transitional.dtd">
<html xmlns="http://www.w3.org/1999/xhtml" xml:lang="en" lang="en">
 <head>
  <title>
</title>
<meta http-equiv="Content-Type" content="text/html;charset=utf-8" />
  <meta name='ocr-system' content='tesseract 3.04.00' />
  <meta name='ocr-capabilities' content='ocr_page ocr_carea ocr_par ocr_line ocrx_word'/>
</head>
<body>
  <div class='ocr_page' id='page_1' title='image "./ioannisbaptfran01frangoog_0448.png"; bbox 0 0 3230 5072; ppageno 0'>
   <div class='ocr_carea' id='block_1_1' title="bbox 40 359 1233 4206">
    <p class='ocr_par' dir='ltr' id='par_1_1' title="bbox 549 359 730 420">
     <span class='ocr_line' id='line_1_1' title="bbox 549 359 730 420; baseline -0.017 0"><span class='ocrx_word' id='word_1_1' title='bbox 549 391 587 404; x_wconf 96' lang='lat'>-</span> <span class='ocrx_word' id='word_1_2' title='bbox 610 359 668 420; x_wconf 72' lang='lat'><strong>431</strong></span> <span class='ocrx_word' id='word_1_3' title='bbox 692 390 730 403; x_wconf 94' lang='lat'><em>-</em></span> 
     </span>
    </p>

    <p class='ocr_par' dir='ltr' id='par_1_2' title="bbox 40 460 1233 2492">
     <span class='ocr_line' id='line_1_2' title="bbox 44 460 1233 556; baseline -0.003 -23"><span class='ocrx_word' id='word_1_4' title='bbox 44 469 226 556; x_wconf 84' lang='lat' dir='ltr'><strong>qnatenus</strong></span> <span class='ocrx_word' id='word_1_5' title='bbox 250 465 345 534; x_wconf 89' lang='lat' dir='ltr'><strong>Dens</strong></span> <span class='ocrx_word' id='word_1_6' title='bbox 370 464 550 554; x_wconf 85' lang='lat' dir='ltr'><strong>cognoscit</strong></span> <span class='ocrx_word' id='word_1_7' title='bbox 572 487 636 533; x_wconf 89' lang='lat' dir='ltr'><strong>nos</strong></span> <span class='ocrx_word' id='word_1_8' title='bbox 660 485 907 548; x_wconf 77' lang='lat' dir='ltr'><strong>consensuros,</strong></span> <span class='ocrx_word' id='word_1_9' title='bbox 934 461 1073 532; x_wconf 81' lang='lat' dir='ltr'><strong>situlis</strong></span> <span class='ocrx_word' id='word_1_10' title='bbox 1096 460 1233 531; x_wconf 87' lang='lat' dir='ltr'><strong>vocatio</strong></span> 
     </span>
     <span class='ocr_line' id='line_1_3' title="bbox 42 568 1231 662; baseline -0.003 -22"><span class='ocrx_word' id='word_1_11' title='bbox 42 573 211 642; x_wconf 81' lang='lat' dir='ltr'><strong>excitans</strong></span> <span class='ocrx_word' id='word_1_12' title='bbox 241 571 348 642; x_wconf 88' lang='lat' dir='ltr'><strong>datur</strong></span> <span class='ocrx_word' id='word_1_13' title='bbox 382 571 445 660; x_wconf 89' lang='lat'><strong>(1).</strong></span> <span class='ocrx_word' id='word_1_14' title='bbox 478 572 534 642; x_wconf 84' lang='lat' dir='ltr'><strong>Ex</strong></span> <span class='ocrx_word' id='word_1_15' title='bbox 565 571 632 642; x_wconf 88' lang='lat' dir='ltr'><strong>hac</strong></span> <span class='ocrx_word' id='word_1_16' title='bbox 665 571 900 662; x_wconf 77' lang='lat' dir='ltr'>praescientia</span> <span class='ocrx_word' id='word_1_17' title='bbox 937 568 1231 660; x_wconf 76' lang='lat' dir='ltr'><strong>praedestinatio,</strong></span> 
     </span>
     <span class='ocr_line' id='line_1_4' title="bbox 41 675 1230 772; baseline -0.003 -25"><span class='ocrx_word' id='word_1_18' title='bbox 41 685 117 747; x_wconf 85' lang='lat' dir='ltr'><strong>turn</strong></span> <span class='ocrx_word' id='word_1_19' title='bbox 145 685 324 772; x_wconf 88' lang='lat' dir='ltr'><strong>qnatenus</strong></span> <span class='ocrx_word' id='word_1_20' title='bbox 347 679 593 750; x_wconf 72' lang='lat' dir='ltr'><strong>consideratur</strong></span> <span class='ocrx_word' id='word_1_21' title='bbox 609 681 647 748; x_wconf 93' lang='lat' dir='ltr'><strong>in</strong></span> <span class='ocrx_word' id='word_1_22' title='bbox 663 678 817 769; x_wconf 80' lang='lat' dir='ltr'><strong>singulis</strong></span> <span class='ocrx_word' id='word_1_23' title='bbox 840 677 981 747; x_wconf 87' lang='lat' dir='ltr'><strong>actibus</strong></span> <span class='ocrx_word' id='word_1_24' title='bbox 1004 675 1140 761; x_wconf 88' lang='lat' dir='ltr'><strong>liberis,</strong></span> <span class='ocrx_word' id='word_1_25' title='bbox 1156 681 1230 745; x_wconf 89' lang='lat' dir='ltr'><strong>tum</strong></span> 
     </span>
     <span class='ocr_line' id='line_1_5' title="bbox 41 783 1228 879; baseline -0.003 -25"><span class='ocrx_word' id='word_1_26' title='bbox 41 792 224 877; x_wconf 87' lang='lat' dir='ltr'><strong>quatenns</strong></span> <span class='ocrx_word' id='word_1_27' title='bbox 240 792 420 878; x_wconf 87' lang='lat' dir='ltr'><strong>spectatur</strong></span> <span class='ocrx_word' id='word_1_28' title='bbox 437 809 520 878; x_wconf 89' lang='lat' dir='ltr'><strong>prae</strong></span> <span class='ocrx_word' id='word_1_29' title='bbox 535 792 613 856; x_wconf 87' lang='lat' dir='ltr'><strong>tote</strong></span> <span class='ocrx_word' id='word_1_30' title='bbox 628 786 719 856; x_wconf 88' lang='lat' dir='ltr'><strong>serie</strong></span> <span class='ocrx_word' id='word_1_31' title='bbox 735 806 845 879; x_wconf 87' lang='lat' dir='ltr'><strong>nsque</strong></span> <span class='ocrx_word' id='word_1_32' title='bbox 861 785 906 854; x_wconf 86' lang='lat' dir='ltr'><strong>ed</strong></span> <span class='ocrx_word' id='word_1_33' title='bbox 918 783 1106 853; x_wconf 87' lang='lat' dir='ltr'><strong>terminum</strong></span> <span class='ocrx_word' id='word_1_34' title='bbox 1120 783 1228 867; x_wconf 80' lang='lat' dir='ltr'><strong>vitae,</strong></span> 
     </span>
     <span class='ocr_line' id='line_1_6' title="bbox 41 891 1230 986; baseline -0.003 -25"><span class='ocrx_word' id='word_1_35' title='bbox 41 900 95 962; x_wconf 87' lang='lat' dir='ltr'><strong>est</strong></span> <span class='ocrx_word' id='word_1_36' title='bbox 120 893 344 984; x_wconf 78' lang='lat' dir='ltr'><strong>infallibilis3</strong></span> <span class='ocrx_word' id='word_1_37' title='bbox 362 895 417 964; x_wconf 90' lang='lat' dir='ltr'><strong>ita</strong></span> <span class='ocrx_word' id='word_1_38' title='bbox 440 901 482 964; x_wconf 89' lang='lat' dir='ltr'><strong>ut</strong></span> <span class='ocrx_word' id='word_1_39' title='bbox 503 893 606 986; x_wconf 88' lang='lat' dir='ltr'><strong>plane</strong></span> <span class='ocrx_word' id='word_1_40' title='bbox 630 899 816 985; x_wconf 76' lang='lat' dir='ltr'><strong>repugnet,</strong></span> <span class='ocrx_word' id='word_1_41' title='bbox 842 899 960 962; x_wconf 88' lang='lat' dir='ltr'><strong>actum</strong></span> <span class='ocrx_word' id='word_1_42' title='bbox 977 891 1038 984; x_wconf 90' lang='lat' dir='ltr'><strong>qni</strong></span> <span class='ocrx_word' id='word_1_43' title='bbox 1055 896 1110 959; x_wconf 87' lang='lat' dir='ltr'><strong>est</strong></span> <span class='ocrx_word' id='word_1_44' title='bbox 1131 911 1230 980; x_wconf 85' lang='lat' dir='ltr'><strong>prae-</strong></span> 
     </span>
     <span class='ocr_line' id='line_1_7' title="bbox 40 997 1228 1093; baseline -0.004 -23"><span class='ocrx_word' id='word_1_45' title='bbox 40 1002 249 1073; x_wconf 84' lang='lat' dir='ltr'><strong>destinatus</strong></span> <span class='ocrx_word' id='word_1_46' title='bbox 272 1005 316 1071; x_wconf 87' lang='lat' dir='ltr'><strong>ab</strong></span> <span class='ocrx_word' id='word_1_47' title='bbox 339 1009 501 1089; x_wconf 83' lang='lat' dir='ltr'><strong>aeterno,</strong></span> <span class='ocrx_word' id='word_1_48' title='bbox 527 1002 565 1070; x_wconf 89' lang='lat' dir='ltr'><strong>in</strong></span> <span class='ocrx_word' id='word_1_49' title='bbox 588 1008 745 1093; x_wconf 89' lang='lat' dir='ltr'><strong>tempore</strong></span> <span class='ocrx_word' id='word_1_50' title='bbox 767 1023 836 1070; x_wconf 90' lang='lat' dir='ltr'><strong>non</strong></span> <span class='ocrx_word' id='word_1_51' title='bbox 860 999 1044 1092; x_wconf 88' lang='lat' dir='ltr'><strong>consequi:</strong></span> <span class='ocrx_word' id='word_1_52' title='bbox 1070 997 1154 1090; x_wconf 84' lang='lat' dir='ltr'><strong>quia</strong></span> <span class='ocrx_word' id='word_1_53' title='bbox 1176 1019 1228 1066; x_wconf 90' lang='lat' dir='ltr'><strong>re-</strong></span> 
     </span>
     <span class='ocr_line' id='line_1_8' title="bbox 42 1107 1230 1201; baseline -0.002 -23"><span class='ocrx_word' id='word_1_54' title='bbox 42 1117 186 1201; x_wconf 81' lang='lat' dir='ltr'><strong>pugnat</strong></span> <span class='ocrx_word' id='word_1_55' title='bbox 209 1133 272 1180; x_wconf 93' lang='lat' dir='ltr'><strong>nos</strong></span> <span class='ocrx_word' id='word_1_56' title='bbox 294 1133 363 1180; x_wconf 90' lang='lat' dir='ltr'><strong>non</strong></span> <span class='ocrx_word' id='word_1_57' title='bbox 385 1111 595 1197; x_wconf 88' lang='lat' dir='ltr'><strong>consentire,</strong></span> <span class='ocrx_word' id='word_1_58' title='bbox 614 1111 696 1182; x_wconf 91' lang='lat' dir='ltr'><strong>dum</strong></span> <span class='ocrx_word' id='word_1_59' title='bbox 720 1109 965 1194; x_wconf 85' lang='lat' dir='ltr'><strong>consentimus,</strong></span> <span class='ocrx_word' id='word_1_60' title='bbox 983 1113 1020 1180; x_wconf 91' lang='lat' dir='ltr'><strong>et</strong></span> <span class='ocrx_word' id='word_1_61' title='bbox 1034 1107 1117 1178; x_wconf 88' lang='lat' dir='ltr'><strong>dum</strong></span> <span class='ocrx_word' id='word_1_62' title='bbox 1132 1107 1230 1176; x_wconf 91' lang='lat' dir='ltr'><strong>Deus</strong></span> 
     </span>
     <span class='ocr_line' id='line_1_9' title="bbox 42 1214 1224 1310; baseline -0.003 -23"><span class='ocrx_word' id='word_1_63' title='bbox 42 1218 305 1289; x_wconf 87' lang='lat' dir='ltr'><strong>consentientes</strong></span> <span class='ocrx_word' id='word_1_64' title='bbox 317 1241 381 1288; x_wconf 91' lang='lat' dir='ltr'><strong>nos</strong></span> <span class='ocrx_word' id='word_1_65' title='bbox 396 1219 506 1290; x_wconf 86' lang='lat' dir='ltr'><strong>videt.</strong></span> <span class='ocrx_word' id='word_1_66' title='bbox 517 1219 608 1288; x_wconf 85' lang='lat' dir='ltr'><strong>Vide</strong></span> <span class='ocrx_word' id='word_1_67' title='bbox 623 1219 771 1310; x_wconf 82' lang='lat' dir='ltr'><strong>Gregor.</strong></span> <span class='ocrx_word' id='word_1_68' title='bbox 786 1219 828 1288; x_wconf 88' lang='lat' dir='ltr'><strong>ds</strong></span> <span class='ocrx_word' id='word_1_69' title='bbox 842 1216 1009 1288; x_wconf 89' lang='lat' dir='ltr'><strong>Valentia</strong></span> <span class='ocrx_word' id='word_1_70' title='bbox 1023 1215 1062 1284; x_wconf 93' lang='lat' dir='ltr'><strong>in</strong></span> <span class='ocrx_word' id='word_1_71' title='bbox 1074 1214 1107 1284; x_wconf 91' lang='lat'><strong>1.</strong></span> <span class='ocrx_word' id='word_1_72' title='bbox 1120 1239 1153 1306; x_wconf 92' lang='lat' dir='ltr'><strong>q.</strong></span> <span class='ocrx_word' id='word_1_73' title='bbox 1168 1214 1224 1284; x_wconf 78' lang='lat'><strong>23.</strong></span> 
     </span>
     <span class='ocr_line' id='line_1_10' title="bbox 43 1324 1228 1418; baseline -0.003 -24"><span class='ocrx_word' id='word_1_74' title='bbox 43 1327 139 1417; x_wconf 88' lang='lat' dir='ltr'><strong>disp.</strong></span> <span class='ocrx_word' id='word_1_75' title='bbox 167 1326 201 1394; x_wconf 94' lang='lat'><strong>1.</strong></span> <span class='ocrx_word' id='word_1_76' title='bbox 219 1333 342 1417; x_wconf 92' lang='lat' dir='ltr'><strong>punct.</strong></span> <span class='ocrx_word' id='word_1_77' title='bbox 359 1327 395 1396; x_wconf 90' lang='lat'><strong>4.</strong></span> <span class='ocrx_word' id='word_1_78' title='bbox 414 1334 447 1410; x_wconf 64' lang='grc' dir='ltr'><strong>θ.</strong></span> <span class='ocrx_word' id='word_1_79' title='bbox 465 1329 499 1396; x_wconf 82' lang='grc' dir='ltr'><strong>ὅ.</strong></span> <span class='ocrx_word' id='word_1_80' title='bbox 517 1327 576 1396; x_wconf 85' lang='lat' dir='ltr'><strong>Ita</strong></span> <span class='ocrx_word' id='word_1_81' title='bbox 598 1327 713 1417; x_wconf 79' lang='lat' dir='ltr'><strong>igitur</strong></span> <span class='ocrx_word' id='word_1_82' title='bbox 731 1355 748 1408; x_wconf 72' lang='grc' dir='ltr'><strong><em>μ</em></strong></span> <span class='ocrx_word' id='word_1_83' title='bbox 763 1324 1037 1418; x_wconf 72' lang='lat' dir='ltr'><strong>praedestinatio</strong></span> <span class='ocrx_word' id='word_1_84' title='bbox 1060 1328 1115 1392; x_wconf 92' lang='lat' dir='ltr'><strong>est</strong></span> <span class='ocrx_word' id='word_1_85' title='bbox 1130 1343 1228 1414; x_wconf 90' lang='lat' dir='ltr'><strong>prae-</strong></span> 
     </span>
     <span class='ocr_line' id='line_1_11' title="bbox 42 1427 1227 1524; baseline -0.006 -22"><span class='ocrx_word' id='word_1_86' title='bbox 42 1433 199 1502; x_wconf 85' lang='lat' dir='ltr'><strong>scientia</strong></span> <span class='ocrx_word' id='word_1_87' title='bbox 222 1438 259 1502; x_wconf 90' lang='lat' dir='ltr'><strong>et</strong></span> <span class='ocrx_word' id='word_1_88' title='bbox 279 1433 503 1524; x_wconf 86' lang='lat' dir='ltr'><strong>praeparatio</strong></span> <span class='ocrx_word' id='word_1_89' title='bbox 527 1433 770 1504; x_wconf 86' lang='lat' dir='ltr'><strong>beneficiorum</strong></span> <span class='ocrx_word' id='word_1_90' title='bbox 785 1432 864 1518; x_wconf 89' lang='lat' dir='ltr'><strong>Dei,</strong></span> <span class='ocrx_word' id='word_1_91' title='bbox 883 1431 1010 1523; x_wconf 86' lang='lat' dir='ltr'><strong>quibus</strong></span> <span class='ocrx_word' id='word_1_92' title='bbox 1033 1427 1227 1498; x_wconf 86' lang='lat' dir='ltr'><strong>certissime</strong></span> 
     </span>
     <span class='ocr_line' id='line_1_12' title="bbox 42 1539 1224 1634; baseline -0.004 -25"><span class='ocrx_word' id='word_1_93' title='bbox 42 1541 259 1626; x_wconf 84' lang='lat' dir='ltr'><strong>liberantur,</strong></span> <span class='ocrx_word' id='word_1_94' title='bbox 269 1541 476 1634; x_wconf 88' lang='lat' dir='ltr'><strong>quicumque</strong></span> <span class='ocrx_word' id='word_1_95' title='bbox 487 1541 869 1631; x_wconf 78' lang='lat' dir='ltr'><strong>liberanturnAngde</strong></span> <span class='ocrx_word' id='word_1_96' title='bbox 877 1539 974 1609; x_wconf 90' lang='lat' dir='ltr'><strong>Dono</strong></span> <span class='ocrx_word' id='word_1_97' title='bbox 985 1541 1224 1630; x_wconf 87' lang='lat' dir='ltr'><strong>perseverant.</strong></span> 
     </span>
     <span class='ocr_line' id='line_1_13' title="bbox 45 1643 1227 1740; baseline -0.005 -23"><span class='ocrx_word' id='word_1_98' title='bbox 45 1671 74 1717; x_wconf 89' lang='lat' dir='ltr'><strong>c.</strong></span> <span class='ocrx_word' id='word_1_99' title='bbox 84 1648 147 1718; x_wconf 91' lang='lat'><strong>14.</strong></span> <span class='ocrx_word' id='word_1_100' title='bbox 171 1647 228 1718; x_wconf 84' lang='lat' dir='ltr'><strong>Ex</strong></span> <span class='ocrx_word' id='word_1_101' title='bbox 252 1647 310 1718; x_wconf 90' lang='lat' dir='ltr'><strong>his</strong></span> <span class='ocrx_word' id='word_1_102' title='bbox 335 1649 441 1718; x_wconf 89' lang='lat' dir='ltr'><strong>etiam</strong></span> <span class='ocrx_word' id='word_1_103' title='bbox 468 1655 577 1740; x_wconf 86' lang='lat' dir='ltr'><strong>petet,</strong></span> <span class='ocrx_word' id='word_1_104' title='bbox 598 1650 723 1720; x_wconf 87' lang='lat' dir='ltr'><strong>merito</strong></span> <span class='ocrx_word' id='word_1_105' title='bbox 740 1647 982 1740; x_wconf 83' lang='lat' dir='ltr'><strong>Angustinum</strong></span> <span class='ocrx_word' id='word_1_106' title='bbox 1005 1645 1167 1736; x_wconf 89' lang='lat' dir='ltr'><strong>pluribus</strong></span> <span class='ocrx_word' id='word_1_107' title='bbox 1189 1643 1227 1712; x_wconf 93' lang='lat' dir='ltr'><strong>in</strong></span> 
     </span>
     <span class='ocr_line' id='line_1_14' title="bbox 46 1752 1227 1842; baseline -0.003 -19"><span class='ocrx_word' id='word_1_108' title='bbox 46 1755 135 1824; x_wconf 89' lang='lat' dir='ltr'><strong>locis</strong></span> <span class='ocrx_word' id='word_1_109' title='bbox 158 1754 351 1842; x_wconf 88' lang='lat' dir='ltr'><strong>indicasse,</strong></span> <span class='ocrx_word' id='word_1_110' title='bbox 379 1779 448 1826; x_wconf 90' lang='lat' dir='ltr'><strong>non</strong></span> <span class='ocrx_word' id='word_1_111' title='bbox 479 1757 643 1827; x_wconf 89' lang='lat' dir='ltr'><strong>maiorem</strong></span> <span class='ocrx_word' id='word_1_112' title='bbox 675 1779 751 1828; x_wconf 85' lang='lat' dir='ltr'><strong>esee</strong></span> <span class='ocrx_word' id='word_1_113' title='bbox 781 1755 1022 1826; x_wconf 86' lang='lat' dir='ltr'><strong>difficultatem</strong></span> <span class='ocrx_word' id='word_1_114' title='bbox 1046 1753 1085 1821; x_wconf 92' lang='lat' dir='ltr'><strong>in</strong></span> <span class='ocrx_word' id='word_1_115' title='bbox 1115 1752 1227 1822; x_wconf 90' lang='lat' dir='ltr'><strong>conci-</strong></span> 
     </span>
     <span class='ocr_line' id='line_1_15' title="bbox 45 1857 1226 1954; baseline -0.003 -25"><span class='ocrx_word' id='word_1_116' title='bbox 45 1861 171 1930; x_wconf 85' lang='lat' dir='ltr'><strong>lianda</strong></span> <span class='ocrx_word' id='word_1_117' title='bbox 195 1885 335 1954; x_wconf 89' lang='lat' dir='ltr'><strong>operum</strong></span> <span class='ocrx_word' id='word_1_118' title='bbox 359 1870 557 1933; x_wconf 87' lang='lat' dir='ltr'><strong>nostrorum</strong></span> <span class='ocrx_word' id='word_1_119' title='bbox 580 1862 900 1954; x_wconf 87' lang='lat' dir='ltr'><strong>praedestinatione</strong></span> <span class='ocrx_word' id='word_1_120' title='bbox 930 1883 991 1930; x_wconf 89' lang='lat' dir='ltr'><strong>seu</strong></span> <span class='ocrx_word' id='word_1_121' title='bbox 1021 1857 1226 1949; x_wconf 87' lang='lat' dir='ltr'><strong>praedefini-</strong></span> 
     </span>
     <span class='ocr_line' id='line_1_16' title="bbox 47 1965 1226 2062; baseline -0.003 -24"><span class='ocrx_word' id='word_1_122' title='bbox 47 1969 145 2039; x_wconf 90' lang='lat' dir='ltr'><strong>tione</strong></span> <span class='ocrx_word' id='word_1_123' title='bbox 168 1991 246 2040; x_wconf 89' lang='lat' dir='ltr'><strong>cum</strong></span> <span class='ocrx_word' id='word_1_124' title='bbox 270 1970 437 2040; x_wconf 87' lang='lat' dir='ltr'><strong>libertate</strong></span> <span class='ocrx_word' id='word_1_125' title='bbox 451 1970 605 2056; x_wconf 90' lang='lat' dir='ltr'><strong>arbitrii,</strong></span> <span class='ocrx_word' id='word_1_126' title='bbox 624 1992 726 2062; x_wconf 88' lang='lat' dir='ltr'><strong>quem</strong></span> <span class='ocrx_word' id='word_1_127' title='bbox 745 1971 782 2039; x_wconf 93' lang='lat' dir='ltr'><strong>in</strong></span> <span class='ocrx_word' id='word_1_128' title='bbox 806 1967 1024 2040; x_wconf 88' lang='lat' dir='ltr'><strong>concilianda</strong></span> <span class='ocrx_word' id='word_1_129' title='bbox 1041 1965 1226 2036; x_wconf 82' lang='lat' dir='ltr'><strong>infallibili</strong></span> 
     </span>
     <span class='ocr_line' id='line_1_17' title="bbox 47 2077 1222 2168; baseline -0.005 -21"><span class='ocrx_word' id='word_1_130' title='bbox 47 2077 283 2168; x_wconf 85' lang='lat' dir='ltr'><strong>praescientia</strong></span> <span class='ocrx_word' id='word_1_131' title='bbox 304 2078 370 2147; x_wconf 92' lang='lat' dir='ltr'><strong>Dei</strong></span> <span class='ocrx_word' id='word_1_132' title='bbox 400 2102 479 2148; x_wconf 92' lang='lat' dir='ltr'><strong>cum</strong></span> <span class='ocrx_word' id='word_1_133' title='bbox 509 2078 627 2148; x_wconf 90' lang='lat' dir='ltr'><strong>eadem</strong></span> <span class='ocrx_word' id='word_1_134' title='bbox 649 2079 817 2148; x_wconf 86' lang='lat' dir='ltr'><strong>libertate</strong></span> <span class='ocrx_word' id='word_1_135' title='bbox 840 2077 905 2166; x_wconf 92' lang='lat' dir='ltr'><strong>(de</strong></span> <span class='ocrx_word' id='word_1_136' title='bbox 926 2077 1025 2145; x_wconf 92' lang='lat' dir='ltr'><strong>Dono</strong></span> <span class='ocrx_word' id='word_1_137' title='bbox 1047 2095 1222 2166; x_wconf 88' lang='lat' dir='ltr'><strong>persever.</strong></span> 
     </span>
     <span class='ocr_line' id='line_1_18' title="bbox 47 2179 1221 2274; baseline -0.004 -21"><span class='ocrx_word' id='word_1_138' title='bbox 47 2184 388 2274; x_wconf 77' lang='lat' dir='ltr'><strong>cc.17.19.21.22;</strong></span> <span class='ocrx_word' id='word_1_139' title='bbox 414 2187 461 2256; x_wconf 83' lang='lat' dir='ltr'><strong>cf.</strong></span> <span class='ocrx_word' id='word_1_140' title='bbox 480 2186 674 2256; x_wconf 74' lang='lat' dir='ltr'><strong>Tricassin.</strong></span> <span class='ocrx_word' id='word_1_141' title='bbox 700 2186 742 2256; x_wconf 94' lang='lat' dir='ltr'><strong>de</strong></span> <span class='ocrx_word' id='word_1_142' title='bbox 764 2185 944 2255; x_wconf 88' lang='lat' dir='ltr'><strong>Praedast.</strong></span> <span class='ocrx_word' id='word_1_143' title='bbox 963 2184 1003 2252; x_wconf 88' lang='lat' dir='ltr'><strong>P.</strong></span> <span class='ocrx_word' id='word_1_144' title='bbox 1022 2183 1052 2252; x_wconf 91' lang='grc' dir='ltr'><strong>Ι.</strong></span> <span class='ocrx_word' id='word_1_145' title='bbox 1079 2187 1164 2252; x_wconf 89' lang='lat' dir='ltr'><strong>sect.</strong></span> <span class='ocrx_word' id='word_1_146' title='bbox 1186 2179 1221 2249; x_wconf 88' lang='lat'><strong>4.</strong></span> 
     </span>
     <span class='ocr_line' id='line_1_19' title="bbox 50 2285 1224 2386; baseline 0 -30"><span class='ocrx_word' id='word_1_147' title='bbox 50 2298 80 2373; x_wconf 76' lang='grc'><strong>5.</strong></span> <span class='ocrx_word' id='word_1_148' title='bbox 95 2291 132 2361; x_wconf 84' lang='grc'><strong>2.</strong></span> <span class='ocrx_word' id='word_1_149' title='bbox 151 2297 280 2384; x_wconf 89' lang='lat' dir='ltr'><strong>puncto</strong></span> <span class='ocrx_word' id='word_1_150' title='bbox 295 2293 359 2380; x_wconf 86' lang='grc'>6.).</span> <span class='ocrx_word' id='word_1_151' title='bbox 378 2293 452 2363; x_wconf 87' lang='grc' dir='ltr'><strong>Ηοο</strong></span> <span class='ocrx_word' id='word_1_152' title='bbox 476 2299 592 2363; x_wconf 85' lang='lat' dir='ltr'><strong>sutem</strong></span> <span class='ocrx_word' id='word_1_153' title='bbox 616 2315 719 2386; x_wconf 88' lang='lat' dir='ltr'><strong>qnam</strong></span> <span class='ocrx_word' id='word_1_154' title='bbox 742 2293 872 2362; x_wconf 81' lang='lat' dir='ltr'><strong>falsum</strong></span> <span class='ocrx_word' id='word_1_155' title='bbox 893 2295 1004 2376; x_wconf 87' lang='lat' dir='ltr'><strong>essct,</strong></span> <span class='ocrx_word' id='word_1_156' title='bbox 1030 2289 1062 2359; x_wconf 95' lang='lat' dir='ltr'><strong>si</strong></span> <span class='ocrx_word' id='word_1_157' title='bbox 1084 2285 1224 2380; x_wconf 86' lang='lat' dir='ltr'><strong>praede·</strong></span> 
     </span>
     <span class='ocr_line' id='line_1_20' title="bbox 49 2395 1221 2492; baseline -0.005 -24"><span class='ocrx_word' id='word_1_158' title='bbox 49 2398 164 2468; x_wconf 90' lang='lat' dir='ltr'><strong>finitio</strong></span> <span class='ocrx_word' id='word_1_159' title='bbox 187 2421 319 2468; x_wconf 89' lang='lat' dir='ltr'><strong>omnem</strong></span> <span class='ocrx_word' id='word_1_160' title='bbox 342 2405 585 2490; x_wconf 89' lang='lat' dir='ltr'><strong>praeverteret</strong></span> <span class='ocrx_word' id='word_1_161' title='bbox 606 2400 885 2492; x_wconf 76' lang='lat' dir='ltr'><strong>praescientiam,</strong></span> <span class='ocrx_word' id='word_1_162' title='bbox 903 2421 1001 2469; x_wconf 91' lang='lat' dir='ltr'><strong>nemo</strong></span> <span class='ocrx_word' id='word_1_163' title='bbox 1023 2419 1092 2467; x_wconf 91' lang='lat' dir='ltr'><strong>non</strong></span> <span class='ocrx_word' id='word_1_164' title='bbox 1111 2395 1221 2464; x_wconf 86' lang='lat' dir='ltr'><strong>videt.</strong></span> 
     </span>
    </p>

    <p class='ocr_par' dir='ltr' id='par_1_3' title="bbox 51 2501 1224 4206">
     <span class='ocr_line' id='line_1_21' title="bbox 106 2501 1224 2591; baseline -0.008 -14"><span class='ocrx_word' id='word_1_165' title='bbox 106 2507 268 2577; x_wconf 84' lang='lat' dir='ltr'><strong>Ceterum</strong></span> <span class='ocrx_word' id='word_1_166' title='bbox 281 2508 371 2576; x_wconf 90' lang='lat' dir='ltr'><strong>hanc</strong></span> <span class='ocrx_word' id='word_1_167' title='bbox 385 2530 460 2578; x_wconf 90' lang='lat' dir='ltr'><strong>esse</strong></span> <span class='ocrx_word' id='word_1_168' title='bbox 470 2508 615 2578; x_wconf 86' lang='lat' dir='ltr'><strong>Petrum</strong></span> <span class='ocrx_word' id='word_1_169' title='bbox 633 2507 853 2591; x_wconf 87' lang='lat' dir='ltr'><strong>sententiam,</strong></span> <span class='ocrx_word' id='word_1_170' title='bbox 872 2502 1103 2576; x_wconf 87' lang='lat' dir='ltr'><strong>demonstrari</strong></span> <span class='ocrx_word' id='word_1_171' title='bbox 1118 2501 1224 2572; x_wconf 89' lang='lat' dir='ltr'><strong>etiam</strong></span> 
     </span>
     <span class='ocr_line' id='line_1_22' title="bbox 51 2609 1221 2706; baseline -0.008 -21"><span class='ocrx_word' id='word_1_172' title='bbox 51 2620 164 2706; x_wconf 87' lang='lat' dir='ltr'><strong>potest</strong></span> <span class='ocrx_word' id='word_1_173' title='bbox 185 2615 286 2685; x_wconf 80' lang='lat' dir='ltr'><strong>facili</strong></span> <span class='ocrx_word' id='word_1_174' title='bbox 301 2615 441 2705; x_wconf 84' lang='lat' dir='ltr'><strong>negotio</strong></span> <span class='ocrx_word' id='word_1_175' title='bbox 456 2639 499 2685; x_wconf 82' lang='lat' dir='ltr'><strong>ex</strong></span> <span class='ocrx_word' id='word_1_176' title='bbox 513 2615 724 2686; x_wconf 87' lang='lat' dir='ltr'><strong>testimoniis</strong></span> <span class='ocrx_word' id='word_1_177' title='bbox 738 2615 776 2684; x_wconf 93' lang='lat' dir='ltr'><strong>in</strong></span> <span class='ocrx_word' id='word_1_178' title='bbox 792 2613 966 2706; x_wconf 88' lang='lat' dir='ltr'><strong>superiori</strong></span> <span class='ocrx_word' id='word_1_179' title='bbox 981 2611 1073 2682; x_wconf 90' lang='lat' dir='ltr'><strong>thesi</strong></span> <span class='ocrx_word' id='word_1_180' title='bbox 1088 2609 1221 2693; x_wconf 87' lang='lat' dir='ltr'><strong>allatis,</strong></span> 
     </span>
     <span class='ocr_line' id='line_1_23' title="bbox 52 2723 1222 2816; baseline -0.006 -25"><span class='ocrx_word' id='word_1_181' title='bbox 52 2723 86 2791; x_wconf 91' lang='lat' dir='ltr'><strong>in</strong></span> <span class='ocrx_word' id='word_1_182' title='bbox 109 2723 237 2816; x_wconf 89' lang='lat' dir='ltr'><strong>quibus</strong></span> <span class='ocrx_word' id='word_1_183' title='bbox 260 2723 325 2793; x_wconf 93' lang='lat' dir='ltr'><strong>hoc</strong></span> <span class='ocrx_word' id='word_1_184' title='bbox 348 2726 422 2794; x_wconf 82' lang='lat' dir='ltr'><strong>iere</strong></span> <span class='ocrx_word' id='word_1_185' title='bbox 446 2723 519 2793; x_wconf 91' lang='lat' dir='ltr'><strong>solo</strong></span> <span class='ocrx_word' id='word_1_186' title='bbox 541 2732 749 2815; x_wconf 82' lang='lat' dir='ltr'><strong>argumento</strong></span> <span class='ocrx_word' id='word_1_187' title='bbox 770 2726 970 2794; x_wconf 86' lang='lat' dir='ltr'><strong>libertatem</strong></span> <span class='ocrx_word' id='word_1_188' title='bbox 998 2727 1141 2790; x_wconf 88' lang='lat' dir='ltr'><strong>actuum</strong></span> <span class='ocrx_word' id='word_1_189' title='bbox 1163 2739 1222 2785; x_wconf 92' lang='lat' dir='ltr'><strong>no·</strong></span> 
     </span>
     <span class='ocr_line' id='line_1_24' title="bbox 52 2825 1221 2921; baseline -0.004 -24"><span class='ocrx_word' id='word_1_190' title='bbox 52 2837 202 2898; x_wconf 80' lang='lat' dir='ltr'><strong>atrorum</strong></span> <span class='ocrx_word' id='word_1_191' title='bbox 224 2829 397 2900; x_wconf 77' lang='lat' dir='ltr'><strong>adversus</strong></span> <span class='ocrx_word' id='word_1_192' title='bbox 420 2831 573 2921; x_wconf 83' lang='lat' dir='ltr'><strong>gentiles</strong></span> <span class='ocrx_word' id='word_1_193' title='bbox 596 2838 633 2902; x_wconf 90' lang='lat' dir='ltr'><strong>et</strong></span> <span class='ocrx_word' id='word_1_194' title='bbox 654 2831 850 2902; x_wconf 87' lang='lat' dir='ltr'><strong>haereticos</strong></span> <span class='ocrx_word' id='word_1_195' title='bbox 874 2836 1033 2911; x_wconf 89' lang='lat' dir='ltr'><strong>tuentur,</strong></span> <span class='ocrx_word' id='word_1_196' title='bbox 1051 2825 1141 2919; x_wconf 91' lang='lat' dir='ltr'><strong>quod</strong></span> <span class='ocrx_word' id='word_1_197' title='bbox 1164 2845 1221 2892; x_wconf 85' lang='lat' dir='ltr'><strong>ve-</strong></span> 
     </span>
     <span class='ocr_line' id='line_1_25' title="bbox 52 2936 1222 3025; baseline -0.005 -20"><span class='ocrx_word' id='word_1_198' title='bbox 52 2937 137 3005; x_wconf 84' lang='lat' dir='ltr'><strong>ritas</strong></span> <span class='ocrx_word' id='word_1_199' title='bbox 159 2936 369 3006; x_wconf 85' lang='lat' dir='ltr'><strong>existentiae</strong></span> <span class='ocrx_word' id='word_1_200' title='bbox 392 2944 536 3008; x_wconf 88' lang='lat' dir='ltr'><strong>actuum</strong></span> <span class='ocrx_word' id='word_1_201' title='bbox 566 2939 719 3009; x_wconf 88' lang='lat' dir='ltr'><strong>conditio</strong></span> <span class='ocrx_word' id='word_1_202' title='bbox 742 2946 815 3025; x_wconf 90' lang='lat' dir='ltr'><strong>est,</strong></span> <span class='ocrx_word' id='word_1_203' title='bbox 842 2961 906 3009; x_wconf 89' lang='lat' dir='ltr'><strong>cur</strong></span> <span class='ocrx_word' id='word_1_204' title='bbox 927 2939 1023 3008; x_wconf 90' lang='lat' dir='ltr'><strong>Dens</strong></span> <span class='ocrx_word' id='word_1_205' title='bbox 1045 2955 1103 3004; x_wconf 89' lang='lat' dir='ltr'><strong>eos</strong></span> <span class='ocrx_word' id='word_1_206' title='bbox 1125 2953 1222 3023; x_wconf 88' lang='lat' dir='ltr'><strong>prae·</strong></span> 
     </span>
     <span class='ocr_line' id='line_1_26' title="bbox 53 3041 1220 3135; baseline -0.003 -26"><span class='ocrx_word' id='word_1_207' title='bbox 53 3043 148 3131; x_wconf 73' lang='lat' dir='ltr'><strong>sciat,</strong></span> <span class='ocrx_word' id='word_1_208' title='bbox 175 3042 329 3134; x_wconf 87' lang='lat' dir='ltr'><strong>adeoque</strong></span> <span class='ocrx_word' id='word_1_209' title='bbox 352 3043 485 3113; x_wconf 86' lang='lat' dir='ltr'><strong>veritas</strong></span> <span class='ocrx_word' id='word_1_210' title='bbox 508 3044 718 3116; x_wconf 87' lang='lat' dir='ltr'><strong>existentiae</strong></span> <span class='ocrx_word' id='word_1_211' title='bbox 740 3045 876 3115; x_wconf 87' lang='lat' dir='ltr'><strong>ratione</strong></span> <span class='ocrx_word' id='word_1_212' title='bbox 899 3043 996 3135; x_wconf 91' lang='lat' dir='ltr'><strong>prior</strong></span> <span class='ocrx_word' id='word_1_213' title='bbox 1011 3041 1082 3110; x_wconf 87' lang='lat' dir='ltr'><strong>iam</strong></span> <span class='ocrx_word' id='word_1_214' title='bbox 1097 3059 1220 3128; x_wconf 89' lang='lat' dir='ltr'><strong>suppo·</strong></span> 
     </span>
     <span class='ocr_line' id='line_1_27' title="bbox 53 3145 1221 3244; baseline -0.003 -27"><span class='ocrx_word' id='word_1_215' title='bbox 53 3149 146 3219; x_wconf 88' lang='lat' dir='ltr'><strong>nitur</strong></span> <span class='ocrx_word' id='word_1_216' title='bbox 168 3150 433 3241; x_wconf 80' lang='lat' dir='ltr'><strong>praescientiae,</strong></span> <span class='ocrx_word' id='word_1_217' title='bbox 459 3175 528 3221; x_wconf 91' lang='lat' dir='ltr'><strong>non</strong></span> <span class='ocrx_word' id='word_1_218' title='bbox 551 3158 667 3222; x_wconf 87' lang='lat' dir='ltr'><strong>eutem</strong></span> <span class='ocrx_word' id='word_1_219' title='bbox 691 3151 924 3244; x_wconf 87' lang='lat' dir='ltr'><strong>praescientia</strong></span> <span class='ocrx_word' id='word_1_220' title='bbox 938 3154 994 3220; x_wconf 87' lang='lat' dir='ltr'><strong>eat</strong></span> <span class='ocrx_word' id='word_1_221' title='bbox 1009 3169 1115 3219; x_wconf 87' lang='lat' dir='ltr'><strong>causa</strong></span> <span class='ocrx_word' id='word_1_222' title='bbox 1137 3145 1221 3214; x_wconf 93' lang='lat' dir='ltr'><strong>libe·</strong></span> 
     </span>
     <span class='ocr_line' id='line_1_28' title="bbox 55 3254 1217 3352; baseline -0.003 -28"><span class='ocrx_word' id='word_1_223' title='bbox 55 3279 164 3326; x_wconf 88' lang='lat' dir='ltr'><strong>rorum</strong></span> <span class='ocrx_word' id='word_1_224' title='bbox 186 3261 346 3328; x_wconf 85' lang='lat' dir='ltr'><strong>actuum:</strong></span> <span class='ocrx_word' id='word_1_225' title='bbox 372 3263 479 3352; x_wconf 87' lang='lat' dir='ltr'><strong>atque</strong></span> <span class='ocrx_word' id='word_1_226' title='bbox 494 3259 605 3330; x_wconf 88' lang='lat' dir='ltr'><strong>idaoa</strong></span> <span class='ocrx_word' id='word_1_227' title='bbox 619 3265 739 3330; x_wconf 88' lang='lat' dir='ltr'><strong>nostra</strong></span> <span class='ocrx_word' id='word_1_228' title='bbox 760 3260 925 3329; x_wconf 83' lang='lat' dir='ltr'><strong>libertate</strong></span> <span class='ocrx_word' id='word_1_229' title='bbox 940 3257 1088 3350; x_wconf 88' lang='lat' dir='ltr'><strong>pendere</strong></span> <span class='ocrx_word' id='word_1_230' title='bbox 1103 3254 1217 3338; x_wconf 85' lang='lat' dir='ltr'><strong>aiunt,</strong></span> 
     </span>
     <span class='ocr_line' id='line_1_29' title="bbox 55 3361 1219 3459; baseline -0.003 -29"><span class='ocrx_word' id='word_1_231' title='bbox 55 3370 92 3432; x_wconf 89' lang='lat' dir='ltr'><strong>ut</strong></span> <span class='ocrx_word' id='word_1_232' title='bbox 112 3365 154 3436; x_wconf 90' lang='lat' dir='ltr'><strong>sd</strong></span> <span class='ocrx_word' id='word_1_233' title='bbox 177 3365 272 3435; x_wconf 88' lang='lat' dir='ltr'><strong>hunc</strong></span> <span class='ocrx_word' id='word_1_234' title='bbox 294 3365 413 3457; x_wconf 84' lang='lat' dir='ltr'><strong>potius</strong></span> <span class='ocrx_word' id='word_1_235' title='bbox 436 3389 538 3459; x_wconf 90' lang='lat' dir='ltr'><strong>quam</strong></span> <span class='ocrx_word' id='word_1_236' title='bbox 553 3367 661 3438; x_wconf 89' lang='lat' dir='ltr'><strong>elium</strong></span> <span class='ocrx_word' id='word_1_237' title='bbox 677 3368 865 3440; x_wconf 86' lang='lat' dir='ltr'><strong>terminum</strong></span> <span class='ocrx_word' id='word_1_238' title='bbox 888 3365 1012 3438; x_wconf 86' lang='lat' dir='ltr'><strong>divina</strong></span> <span class='ocrx_word' id='word_1_239' title='bbox 1025 3361 1219 3456; x_wconf 87' lang='lat' dir='ltr'><strong>praescien-</strong></span> 
     </span>
     <span class='ocr_line' id='line_1_30' title="bbox 55 3470 1218 3566; baseline -0.002 -28"><span class='ocrx_word' id='word_1_240' title='bbox 55 3470 102 3538; x_wconf 88' lang='lat' dir='ltr'><strong>tia</strong></span> <span class='ocrx_word' id='word_1_241' title='bbox 121 3471 310 3542; x_wconf 73' lang='lat' dir='ltr'><strong>referatur.</strong></span> <span class='ocrx_word' id='word_1_242' title='bbox 337 3473 415 3557; x_wconf 76' lang='lat' dir='ltr'><strong>Qua</strong></span> <span class='ocrx_word' id='word_1_243' title='bbox 436 3476 705 3566; x_wconf 80' lang='lat' dir='ltr'><strong>argumentandi</strong></span> <span class='ocrx_word' id='word_1_244' title='bbox 728 3475 864 3545; x_wconf 87' lang='lat' dir='ltr'><strong>ratione</strong></span> <span class='ocrx_word' id='word_1_245' title='bbox 894 3474 1080 3543; x_wconf 79' lang='lat' dir='ltr'><strong>manifesto</strong></span> <span class='ocrx_word' id='word_1_246' title='bbox 1103 3490 1218 3540; x_wconf 90' lang='lat' dir='ltr'><strong>concc-</strong></span> 
     </span>
     <span class='ocr_line' id='line_1_31' title="bbox 57 3573 1218 3672; baseline 0 -30"><span class='ocrx_word' id='word_1_247' title='bbox 57 3573 146 3661; x_wconf 89' lang='lat' dir='ltr'><strong>dnut,</strong></span> <span class='ocrx_word' id='word_1_248' title='bbox 171 3575 371 3648; x_wconf 82' lang='lat' dir='ltr'><strong>libertatem</strong></span> <span class='ocrx_word' id='word_1_249' title='bbox 393 3601 461 3647; x_wconf 91' lang='lat' dir='ltr'><strong>non</strong></span> <span class='ocrx_word' id='word_1_250' title='bbox 484 3602 583 3670; x_wconf 86' lang='lat' dir='ltr'><strong>posse</strong></span> <span class='ocrx_word' id='word_1_251' title='bbox 605 3581 757 3672; x_wconf 88' lang='lat' dir='ltr'><strong>amplius</strong></span> <span class='ocrx_word' id='word_1_252' title='bbox 779 3579 948 3669; x_wconf 82' lang='lat' dir='ltr'><strong>intelligi,</strong></span> <span class='ocrx_word' id='word_1_253' title='bbox 974 3578 1006 3646; x_wconf 92' lang='lat' dir='ltr'><strong>si</strong></span> <span class='ocrx_word' id='word_1_254' title='bbox 1029 3597 1135 3647; x_wconf 88' lang='lat' dir='ltr'><strong>causa</strong></span> <span class='ocrx_word' id='word_1_255' title='bbox 1160 3596 1218 3642; x_wconf 93' lang='lat' dir='ltr'><strong>no·</strong></span> 
     </span>
     <span class='ocr_line' id='line_1_32' title="bbox 58 3682 1218 3777; baseline 0 -28"><span class='ocrx_word' id='word_1_256' title='bbox 58 3687 197 3752; x_wconf 85' lang='lat' dir='ltr'><strong>strorum</strong></span> <span class='ocrx_word' id='word_1_257' title='bbox 222 3690 363 3754; x_wconf 88' lang='lat' dir='ltr'><strong>actuum</strong></span> <span class='ocrx_word' id='word_1_258' title='bbox 386 3692 423 3753; x_wconf 90' lang='lat' dir='ltr'><strong>et</strong></span> <span class='ocrx_word' id='word_1_259' title='bbox 444 3685 537 3756; x_wconf 85' lang='lat' dir='ltr'><strong>ratio</strong></span> <span class='ocrx_word' id='word_1_260' title='bbox 566 3688 801 3777; x_wconf 86' lang='lat' dir='ltr'><strong>praevisionis</strong></span> <span class='ocrx_word' id='word_1_261' title='bbox 828 3687 970 3756; x_wconf 88' lang='lat' dir='ltr'><strong>divinae</strong></span> <span class='ocrx_word' id='word_1_262' title='bbox 1001 3689 1151 3776; x_wconf 86' lang='lat' dir='ltr'><strong>ponatur</strong></span> <span class='ocrx_word' id='word_1_263' title='bbox 1181 3682 1218 3749; x_wconf 90' lang='lat' dir='ltr'><strong>in</strong></span> 
     </span>
     <span class='ocr_line' id='line_1_33' title="bbox 58 3790 1218 3884; baseline 0.001 -29"><span class='ocrx_word' id='word_1_264' title='bbox 58 3791 207 3862; x_wconf 86' lang='lat' dir='ltr'><strong>absoluta</strong></span> <span class='ocrx_word' id='word_1_265' title='bbox 239 3793 526 3883; x_wconf 83' lang='lat' dir='ltr'><strong>praedefinitiona</strong></span> <span class='ocrx_word' id='word_1_266' title='bbox 560 3802 597 3864; x_wconf 89' lang='lat' dir='ltr'><strong>et</strong></span> <span class='ocrx_word' id='word_1_267' title='bbox 630 3796 789 3866; x_wconf 83' lang='lat' dir='ltr'><strong>absoluto</strong></span> <span class='ocrx_word' id='word_1_268' title='bbox 823 3795 961 3865; x_wconf 90' lang='lat' dir='ltr'><strong>decreto</strong></span> <span class='ocrx_word' id='word_1_269' title='bbox 995 3790 1218 3884; x_wconf 82' lang='lat' dir='ltr'><strong>praecedente</strong></span> 
     </span>
     <span class='ocr_line' id='line_1_34' title="bbox 60 3897 1217 3995; baseline 0.002 -35"><span class='ocrx_word' id='word_1_270' title='bbox 60 3917 177 3966; x_wconf 87' lang='lat' dir='ltr'><strong>omnem</strong></span> <span class='ocrx_word' id='word_1_271' title='bbox 200 3899 486 3990; x_wconf 80' lang='lat' dir='ltr'><strong>praescientiam,</strong></span> <span class='ocrx_word' id='word_1_272' title='bbox 519 3902 603 3995; x_wconf 91' lang='lat' dir='ltr'><strong>quid</strong></span> <span class='ocrx_word' id='word_1_273' title='bbox 631 3903 780 3973; x_wconf 84' lang='lat' dir='ltr'><strong>liberum</strong></span> <span class='ocrx_word' id='word_1_274' title='bbox 810 3901 997 3971; x_wconf 86' lang='lat' dir='ltr'><strong>arbitrium</strong></span> <span class='ocrx_word' id='word_1_275' title='bbox 1028 3897 1217 3968; x_wconf 86' lang='lat' dir='ltr'><strong>electurum</strong></span> 
     </span>
     <span class='ocr_line' id='line_1_35' title="bbox 61 4001 1216 4081; baseline 0 -11"><span class='ocrx_word' id='word_1_276' title='bbox 61 4001 100 4070; x_wconf 86' lang='lat' dir='ltr'><strong>sit</strong></span> <span class='ocrx_word' id='word_1_277' title='bbox 120 4005 174 4074; x_wconf 86' lang='lat' dir='ltr'><strong>vel</strong></span> <span class='ocrx_word' id='word_1_278' title='bbox 198 4007 323 4076; x_wconf 86' lang='lat' dir='ltr'><strong>saltam</strong></span> <span class='ocrx_word' id='word_1_279' title='bbox 346 4009 412 4077; x_wconf 89' lang='lat' dir='ltr'><strong>sub</strong></span> <span class='ocrx_word' id='word_1_280' title='bbox 435 4008 540 4080; x_wconf 88' lang='lat' dir='ltr'><strong>certis</strong></span> <span class='ocrx_word' id='word_1_281' title='bbox 561 4010 818 4081; x_wconf 88' lang='lat' dir='ltr'><strong>conditionibus</strong></span> <span class='ocrx_word' id='word_1_282' title='bbox 832 4010 1024 4080; x_wconf 89' lang='lat' dir='ltr'><strong>electurum</strong></span> <span class='ocrx_word' id='word_1_283' title='bbox 1039 4008 1143 4075; x_wconf 85' lang='lat' dir='ltr'><strong>esset.</strong></span> <span class='ocrx_word' id='word_1_284' title='bbox 1161 4001 1216 4070; x_wconf 83' lang='lat' dir='ltr'><strong>Cf.</strong></span> 
     </span>
     <span class='ocr_line' id='line_1_36' title="bbox 62 4109 1219 4206; baseline 0.003 -27"><span class='ocrx_word' id='word_1_285' title='bbox 62 4109 206 4184; x_wconf 72' lang='lat' dir='ltr'><strong>Icosium</strong></span> <span class='ocrx_word' id='word_1_286' title='bbox 220 4115 263 4185; x_wconf 90' lang='lat' dir='ltr'><strong>de</strong></span> <span class='ocrx_word' id='word_1_287' title='bbox 275 4116 455 4187; x_wconf 86' lang='lat' dir='ltr'><strong>Praedest.</strong></span> <span class='ocrx_word' id='word_1_288' title='bbox 475 4124 559 4188; x_wconf 87' lang='lat' dir='ltr'><strong>sect.</strong></span> <span class='ocrx_word' id='word_1_289' title='bbox 574 4119 607 4188; x_wconf 79' lang='lat'><strong>2.</strong></span> <span class='ocrx_word' id='word_1_290' title='bbox 621 4119 718 4189; x_wconf 86' lang='lat' dir='ltr'><strong>n.17.</strong></span> <span class='ocrx_word' id='word_1_291' title='bbox 736 4119 785 4190; x_wconf 87' lang='lat' dir='ltr'><strong>Et</strong></span> <span class='ocrx_word' id='word_1_292' title='bbox 799 4141 881 4189; x_wconf 89' lang='lat' dir='ltr'><strong>sane</strong></span> <span class='ocrx_word' id='word_1_293' title='bbox 895 4117 933 4186; x_wconf 90' lang='lat' dir='ltr'><strong>in</strong></span> <span class='ocrx_word' id='word_1_294' title='bbox 947 4115 1014 4185; x_wconf 89' lang='lat' dir='ltr'><strong>hec</strong></span> <span class='ocrx_word' id='word_1_295' title='bbox 1028 4112 1219 4206; x_wconf 83' lang='lat' dir='ltr'><strong>hypothesi</strong></span> 
     </span>
    </p>
   </div>
   <div class='ocr_carea' id='block_1_2' title="bbox 65 4271 1217 4526">
    <p class='ocr_par' dir='ltr' id='par_1_4' title="bbox 65 4271 1217 4526">
     <span class='ocr_line' id='line_1_37' title="bbox 115 4271 1216 4352; baseline 0.001 -23"><span class='ocrx_word' id='word_1_296' title='bbox 115 4271 154 4346; x_wconf 87' lang='lat'><strong>(1)</strong></span> <span class='ocrx_word' id='word_1_297' title='bbox 170 4278 226 4332; x_wconf 85' lang='lat' dir='ltr'><strong>Per</strong></span> <span class='ocrx_word' id='word_1_298' title='bbox 243 4293 274 4333; x_wconf 78' lang='lat' dir='ltr'><strong>se</strong></span> <span class='ocrx_word' id='word_1_299' title='bbox 292 4283 390 4348; x_wconf 85' lang='lat' dir='ltr'><strong>petet,</strong></span> <span class='ocrx_word' id='word_1_300' title='bbox 412 4280 488 4335; x_wconf 83' lang='lat' dir='ltr'><strong>hunc</strong></span> <span class='ocrx_word' id='word_1_301' title='bbox 506 4297 683 4352; x_wconf 85' lang='lat' dir='ltr'><strong>consensum,</strong></span> <span class='ocrx_word' id='word_1_302' title='bbox 707 4283 758 4352; x_wconf 85' lang='lat' dir='ltr'><strong>qui</strong></span> <span class='ocrx_word' id='word_1_303' title='bbox 775 4282 956 4348; x_wconf 69' lang='lat' dir='ltr'><strong>cognoscitur</strong></span> <span class='ocrx_word' id='word_1_304' title='bbox 968 4279 1083 4334; x_wconf 81' lang='lat' dir='ltr'><strong>iuturus</strong></span> <span class='ocrx_word' id='word_1_305' title='bbox 1101 4279 1128 4332; x_wconf 82' lang='lat' dir='ltr'><strong>si</strong></span> <span class='ocrx_word' id='word_1_306' title='bbox 1147 4277 1216 4331; x_wconf 81' lang='lat' dir='ltr'><strong>talis</strong></span> 
     </span>
     <span class='ocr_line' id='line_1_38' title="bbox 65 4361 1217 4441; baseline 0.003 -26"><span class='ocrx_word' id='word_1_307' title='bbox 65 4361 293 4435; x_wconf 73' lang='lat' dir='ltr'><strong>munducatur,</strong></span> <span class='ocrx_word' id='word_1_308' title='bbox 311 4369 420 4422; x_wconf 81' lang='lat' dir='ltr'><strong>nullam</strong></span> <span class='ocrx_word' id='word_1_309' title='bbox 432 4369 536 4424; x_wconf 78' lang='lat' dir='ltr'><strong>hebere</strong></span> <span class='ocrx_word' id='word_1_310' title='bbox 556 4371 698 4426; x_wconf 70' lang='lat' dir='ltr'><strong>redonen</strong></span> <span class='ocrx_word' id='word_1_311' title='bbox 710 4371 818 4440; x_wconf 80' lang='lat' dir='ltr'><strong>meriti,</strong></span> <span class='ocrx_word' id='word_1_312' title='bbox 837 4368 1043 4441; x_wconf 75' lang='lat' dir='ltr'><strong>propterquod</strong></span> <span class='ocrx_word' id='word_1_313' title='bbox 1061 4369 1137 4422; x_wconf 80' lang='lat' dir='ltr'><strong>Deus</strong></span> <span class='ocrx_word' id='word_1_314' title='bbox 1154 4381 1217 4432; x_wconf 67' lang='lat' dir='ltr'><strong>grc-</strong></span> 
     </span>
     <span class='ocr_line' id='line_1_39' title="bbox 67 4449 777 4526; baseline 0.014 -22"><span class='ocrx_word' id='word_1_315' title='bbox 67 4449 124 4504; x_wconf 74' lang='lat' dir='ltr'><strong>tisn</strong></span> <span class='ocrx_word' id='word_1_316' title='bbox 139 4453 273 4524; x_wconf 75' lang='lat' dir='ltr'><strong>content,</strong></span> <span class='ocrx_word' id='word_1_317' title='bbox 292 4457 343 4526; x_wconf 84' lang='lat' dir='ltr'><strong>qui</strong></span> <span class='ocrx_word' id='word_1_318' title='bbox 363 4473 442 4512; x_wconf 83' lang='lat' dir='ltr'><strong>error</strong></span> <span class='ocrx_word' id='word_1_319' title='bbox 461 4462 525 4514; x_wconf 82' lang='lat' dir='ltr'><strong>erat</strong></span> <span class='ocrx_word' id='word_1_320' title='bbox 543 4459 777 4514; x_wconf 65' lang='lat' dir='ltr'><strong>Massiliensium.</strong></span> 
     </span>
    </p>
   </div>
   <div class='ocr_carea' id='block_1_3' title="bbox 0 0 1650 5072">
    <p class='ocr_par' dir='ltr' id='par_1_5' title="bbox 0 0 1650 5072">
     <span class='ocr_line' id='line_1_40' title="bbox 0 0 1650 5072; baseline 0 0"><span class='ocrx_word' id='word_1_321' title='bbox 0 0 1650 5072; x_wconf 95' lang='lat' dir='ltr'><strong> </strong></span> 
     </span>
    </p>
   </div>
  </div>
 </body>
</html>
