3376 5068
890 389 929 403 -
950 357 1010 418 363
1030 389 1069 402 -

392 465 434 526 ut
455 457 646 548 Apostolus
661 459 821 551 loquitur
837 461 884 549 (2.
899 461 978 532 Cor.
992 462 1061 530 ΠΙ.
1081 462 1114 529 6.
1130 485 1196 552 eq.;
1211 461 1297 530 Heb.
1313 459 1378 528 Π.
1395 459 1481 547 10.),
1501 459 1566 527 mi·

390 563 557 632 nistratio
580 563 715 634 litteris
737 567 932 636 deformata
947 576 983 636 et
997 567 1140 636 iustitia
1162 567 1291 635 earnis:
1309 566 1347 632 in
1363 565 1465 634 cultu
1481 587 1567 635 vero

392 669 475 739 novi
508 671 722 741 Testamenti
752 672 933 742 character
963 674 1127 763 proprius
1149 696 1192 742 ex
1222 672 1299 762 ipsa
1322 671 1439 741 indole
1470 695 1567 740 oeco-

391 776 525 844 nomiae
548 777 686 866 gratiae
701 786 755 847 est
772 779 821 865 id,
840 781 931 872 quod
946 790 1000 849 eet
1016 784 1199 862 internum,
1216 781 1416 870 spirituale,
1435 780 1569 868 efficax

392 880 437 948 ad
460 885 737 974 iusttfloutionem
760 887 798 951 ia
821 889 961 976 spiritu.
994 887 1146 977 Opponit
1168 887 1287 979 itaqua
1310 887 1476 954 Christus
1499 887 1569 954 Do-

391 990 506 1059 minus
522 991 638 1060 cultui
656 997 768 1082 typico
785 1001 823 1063 et
835 1000 982 1064 eatenus
997 995 1202 1084 imperfecto
1218 994 1351 1063 cultum
1367 995 1571 1086 perfectum

391 1103 427 1164 et
448 1097 492 1164 ab
515 1097 578 1165 illo
599 1100 893 1189 praefiguratum
920 1100 983 1169 boc
1006 1099 1098 1169 euim
1121 1123 1226 1168 sensu
1249 1100 1382 1170 dicitur
1405 1099 1571 1167 adoratio

393 1205 429 1268 ta
453 1206 599 1271 ueritate
621 1211 658 1273 et
680 1205 848 1275 dicuntur
871 1207 1071 1276 adoratores
1101 1210 1175 1274 cert
1198 1207 1260 1293 (1).
1286 1207 1370 1276 Cum
1402 1207 1570 1296 imperfe-

392 1307 506 1378 ctione
528 1312 609 1402 typi
632 1311 803 1399 cohaeret,
823 1315 913 1405 quod
937 1313 1067 1398 cultus,
1087 1320 1259 1405 quotanus
1282 1313 1447 1403 proprius
1465 1312 1572 1380 illius

393 1419 605 1487 oeconomiae
627 1421 781 1510 typicae,
799 1427 854 1490 est
870 1435 1041 1504 extenua·
1055 1427 1093 1490 et
1108 1422 1173 1488 sub
1188 1419 1255 1490 hac
1271 1421 1411 1488 formali
1427 1420 1572 1489 ratione

392 1523 425 1594 ei
448 1526 634 1614 opponitur
657 1527 774 1596 uultus
790 1529 872 1598 novi
890 1529 1104 1598 Testamenti
1119 1537 1161 1596 ut
1177 1525 1334 1613 adoratio
1358 1531 1396 1594 ia
1419 1531 1570 1617 spirita:

395 1661 412 1696 u
430 1633 529 1702 venit
550 1633 637 1702 hora
659 1641 695 1702 et
709 1659 801 1705 nuno
816 1643 881 1722 est,
900 1637 1036 1728 quando
1053 1637 1130 1704 veri
1145 1635 1346 1704 adoratores
1368 1635 1572 1703 adorabunt

392 1739 531 1808 Patrem
546 1743 585 1806 iu
601 1743 787 1830 spiritam
808 1746 965 1812 veritate.
979 1771 996 1806 n
1021 1743 1193 1812 Adoratio
1216 1747 1332 1811 autem
1356 1743 1394 1808 in
1420 1744 1570 1830 spiritu,

391 1846 690 1936 dispositionibus,
709 1851 994 1940 cogitationibus,
1012 1851 1197 1921 affectibus
1213 1849 1332 1934 animi,
1351 1849 1388 1916 in
1405 1849 1486 1934 lide,
1507 1871 1571 1939 spe

391 1960 428 2022 et
450 1953 623 2024 obesitate
646 1957 710 2024 sub
732 1957 798 2026 hac
822 1957 962 2026 formali
984 1959 1119 2026 ratione
1149 1965 1204 2026 est
1233 1955 1370 2048 aliquid
1404 1955 1572 2048 spiritale

392 2059 543 2129 solutum
566 2063 609 2130 ab
632 2065 790 2132 omnibus
824 2065 1088 2150 materialibus,
1113 2071 1168 2132 est
1190 2064 1269 2134 vita
1292 2061 1430 2131 omnino
1462 2061 1571 2130 intel·

391 2167 555 2236 lectualia
578 2169 615 2236 in
645 2169 802 2255 actibus,
829 2171 890 2262 qui
922 2172 1061 2260 proprio
1085 2193 1189 2240 sensu
1224 2177 1308 2239 sunt
1329 2175 1366 2237 et
1399 2168 1571 2237 dicuntur

392 2275 584 2362 spiritales,
601 2297 643 2344 ex
663 2299 733 2367 qua
756 2276 1011 2366 spiritualitate
1034 2277 1139 2346 babet
1161 2276 1279 2346 cultus
1302 2273 1567 2366 perfectionem,

392 2381 506 2450 nteit
529 2381 688 2448 adoratio
712 2385 927 2452 inveritate.

458 2487 557 2558 Unde
581 2489 755 2560 conclusio
779 2491 864 2560 baec
886 2499 951 2560 est:
976 2491 1135 2560 adoratio
1158 2492 1197 2556 ia
1220 2492 1349 2579 spiritu
1373 2503 1405 2556 et
1420 2491 1571 2555 onitate

392 2597 550 2688 exigitur
573 2619 615 2665 ex
638 2598 779 2689 propria
800 2598 935 2667 ratione
958 2605 1105 2667 naturae
1119 2597 1198 2683 Dei,
1217 2597 1300 2688 quia
1314 2597 1411 2666 Deus
1425 2601 1482 2664 est
1496 2596 1568 2685 spi·

391 2705 504 2774 ritus:
528 2733 544 2769 u
570 2705 717 2794 spiritus
739 2711 794 2774 est
815 2705 933 2790 Dens,
959 2711 995 2773 et
1017 2708 1093 2795 (per
1124 2704 1356 2772 hebraismum
1388 2701 1568 2793 particula

392 2810 565 2880 illationis
579 2843 616 2870 =
631 2815 728 2901 ergo)
752 2833 809 2880 eos
833 2811 894 2903 qni
918 2811 1067 2880 adorant
1088 2833 1177 2896 eum,
1195 2811 1234 2880 in
1256 2810 1388 2901 spiritu
1411 2815 1448 2880 et
1470 2810 1569 2880 veri-

391 2925 465 2986 tate
488 2924 624 3008 oportet
646 2918 802 2988 adorare.
823 2945 839 2982 a
857 2917 971 3009 Atqui
993 2919 1031 2986 in
1046 2918 1220 2987 locutione
1239 2947 1255 2983 r
1271 2917 1416 2986 adorare
1438 2917 1476 2984 in
1496 2915 1567 3006 epi·

393 3025 503 3092 ritua
528 3048 649 3094 nomen
673 3026 819 3116 spiritus
850 3027 1001 3096 sumitur
1023 3027 1216 3095 necessario
1239 3027 1276 3095 in
1308 3024 1566 3114 significatione

392 3148 540 3224 aequate
562 3133 598 3201 id
622 3133 711 3225 quod
735 3133 915 3202 materiale
938 3139 993 3202 est
1015 3139 1052 3202 et
1074 3155 1285 3223 corporeum,
1306 3153 1347 3200 aa
1365 3131 1567 3217 affirmante

392 3239 665 3310 intellectualem
688 3240 799 3309 vitam
829 3241 1131 3330 supernaturalem
1161 3239 1199 3308 in
1221 3240 1307 3325 fide,
1334 3263 1395 3330 epe
1421 3245 1459 3307 et
1486 3237 1565 3307 cha·

392 3346 511 3415 ritate.
538 3347 633 3435 Ergo
655 3347 761 3415 etiam
784 3347 866 3416 dum
888 3348 983 3416 Deus
1016 3347 1149 3416 dicitur
1176 3345 1325 3436 spiritus
1355 3345 1400 3414 ad
1429 3345 1564 3412 demon·

394 3452 618 3537 strationem,
644 3475 707 3521 cur
728 3453 762 3521 ei
784 3455 991 3542 respondeat
1013 3452 1131 3522 cultus
1155 3451 1376 3543 spiritualis,
1401 3451 1564 3520 Christus

392 3559 559 3627 Dominus
574 3559 752 3628 intellexit
766 3567 802 3629 et
817 3559 973 3650 intelligi
991 3559 1105 3630 voluit
1120 3560 1284 3650 spiritum
1307 3559 1563 3649 significatione

392 3673 541 3755 negante
564 3666 602 3734 id
625 3666 715 3758 quod
745 3667 926 3736 materiale
949 3673 1025 3751 est,
1050 3673 1087 3735 et
1104 3665 1300 3736 affirmante
1331 3667 1562 3735 substantiam
1589 3721 1597 3736 .

392 3797 434 3844 ac
449 3775 560 3844 vitam
576 3773 862 3859 intellectualem,
877 3775 1064 3844 secundum
1080 3781 1281 3863 conceptum
1296 3772 1446 3864 spiritus
1462 3771 1561 3862 paulo

283 3971 286 3978 Ι
394 3893 474 3951 ante
497 3906 532 3949 n.
546 3881 577 3948 Ι.
592 3887 862 3970 praestructum.

460 3987 576 4058 Simili
600 3989 672 4057 fere
695 3987 831 4056 ratione
846 3987 880 4056 2.
894 3987 972 4055 Cor.
990 3985 1060 4055 ΠΙ.
1074 3986 1269 4056 oeconomia
1291 3985 1487 4055 christiana
1508 3983 1559 4052 de·

393 4095 561 4166 scribitur
584 4095 718 4164 insuia
751 4093 849 4162 bonis
877 4099 914 4163 et
936 4093 1035 4162 donis
1066 4093 1244 4183 spiritalis
1255 4141 1265 4175 ,
1291 4093 1350 4162 oui
1380 4092 1560 4185 opponitur

460 4334 502 4409 (l)
525 4337 580 4393 Pro
606 4339 659 4392 hac
687 4334 897 4403 significatione
926 4335 1075 4388 verborum
1102 4331 1221 4393 satem
1253 4339 1283 4390 et
1311 4331 1438 4392 ἐληθιιοι
1466 4329 1555 4386 tantm

394 4427 515 4482 10.1.e.
532 4428 575 4494 ra
591 4427 640 4483 vr.
654 4427 699 4492 aa,
715 4426 817 4492 xv.1;
834 4423 907 4478 aar.
918 4423 998 4478 vm.
1013 4424 1039 4492 a,
1055 4425 1105 4479 1x.
1120 4426 1166 4479 as.
