3262 5076
538 417 575 432 -·
599 387 660 447 521
684 419 721 433 -

48 495 237 584 opinionem
261 515 323 562 nec
348 492 515 561 audemus
538 499 754 560 contemnere
779 497 856 581 (eet
877 492 969 559 enirn
994 491 1052 582 pia
1074 497 1110 560 et
1134 514 1214 559 ana-

47 603 155 690 logias
180 601 263 670 fidei
281 623 348 669 non
366 605 581 690 repugnans)
597 623 659 667 nec
682 621 820 667 necesse
835 598 1000 666 habemus
1017 599 1212 668 adstruere.

106 709 198 776 Nam
223 711 253 794 a)
278 713 417 797 praeter
433 706 611 774 hominum
629 705 828 774 voluntates
852 705 1215 774 inconsiderationem

47 815 193 884 veniunt
216 837 342 884 causae
366 814 536 883 secundae
561 837 629 881 non
653 813 784 882 liberae
806 813 940 880 ardinio
958 815 1109 902 ptpeioi,
1129 837 1216 904 qnae

45 925 140 991 iuxta
167 945 365 991 communes
385 929 421 990 et
445 921 642 989 ordinarias
665 921 762 1010 leges
787 921 1029 1009 providentiae
1053 921 1095 989 ad
1113 921 1216 988 colla-

43 1033 167 1099 tionem
194 1030 403 1098 sacramenti
428 1029 625 1118 possibilem
650 1029 707 1096 vel
731 1027 978 1119 impossibilem
1009 1027 1217 1097 reddendam

44 1141 238 1206 conferunt.
264 1137 414 1204 Cursum
438 1135 564 1204 harum
588 1158 771 1204 causarum
795 1135 957 1226 legesque
983 1135 1213 1219 universales,

45 1245 167 1334 quibus
193 1249 364 1332 aguntur,
382 1241 477 1310 Deus
501 1248 751 1333 consequenter
774 1243 817 1309 ad
842 1248 1019 1331 peccatum
1043 1242 1216 1331 originale

45 1349 121 1418 vult
143 1351 270 1441 utique
293 1371 368 1418 esse
390 1349 497 1433 tales,
525 1349 646 1440 quales
669 1373 761 1418 nunc
785 1355 886 1435 sunt3
914 1349 1056 1418 necdum
1081 1357 1215 1418 restau-

45 1457 134 1525 ravit
158 1463 294 1525 statum
318 1457 653 1546 praeternaturalem
682 1456 979 1540 immortalitatis,
1009 1457 1115 1525 etiam
1139 1467 1215 1546 post

45 1565 214 1632 decretam
238 1569 276 1632 et
298 1563 366 1630 iam
391 1564 520 1632 factam
543 1563 810 1653 redemptionem
833 1565 972 1653 generis
988 1564 1132 1632 humani
1155 1587 1217 1652 per

44 1669 232 1739 Christum.
259 1670 345 1739 Inde
368 1671 594 1762 consequitur
617 1671 756 1762 quidem
780 1670 967 1739 secundum
992 1694 1131 1739 cursum
1157 1671 1216 1737 ha-

44 1799 113 1843 rum
137 1777 260 1866 legum
276 1799 368 1844 mors
384 1777 613 1866 plurimorum
631 1776 821 1844 infantium
838 1783 920 1846 anm
938 1799 1037 1844 nsum
1053 1777 1213 1862 rationis,

44 1890 75 1950 et
88 1888 144 1969 (ut
159 1905 257 1952 nnnc
272 1883 409 1969 damus)
426 1883 614 1975 aliquando
638 1871 862 1975 consequitur
887 1885 1157 1976 independenter
1173 1888 1216 1953 ab

44 1993 198 2060 omnibus
222 1991 468 2060 voluntatibus
491 1997 527 2060 et
549 1991 748 2060 actionibus
771 1991 894 2061 liberis
923 1992 1098 2062 hominum
1124 2017 1215 2061 mors

44 2099 74 2164 in
91 2104 234 2187 peccato
247 2097 436 2187 originali:
454 2105 610 2167 attamen
627 2123 703 2168 cum
720 2099 785 2169 hoo
800 2100 959 2169 naturali
976 2124 1090 2170 rerum
1108 2124 1215 2170 cursu

45 2206 164 2294 optime
198 2203 362 2274 consistit
392 2205 426 2272 in
456 2204 528 2274 Deo
560 2205 756 2274 antecedens
788 2205 1027 2274 conditionata
1051 2207 1215 2276 voluntas

45 2312 163 2380 salutis
188 2313 314 2379 horum
338 2314 489 2380 omnium
514 2313 722 2400 infantium
750 2319 805 2383 est
827 2315 917 2384 enim
943 2316 1027 2384 haec
1044 2317 1120 2405 ipsa
1137 2339 1214 2384 con·

45 2419 136 2505 ditio,
156 2421 224 2488 snb
248 2442 318 2512 qna
334 2419 414 2488 vult
436 2420 703 2512 applicationem
727 2423 947 2508 sacramenti,
967 2439 1132 2515 qnantnm
1149 2425 1214 2492 sci·

45 2527 120 2595 licet
146 2529 240 2593 sinit
271 2527 446 2616 pennalis
469 2527 550 2594 ordo
578 2533 750 2620 sapienter
781 2547 813 2597 et
839 2534 927 2597 inste
957 2533 1148 2598 institutae.
1175 2529 1215 2598 Si

45 2633 130 2702 Dens
152 2634 263 2702 talem
287 2635 440 2704 ordinem
464 2658 648 2706 cansarum
671 2637 897 2727 physicarum
932 2637 1039 2706 vellet
1070 2659 1113 2705 ex
1141 2660 1214 2706 sese

44 2741 82 2808 ad
103 2740 199 2810 hunc
224 2741 339 2825 finem,
365 2747 408 2810 ut
429 2742 586 2811 infantes
610 2744 806 2811 moriantur
821 2743 857 2810 in
874 2750 1015 2832 peccato
1032 2742 1211 2831 originali,

45 2847 75 2915 id
98 2869 179 2917 sane
204 2855 419 2938 repugnaret
442 2849 619 2918 voluntati
635 2850 826 2935 salvificae,
845 2872 908 2918 neo
923 2858 1041 2940 posset
1063 2850 1214 2938 amplios

46 2955 108 3023 dici
132 2956 228 3026 velle
250 2955 374 3023 horum
398 2955 589 3026 infantium
614 2956 785 3026 salutem:
811 2965 850 3025 at
864 2957 959 3024 Deus
974 2979 1042 3024 non
1058 2956 1212 3025 adhunc

46 3061 137 3130 finem
161 3061 344 3147 instituit,
371 3085 433 3132 nec
457 3085 496 3132 eo
518 3063 647 3153 dirigit
679 3084 742 3130 sna
774 3063 999 3131 antecedente
1031 3062 1214 3131 voluntate

46 3166 130 3238 hunc
153 3168 353 3258 generalem
377 3193 494 3239 rerum
518 3167 691 3254 ordinem,
719 3170 778 3239 sed
802 3170 984 3239 vulteum
1008 3192 1049 3237 ex
1075 3170 1159 3237 aliis
1175 3171 1213 3236 fi-

47 3275 141 3344 nibus
172 3277 466 3367 sapientissimis;
499 3277 580 3345 inde
615 3301 697 3347 vero
728 3283 990 3370 consequentem
1023 3278 1213 3345 infantium

48 3391 182 3451 nortem
199 3387 236 3451 in
261 3389 399 3472 peceato
422 3407 489 3452 non
514 3384 645 3454 directe
669 3385 834 3469 intendit,
861 3385 920 3453 sed
945 3385 1056 3452 solum
1073 3385 1213 3474 permit·

47 3490 96 3572 tit,
121 3495 296 3582 qnatenus
318 3490 532 3580 exigentiam
557 3493 782 3583 physicarum
813 3493 931 3582 legum
956 3516 1024 3560 non
1047 3493 1128 3561 vult
1151 3517 1214 3582 pro

47 3597 195 3666 omnibus
218 3597 418 3666 infantibus
443 3601 634 3668 mutatione
659 3599 792 3668 ordinis
809 3599 987 3689 generalis
1003 3599 1059 3668 vel
1076 3622 1136 3690 per
1153 3599 1215 3664 mi-

47 3705 194 3774 raculum
219 3705 398 3796 impedire.
426 3706 525 3776 Talis
551 3731 632 3786 vero
656 3707 838 3798 permissio
862 3709 987 3798 probat
1003 3706 1126 3790 solnm,
1146 3729 1212 3772 non

47 3831 110 3882 esse
132 3813 168 3882 in
186 3815 259 3882 Deo
278 3813 493 3882 voluntatem
512 3815 704 3881 absolutam
720 3814 848 3882 salutis
864 3815 987 3882 horum
1005 3812 1210 3896 infantium;

49 3920 98 3987 sed
119 3922 323 3989 nullatenus
345 3922 482 4011 probat,
509 3945 577 3988 non
600 3945 675 3990 esse
701 3921 915 3991 voluntatem
942 3917 1213 3986 conditionatum

49 4027 162 4098 salutis
185 4030 358 4114 omnium,
385 4045 553 4121 qnantum
579 4031 753 4121 pennalis
781 4053 896 4096 carons
923 4051 1035 4094 rernm
1059 4049 1101 4093 en
1127 4027 1213 4094 aliie

46 4133 159 4216 finibus
172 4137 348 4228 sapienter
360 4133 548 4226 dispositae
564 4161 630 4202 non
652 4133 797 4226 impedit
814 4134 1083 4224 applicationem
1099 4157 1212 4200 sacra

51 4245 143 4306 nenti
161 4267 226 4332 pro
244 4244 587 4312 annitar-intricari.

108 4347 228 4418 Totum
242 4373 426 4440 possumus
443 4351 626 4442 complecti
640 4353 705 4419 hac
718 4347 880 4435 formula:
897 4348 1046 4417 salutem
1061 4347 1212 4414 omnium

54 4447 225 4524 infantium
250 4458 311 4548 qni
335 4459 533 4526 moriuntur
565 4459 599 4526 in
632 4465 772 4548 peccato
803 4455 987 4545 originali,
1013 4455 1107 4524 Dens
1133 4453 1212 4523 vult
