3230 5072
533 439 572 452 -
595 395 656 468 423
678 437 715 452 .-

28 510 209 598 videlicet,
229 518 272 582 ut
292 513 378 582 talia
400 519 500 582 actus
523 515 598 598 fiat,
618 520 654 583 et
676 514 894 584 voluntatem
917 511 1115 582 absolutam
1138 510 1207 582 effi-

28 619 154 706 ciendi,
173 625 220 690 ut
235 628 409 707 creatura,
428 621 509 691 dnm
533 645 571 691 se
592 628 708 713 potest
730 622 961 692 determinare
984 621 1029 690 ad
1052 620 1205 706 diversa,

27 724 67 792 sd
89 726 194 795 huuc
218 751 326 796 unum
348 733 466 796 actum
488 728 601 797 libera
623 729 793 798 electione
809 751 845 798 se
864 729 1083 798 determinet.
1101 730 1208 798 Porro

27 829 108 900 haec
134 832 308 904 voluntas
331 835 494 904 absoluta
516 841 633 926 potest
655 837 784 907 iterum
813 835 971 926 intelligi
993 836 1206 928 tripliciter:

29 1089 143 1154 pariter
163 1105 228 1144 cum
246 1092 350 1159 gratia,
372 1091 534 1146 formaliter
552 1096 644 1156 utest
667 1095 762 1148 efficax
776 1109 825 1148 sou
838 1097 872 1147 ut
885 1096 1021 1163 supponit
1033 1095 1139 1148 lactum
1153 1096 1209 1147 mei

28 1179 112 1232 liberi
133 1195 302 1250 cousensus,
318 1197 374 1235 uon
393 1197 478 1250 posse
496 1197 552 1236 non
566 1199 627 1236 esse
641 1184 820 1238 coniunctum
833 1200 1010 1252 consensuum
1026 1185 1094 1252 quie
1107 1186 1133 1238 si
1146 1201 1210 1239 oon-

29 1279 131 1318 senaus
153 1271 211 1334 eat,
225 1283 282 1320 nou
295 1271 392 1335 potest
410 1269 496 1320 simul
510 1283 567 1322 uon
582 1284 655 1322 esse:
669 1273 700 1323 at
714 1284 782 1322 vero
795 1271 850 1323 illa
863 1270 1034 1338 hypothesis
1056 1285 1210 1326 cousensus

29 1359 71 1405 ιιι
88 1356 124 1407 ιιι
146 1359 292 1423 potestate
309 1357 418 1411 liberae
432 1357 605 1426 voluntatis3
619 1357 694 1411 unde
707 1358 743 1412 ab
757 1374 790 1413 ea
802 1358 917 1426 pendet,
932 1361 966 1411 ut
978 1374 1047 1412 vera
1060 1360 1101 1412 sit
1113 1360 1211 1427 potius

30 1443 206 1511 hypothesis
223 1448 318 1500 altera
336 1445 492 1514 dissensus,
509 1449 566 1515 qui.
583 1448 679 1515 positi
697 1449 793 1513 gratia
805 1447 902 1501 eadem
914 1449 971 1501 iam
984 1463 1041 1500 uon
1055 1451 1101 1501 est
1113 1449 1209 1502 efficax

31 1541 58 1587 et
75 1537 207 1590 efficiens
225 1537 256 1590 ιιι
275 1540 340 1591 actu
360 1537 492 1605 secundo,
514 1537 564 1591 sed
583 1555 658 1592 mere
677 1539 828 1592 sufficiens.
843 1539 901 1592 Hoc
915 1539 1009 1604 igitur
1028 1536 1108 1591 modo
1125 1537 1211 1592 iecila

31 1627 226 1697 intelligitur,
238 1629 271 1681 s’ss
279 1645 360 1682 ιιιιιιι
373 1631 521 1696 composito
532 1647 592 1683 cum
601 1631 708 1698 qratia,
716 1630 882 1698 formaliter
890 1639 923 1683 set
931 1631 1100 1697 supponitur
1109 1629 1212 1697 efficax

32 1717 59 1770 h.
73 1735 99 1771 e.
114 1718 272 1772 coniuncta
295 1735 357 1773 cum
375 1720 467 1773 libero
491 1735 645 1788 consensu,
666 1737 722 1774 non
747 1735 829 1788 posse
856 1721 941 1774 simul
967 1724 1045 1774 stare
1072 1722 1211 1774 actualem

33 1809 208 1876 dissensum
228 1810 281 1864 hoc
301 1811 376 1863 enirn
395 1809 470 1863 idem
489 1814 567 1864 esset
579 1827 611 1865 ac
623 1811 709 1866 simul
724 1810 917 1866 etsecuudum
936 1810 1011 1863 idam
1029 1826 1134 1878 ponere
1147 1826 1211 1864 con-

33 1915 148 1954 ιιιιιιιιιι
167 1905 199 1954 ιι
221 1899 392 1954 diecentum.
406 1899 486 1964 Quod
510 1915 561 1954 nos
586 1902 754 1968 intelligere
777 1917 834 1956 uon
857 1915 1007 1969 possumus
1028 1901 1060 1954 in
1083 1901 1214 1954 doctrine

35 1991 243 2058 theologorum,
255 2007 326 2058 quos
334 1993 422 2044 initio
432 1993 655 2060 commemoravi,
665 1991 740 2046 illud
751 1996 805 2059 est,
816 1992 891 2059 quod
901 1994 997 2059 posita
1006 1991 1100 2056 gratia
1109 1993 1213 2045 efficaci

36 2085 63 2131 et
71 2079 385 2148 praedeterminatione
393 2081 564 2134 inhaerente
573 2081 604 2133 ln
615 2081 711 2134 anima
721 2095 755 2134 ex
762 2081 827 2147 ipsa
837 2081 948 2146 gratiae
957 2083 1062 2134 natura
1072 2083 1214 2146 repugnat

36 2185 89 2221 nou
108 2169 195 2237 sequi
214 2185 391 2236 consensum,
412 2171 488 2224 sicut
506 2171 569 2224 sola
587 2171 684 2238 posite
702 2169 798 2236 gratia
816 2185 851 2223 ex
870 2175 973 2222 natura
996 2185 1049 2222 sua
1061 2169 1214 2222 sufficienti

36 2263 181 2326 repugnet
191 2263 234 2328 ut,
246 2260 305 2313 uisi
314 2258 394 2313 aliud
404 2259 528 2328 accedat,
542 2265 606 2315 astu
617 2265 755 2329 sequatur
766 2276 932 2328 consensus,
946 2265 976 2312 et
987 2263 1081 2314 temen
1092 2258 1213 2312 dicimur

38 2367 88 2402 nos
106 2351 201 2403 libare
219 2351 396 2417 consentire,
417 2351 495 2418 licet,
516 2354 551 2404 ut
568 2352 664 2416 gratia
682 2352 737 2404 illa
759 2352 854 2404 efficax
878 2352 925 2404 vel
950 2351 1011 2404 eius
1034 2349 1163 2404 carentia
1181 2349 1212 2400 in

39 2439 120 2492 nobie
140 2439 191 2506 sit,
212 2439 294 2490 nullo
313 2437 392 2492 modo
411 2439 443 2491 in
462 2441 565 2492 nostra
582 2439 623 2492 sit
646 2441 801 2506 potestate.
818 2439 926 2492 «Licet
942 2453 1021 2492 amor
1045 2453 1101 2490 uon
1120 2435 1215 2504 possit

39 2528 105 2594 poni
125 2528 190 2580 siue
208 2527 517 2594 praedeterminatione
535 2527 692 2596 adipsum,
714 2544 766 2582 nec
784 2529 846 2582 elus
865 2528 982 2581 omissio
1001 2527 1064 2580 sine
1087 2525 1215 2593 positiva

41 2615 361 2681 praedeterminstiouis
374 2617 512 2687 carentia,
527 2621 622 2671 tamen
637 2617 711 2686 apud
725 2633 821 2672 omnes
839 2619 1002 2670 Τιιοιιιιιιιι
1015 2632 1067 2669 nec
1079 2615 1214 2684 praedeli-

41 2707 114 2759 uitio
133 2723 184 2760 ιιιι
202 2707 265 2760 eius
284 2708 413 2760 carentia
431 2707 596 2760 continetur
614 2707 646 2760 ιιι
665 2711 808 2774 potestate
826 2707 998 2773 voluntatis,
1020 2705 1069 2757 sed
1089 2704 1171 2757 unica
1183 2704 1215 2755 in

43 2795 93 2848 liei
110 2797 267 2863 potestate,
288 2795 391 2848 mediis
410 2795 515 2863 quibus
533 2791 566 2867 (i.
581 2810 606 2848 ι.
621 2809 672 2862 per
693 2794 1028 2862 praedeterminationem
1047 2795 1093 2846 vel
1113 2807 1148 2845 ex
1168 2791 1215 2844 ad·

43 2901 124 2938 rersc
141 2899 195 2952 per
207 2885 270 2939 elus
281 2880 451 2957 carentiam)
463 2884 633 2939 subordinat
645 2886 703 2938 sihi
716 2887 896 2940 voluntatem
909 2883 1012 2937 tamin
1025 2897 1118 2936 amore
1131 2897 1215 2949 quam

44 2977 152 3030 ineius
171 2976 335 3030 omissione.
350 2997 363 3024 a
378 2977 424 3030 Ita
441 2973 543 3029 Illrdus
569 2976 736 3030 Montalban
762 2975 959 3029 consentiente
984 2975 1014 3026 ιι
1032 2971 1215 3025 collaudante

46 3067 177 3122 Caietano
191 3065 311 3120 Bonitas
323 3067 345 3120 l.
359 3082 383 3120 o.
397 3068 422 3132 5.
434 3067 462 3120 3.
474 3083 504 3119 ιι.
514 3065 560 3120 35.
575 3067 749 3120 Raseremur
763 3065 912 3134 opiniones
926 3063 1132 3128 theologorum,
1149 3061 1218 3128 quia

48 3163 135 3210 tamen
154 3157 226 3211 talis
245 3154 344 3209 modus
363 3156 542 3223 operationis
566 3156 678 3221 gratiae
705 3155 736 3208 in
763 3155 941 3208 revelatione
964 3169 1021 3206 non
1047 3152 1218 3221 proponitur

49 3243 206 3312 credendss;
228 3243 278 3297 sed
298 3242 396 3308 agitur
414 3243 449 3296 de
468 3244 661 3311 explicatione
681 3242 822 3309 dogmatis
841 3244 877 3296 ab
896 3241 1027 3297 omnibus
1046 3240 1160 3308 crediti,
1182 3239 1216 3292 de

51 3333 236 3400 explicatione
254 3333 373 3400 inquam
389 3333 539 3386 libertatis
556 3347 687 3387 unacum
707 3333 880 3386 necessitate
899 3333 1012 3398 gratiae
1031 3331 1067 3385 ad
1088 3329 1217 3398 quemvis

52 3427 137 3476 sctum
149 3423 406 3491 supernaturalem,
422 3425 452 3476 et
466 3423 535 3491 quia
547 3423 703 3489 explicatio
717 3423 848 3489 suppetit
860 3423 936 3489 alla,
951 3437 1024 3490 quae
1038 3421 1120 3474 nobis
1134 3421 1218 3484 louge

53 3511 219 3565 molluscum
231 3511 377 3564 revelatae
397 3509 544 3563 doctrluae
562 3509 706 3578 capitibus
719 3509 754 3564 ds
767 3511 906 3564 libertate
921 3513 950 3564 ιι
961 3511 1056 3576 gratie
1068 3509 1218 3563 cohaerere
1256 3529 1257 3532 ¹

54 3599 171 3654 ridetur:
185 3615 243 3654 nou
257 3615 406 3668 possumus
419 3603 576 3667 praestare,
594 3599 668 3667 quod
681 3602 812 3668 postulat
823 3599 917 3654 Bedea
930 3601 961 3653 in
975 3601 1002 3652 2.
1014 3601 1041 3652 h.
1053 3614 1082 3667 q.
1093 3600 1136 3652 10.
1149 3615 1175 3651 a.
1192 3598 1218 3648 1.

56 3691 134 3745 ccccl.
145 3691 171 3744 3.
183 3690 292 3745 docum.
305 3691 333 3744 8.
343 3690 414 3758 Opp.
426 3691 459 3743 ι’.
470 3691 526 3744 ΙΙΙ.
537 3706 566 3757 p.
576 3691 638 3743 249.
651 3689 713 3743 250.
725 3690 774 3743 ubi
787 3689 899 3742 inducit
911 3689 1059 3755 theologos
1072 3689 1218 3742 uobiscum

58 3775 171 3834 latentem
189 3795 220 3835 ιι
238 3796 296 3833 non
314 3794 397 3848 posse
414 3779 583 3846 intelligere
601 3781 764 3833 libertatem
785 3779 903 3833 arbitrii
922 3780 975 3832 sub
994 3779 1091 3843 gratia
1110 3780 1140 3830 et
1158 3794 1219 3832 cum

61 3870 151 3938 κιιιιι,
163 3869 189 3924 ιι
198 3869 269 3924 haee
282 3883 318 3922 ex
328 3885 380 3924 sua
392 3869 553 3924 iutriuseca
565 3873 671 3923 natura
684 3869 728 3922 ita
741 3873 786 3922 ιιι
798 3870 904 3940 efficax,
917 3889 930 3916 α
942 3872 1043 3922 utnon
1057 3869 1143 3921 simul
1156 3883 1219 3936 pca-

62 3958 112 4012 sint
126 3963 202 4014 stara
218 3962 288 4015 haec
306 3959 371 4014 duo:
391 3961 449 4014 iste
468 3959 549 4014 homo
569 3959 673 4028 recipit
692 3961 752 4014 tale
771 3959 923 4026 auxilium,
939 3962 968 4011 et
980 3960 1038 4013 ιιιι
1060 3957 1142 4011 homo
1162 3973 1219 4010 non

63 4051 236 4104 conuertitur.
249 4071 262 4101 a
277 4051 334 4105 Eos
352 4054 447 4105 sutem
460 4049 504 4104 ita
517 4049 667 4115 redarguit
675 4051 768 4104 Baiias
779 4067 784 4102 :
802 4069 815 4098 a
829 4049 864 4103 sd
884 4049 956 4103 hane
969 4064 1020 4114 ego
1033 4048 1220 4102 obtectionem

65 4149 234 4204 responsurus
245 4153 354 4208 nequeo
374 4139 447 4194 satis
464 4139 564 4192 mirari
582 4138 745 4192 huiusmodl
760 4138 957 4205 theologorum
971 4139 1165 4204 ignorantiam
1185 4153 1220 4191 na

67 4223 142 4281 dicam
153 4231 351 4285 ιιιιιιιιιιιιιι.
363 4231 434 4284 llam
445 4230 568 4297 primum
579 4231 703 4284 omnium
722 4229 890 4283 debuissent
901 4228 1024 4295 credere,
1044 4227 1119 4297 quod
1136 4229 1220 4280 aiunt

68 4327 92 4364 ιι
103 4333 152 4370 ιιι
167 4335 249 4388 pesse
261 4319 444 4386 intelligere,
458 4318 599 4374 eredimus
620 4320 695 4372 euim
708 4318 850 4372 Catholici
869 4318 1038 4384 mysterium
1052 4316 1218 4384 Trinitatis,

69 4404 237 4464 etiamsinon
259 4409 497 4474 intelligamus.»
515 4407 557 4462 Δι
572 4409 736 4478 opinionem
757 4410 792 4462 ab
813 4411 929 4461 auctore
955 4407 1132 4476 propositam
1159 4421 1220 4473 pos·

69 4500 126 4549 suut
141 4499 262 4568 quidem,
278 4500 383 4568 quibus
396 4515 429 4555 ea
446 4501 552 4569 placet,
573 4499 735 4567 defendere,
756 4503 786 4552 et
798 4499 903 4567 quibus
913 4513 971 4553 uon
983 4499 1087 4567 placet,
1101 4499 1223 4566 pessunt
