3464 5058
896 401 932 416 ..
959 372 1020 434 680
1040 403 1078 418 .-

399 477 493 544 libus
505 479 547 544 ob
559 487 700 566 peccata
712 477 894 544 commissa
905 475 1111 564 infligendis
1125 474 1291 566 usquead
1305 472 1571 552 exterminium,

399 602 476 648 oum
500 589 621 648 contra
636 579 786 669 populus
802 579 933 648 electus
949 603 1016 647 non
1033 580 1254 647 obstantibus
1271 576 1423 668 peccatis
1439 597 1575 664 semper

399 693 561 755 servatus
583 695 697 754 estet
722 686 896 754 beneficiis
920 687 1131 754 cumulatus.

466 793 714 862 Verumtamen
746 793 938 883 Apostolus
968 791 1058 862 hanc
1081 794 1277 882 gratuitam
1301 792 1504 860 electionem
1527 790 1573 858 ad

398 903 625 970 oeconomiam
648 901 693 970 V.
721 902 762 969 Τ.
789 901 927 970 inducit
949 911 1125 993 tamquam
1148 909 1412 989 argumentum,
1437 921 1480 966 ex
1504 919 1574 987 quo

397 1009 574 1078 concludit
596 1031 749 1099 arguens
771 1033 813 1078 ex
838 1019 926 1098 typo
948 1009 993 1078 ed
1016 1009 1231 1097 antitypum,
1249 1007 1450 1076 electionem
1465 1005 1572 1074 etiarn

396 1115 441 1184 ad
464 1139 588 1184 novam
613 1116 840 1185 oeconomiam
856 1116 952 1185 etad
968 1117 1056 1184 bona
1073 1117 1110 1184 in
1126 1139 1167 1184 ea
1184 1115 1354 1206 promissa
1366 1113 1572 1182 nominatim

395 1222 439 1292 ad
463 1223 638 1292 iustitiam
662 1247 775 1293 coram
799 1224 871 1292 Deo
893 1247 962 1292 non
985 1247 1058 1294 esse
1081 1223 1232 1293 debitam
1248 1223 1320 1291 iuri
1336 1221 1520 1311 sanguinis
1535 1233 1573 1288 et

396 1351 536 1420 opernm
567 1330 815 1414 humanorum,
850 1330 909 1399 sed
933 1331 1130 1419 gratuitum
1153 1327 1422 1419 supernaturale
1446 1327 1571 1396 benefi-

395 1437 499 1522 cium,
525 1440 615 1530 quod
638 1439 733 1508 Deus
749 1439 830 1508 vult
845 1441 1002 1508 conferre
1021 1463 1082 1528 per
1097 1439 1199 1508 fidem
1215 1439 1296 1506 Iesu
1312 1437 1457 1520 Christi,
1476 1438 1573 1504 sicut

394 1543 595 1613 electionem
620 1545 664 1614 ad
687 1545 850 1636 populum
875 1545 919 1615 V.
948 1543 1002 1614 T.
1016 1546 1216 1616 conferebat
1239 1546 1419 1614 verbosuo
1436 1565 1497 1636 per
1512 1567 1570 1611 su-

394 1652 653 1742 peruaturalem
676 1653 935 1742 promissionem
960 1663 996 1722 et
1020 1653 1247 1722 vocationem.

461 1759 585 1852 Itaque
604 1791 619 1824 u
638 1763 815 1826 secundum
834 1761 1027 1828 electionem
1046 1765 1263 1851 propositum
1287 1761 1387 1827 Dein
1406 1784 1441 1827 v.
1458 1761 1514 1843 ll,
1530 1770 1571 1826 ut

393 1868 548 1936 refertur
571 1869 615 1936 ad
638 1877 777 1958 typum,
803 1877 857 1938 est
879 1867 1046 1939 benevola
1060 1870 1222 1958 gratuita
1238 1868 1304 1937 Dei
1320 1868 1484 1936 voluntas
1506 1865 1568 1935 eli·

392 1975 499 2066 gendi
521 1973 624 2044 Iacob
647 1977 683 2044 in
708 1993 840 2067 patrem
864 1976 984 2065 populi
1007 1976 1078 2044 Deo
1101 1976 1309 2066 peculiaris;
1344 1985 1384 2042 ut
1413 1975 1570 2042 refertur

392 2080 437 2148 ad
461 2081 663 2171 antitypum
680 2095 715 2151 et
731 2083 917 2152 secundum
935 2107 1074 2173 scopum
1090 2083 1279 2172 principem
1296 2081 1399 2149 Pauli
1415 2089 1470 2149 est
1487 2103 1567 2170 gra-

391 2187 485 2256 tuita
507 2188 606 2256 nullo
631 2189 707 2258 iure
731 2191 849 2258 debita
874 2191 1037 2258 voluntas
1060 2190 1260 2258 conferendi
1289 2189 1454 2257 beneficia
1484 2188 1569 2256 novi

392 2295 608 2365 Testamenti
620 2307 656 2366 et
667 2297 843 2367 iustitiam
856 2310 928 2367 tam
943 2297 1085 2368 Iudaeis
1098 2321 1201 2390 quam
1212 2298 1378 2387 gentibus
1390 2319 1451 2388 per
1463 2295 1566 2364 fidem

390 2401 471 2473 Iesu
494 2403 641 2473 Christi.
1180 2491 1184 2495 .

459 2510 586 2580 Verba:
607 2542 623 2576 u
642 2535 708 2578 non
734 2535 775 2580 erc
798 2513 969 2602 operibus,
994 2513 1052 2580 aed
1074 2537 1115 2580 erc
1138 2527 1277 2580 vocante
1300 2513 1432 2581 dictum
1455 2517 1512 2580 est
1532 2511 1566 2578 ei

391 2619 621 2706 (Rebeccae),
647 2619 731 2711 qnia
755 2623 866 2685 maior
887 2622 1009 2686 serviet
1031 2623 1159 2687 minori
1176 2647 1193 2682 n
1216 2619 1334 2702 v.12,
1361 2617 1567 2707 significant

389 2725 587 2794 immediate
618 2737 654 2795 et
684 2725 851 2794 historice
881 2727 1031 2816 gratuiti
1062 2727 1201 2795 consilii
1231 2749 1339 2819 aeque
1369 2725 1564 2816 gratuitam

389 2835 656 2918 exsecutionem,
682 2835 864 2903 electionis
887 2835 1024 2903 scilicet
1045 2835 1149 2903 Iacob
1177 2843 1213 2904 et
1243 2840 1458 2924 posterorum
1488 2835 1565 2901 eius

389 2941 427 3009 in
450 2941 615 3032 populum
640 2941 849 3030 peculiarem
874 2964 956 3031 prae
979 2941 1074 3011 Esau
1091 2949 1127 3012 ct
1142 2943 1294 3033 posteris
1309 2943 1397 3028 eius;
1416 2941 1564 3010 mediate

388 3057 426 3117 et
448 3071 490 3118 ex
514 3049 709 3117 intentione
733 3049 891 3138 principe
914 3049 1017 3118 Pauli
1034 3051 1239 3140 significant
1254 3050 1462 3138 antitypum
1478 3047 1514 3115 h.
1530 3069 1561 3118 c.

388 3156 581 3246 gratuitam
612 3157 771 3246 gentium
802 3155 894 3224 nihil
924 3157 996 3226 tale
1028 3159 1234 3227 merentium
1265 3157 1468 3227 electionem
1501 3176 1562 3244 per

388 3263 501 3348 fidem,
526 3263 625 3333 nullo
649 3263 772 3331 habitu
789 3273 947 3354 respectu
964 3265 1148 3354 sanguinis
1164 3271 1200 3334 et
1216 3289 1356 3356 operum
1379 3263 1561 3353 legalium,

388 3371 426 3440 iu
449 3370 613 3460 populum
636 3370 701 3438 Dei
718 3371 763 3439 N.
782 3369 823 3440 Τ.
843 3395 925 3461 prae
940 3371 1082 3441 Indaeis
1097 3396 1165 3440 non
1182 3373 1417 3456 credentibus,
1436 3373 1563 3464 quibus

387 3478 486 3566 origo
510 3499 552 3545 ex
576 3477 788 3567 patriarchis
811 3485 846 3547 et
869 3499 973 3568 opera
995 3478 1086 3568 legis
1110 3479 1200 3547 nihil
1224 3481 1315 3548 iuris
1338 3480 1513 3549 tribuunt.

456 3582 635 3674 Sequitur:
657 3613 673 3648 c
692 3585 785 3653 sicut
808 3585 977 3674 scriptum
1001 3593 1067 3654 est:
1092 3586 1196 3654 Iacob
1221 3585 1346 3669 dilexi,
1371 3589 1471 3655 Esou
1502 3612 1561 3653 ou·

389 3707 453 3761 tem
476 3689 553 3758 odio
578 3692 716 3758 toberin
743 3718 778 3763 v.
794 3693 848 3762 13.
867 3693 1022 3762 Gonetns
1035 3695 1147 3784 (disp.
1162 3695 1192 3763 I.
1207 3703 1239 3778 §-
1254 3694 1312 3780 3.)
1342 3697 1431 3764 citat
1461 3697 1562 3766 velut

388 3805 523 3868 textum
547 3797 708 3888 Apostoli
732 3799 796 3868 hoo
820 3799 929 3868 modo:
952 3823 1064 3868 ccum
1087 3803 1238 3870 nondum
1262 3803 1338 3871 nati
1352 3811 1480 3887 essent,
1498 3825 1561 3872 nec

387 3907 522 4000 aliquid
547 3906 626 3974 boni
649 3905 805 3996 egissent
827 3915 890 3975 aut
913 3907 1008 3990 mali,
1034 3931 1102 3976 non
1125 3932 1167 3979 ex
1189 3909 1350 3998 operibus
1366 3909 1425 3978 sed
1443 3931 1484 3977 ex
1502 3933 1559 3978 vo-

387 4027 488 4082 cante
516 4013 647 4082 dictum
671 4023 740 4081 est:
765 4013 869 4082 Iacob
892 4013 1020 4097 dilexi,
1047 4015 1142 4083 Esau
1165 4025 1281 4084 autem
1306 4015 1384 4083 odio
1407 4015 1557 4084 habui.»

386 4119 438 4186 At
458 4128 577 4187 textus
603 4142 670 4187 non
694 4121 746 4187 ita
769 4119 884 4204 habet,
909 4127 946 4189 et
969 4121 1097 4190 falsum
1115 4122 1252 4190 omnino
1267 4129 1332 4206 est,
1352 4121 1436 4190 haec
1454 4123 1559 4190 verbs

387 4248 460 4295 esse
491 4225 585 4294 dicta
616 4227 723 4295 matri
753 4227 925 4297 Rebeccae
950 4227 1042 4296 filios
1064 4229 1180 4297 adhuc
1203 4229 1240 4296 in
1266 4237 1365 4297 utero
1388 4228 1554 4317 gestanti.

385 4331 499 4402 Multa
522 4334 612 4402 enim
636 4339 713 4425 post
736 4333 874 4404 saecula
897 4335 991 4404 Deus
1015 4335 1098 4416 haec
1122 4337 1215 4424 dixit
1230 4336 1369 4405 Iudaeis
1385 4339 1428 4404 ab
1451 4335 1558 4404 exilio

385 4437 591 4528 aedacibus,
618 4451 658 4512 ut
680 4441 732 4511 eia
756 4443 1055 4512 murmurantibus
1077 4465 1117 4512 ex
1151 4445 1228 4536 ipsa
1257 4443 1407 4514 historia
1439 4443 1556 4514 beneu-
