3310 5056
888 336 1067 400 ...120-

387 440 524 510 ratione
547 447 680 534 quanta
701 465 819 512 eorum
843 443 892 512 sit
914 445 1109 513 auctoritas
1124 442 1307 514 accedente
1324 444 1557 531 consensione,
1647 475 1648 528 t

389 570 477 642 quae
500 549 557 619 vel
583 550 714 620 directe
738 547 796 622 vel
818 550 990 622 indirecte
1013 551 1150 620 ostendi
1170 551 1281 642 possit
1305 553 1493 638 unanimis,
1519 575 1560 620 ex
1647 555 1648 622 ἒ

388 662 547 726 tractatu
562 658 815 728 deTruditione
832 664 980 729 constat.
1002 660 1154 728 Possunt
1172 659 1296 729 deiude
1317 661 1470 751 spectari
1485 683 1560 750 pro·
1647 685 1648 728 3

391 764 548 835 bationes
571 789 632 858 per
648 789 694 852 se,
714 768 841 860 quibus
865 791 907 836 ex
931 767 1013 838 fidei
1036 768 1201 859 analogia
1223 774 1260 838 et
1281 791 1399 837 rerum
1424 768 1562 838 naturis

390 873 641 961 demonstrant,
659 875 894 946 immediatam
910 877 1080 945 essentiae
1096 876 1238 946 divinae
1255 875 1481 944 intuitionem
1508 899 1560 945 co·
1647 891 1648 962 ξ

388 983 648 1075 guiticnemque
662 984 729 1052 Dei
742 990 784 1053 ut
807 984 844 1052 in
868 1008 904 1054 se
920 990 984 1070 est,
996 985 1190 1075 negandam
1205 991 1242 1054 et
1254 985 1350 1053 ideas
1366 989 1505 1052 nostras
1521 985 1562 1054 de

387 1089 458 1157 Deo
474 1111 517 1158 ex
533 1090 769 1180 praecognitis
793 1097 1035 1162 creaturarum
1050 1091 1325 1183 perfectionibus
1341 1091 1560 1182 depromptas

386 1219 472 1284 esse,
487 1203 592 1288 atque
614 1197 692 1267 ideo
715 1199 760 1268 ad
782 1200 947 1268 notitiam
969 1223 1037 1268 non
1060 1199 1132 1269 nisi
1148 1200 1334 1268 mediatam
1350 1205 1387 1268 et
1404 1199 1561 1289 analogi·
1619 1241 1622 1251 ·
1647 1175 1648 1264 l

387 1326 462 1376 cem
485 1306 522 1374 in
545 1307 685 1376 mortali
708 1306 773 1377 hac
796 1307 875 1378 vita
904 1309 1104 1399 pertingere
1127 1331 1190 1377 nos
1220 1330 1343 1398 posse;
1370 1313 1446 1376 tum
1479 1329 1562 1377 vero
1647 1331 1648 1374 t

319 1451 323 1462 ·
386 1435 455 1483 non
478 1414 590 1483 solum
613 1413 666 1482 ita
688 1436 774 1501 esse,
801 1415 860 1485 sed
883 1417 990 1486 etiam
1014 1437 1121 1508 quare
1143 1415 1197 1484 ita
1213 1417 1272 1501 sit,
1297 1438 1340 1484 ex
1364 1438 1482 1485 eorum
1505 1413 1562 1484 dc·

388 1522 502 1591 ctrina
514 1521 763 1613 intelligemus,
781 1521 953 1616 simulque
969 1525 1161 1615 apparebit,
1179 1547 1280 1617 quam
1296 1528 1391 1593 arcte
1403 1522 1564 1592 doctrina
1647 1521 1648 1590 l

387 1629 682 1699 scholasticorum
705 1636 742 1700 ot
755 1631 959 1701 nominatim
975 1632 1168 1702 S.Thomee
1191 1654 1268 1702 cum
1291 1632 1564 1722 praeformatas
1647 1631 1648 1662 ³

387 1739 451 1808 SS.
476 1741 643 1809 Patribus
666 1740 901 1811 declaratione
924 1745 1161 1846 connectatur,
1187 1763 1230 1808 ex
1254 1740 1382 1832 quibus
1404 1738 1563 1807 omnibus
1647 1753 1648 1834 ᾗ

388 1851 424 1915 et
447 1846 644 1916 constantia
667 1847 704 1915 in
727 1847 878 1918 docendo
893 1854 931 1918 et
952 1848 1131 1918 doctrinae
1154 1847 1288 1917 veritas
1311 1845 1457 1916 mirifice
1481 1845 1563 1914 illu·

388 1960 536 2024 stratur.

453 2063 574 2154 Igitur
597 2066 631 2132 1ο
653 2065 855 2135 examinant
877 2065 946 2134 PP.
964 2066 1059 2156 ipsos
1082 2069 1268 2156 conceptus
1301 2069 1440 2132 nostros
1476 2085 1564 2154 quos

389 2171 431 2239 de
454 2169 526 2238 Deo
550 2171 739 2258 habemus,
765 2178 869 2266 atque
893 2173 934 2242 de
958 2173 1015 2242 his
1037 2173 1090 2242 ita
1113 2174 1249 2242 docent.
1278 2173 1473 2262 Conceptus
1503 2194 1563 2239 no·

389 2278 457 2346 stri
480 2279 522 2347 de
545 2279 617 2348 Deo
640 2303 756 2350 omnes
780 2285 864 2350 sunt
885 2279 1096 2366 huiusmodi,
1115 2286 1156 2349 ut
1178 2280 1363 2348 manifesto
1380 2300 1479 2348 suam
1495 2277 1562 2346 ori·
1647 2269 1648 2342 l

389 2385 505 2475 ginem
528 2407 571 2456 ex
594 2388 871 2478 praeintelleotis
894 2389 1066 2459 creaturis
1088 2390 1339 2479 praeseferant,
1366 2393 1403 2456 et
1425 2410 1463 2456 eo
1487 2387 1562 2478 ipsc
1647 2389 1648 2464 g

388 2493 522 2581 Deum,
548 2502 590 2564 ut
613 2499 651 2566 in
674 2519 710 2566 se
733 2503 806 2582 est,
831 2519 901 2566 non
930 2498 1130 2568 exhibeant.
1155 2496 1224 2568 Vel
1254 2497 1344 2566 enim
1376 2503 1563 2586 conceptus

388 2608 472 2672 sunt
494 2603 706 2674 affirmantes
736 2604 889 2698 aliquam
919 2605 1189 2696 perfectionem,
1215 2605 1320 2696 idque
1342 2603 1381 2672 in
1404 2611 1563 2674 concreto
1647 2641 1648 2658 ι

387 2717 428 2780 ut
451 2714 601 2804 sepiens,
616 2714 733 2784 iustus
756 2720 837 2799 ata,
853 2720 916 2783 aut
938 2715 976 2783 in
999 2715 1175 2784 abstracto
1197 2719 1240 2782 ut
1255 2712 1440 2803 sapientia,
1458 2712 1563 2781 iusti·
1647 2735 1648 2786 ξ

387 2821 441 2889 tia
462 2827 530 2890 etc.
554 2821 630 2890 Iam
654 2843 736 2893 vero
752 2824 887 2914 priores
910 2822 967 2891 illi
990 2844 1106 2891 omnes
1121 2821 1232 2906 modo,
1251 2843 1318 2912 quo
1333 2822 1485 2910 primum
1505 2843 1562 2889 eos
1647 2817 1648 2832 *

388 2934 500 2998 mente
523 2928 764 3015 informamus,
790 2931 956 2999 exhibent
977 2930 1182 3014 subiectum,
1198 2929 1255 2998 cui
1280 2928 1366 2998 insit
1388 2927 1563 3019 sapientia
1647 2947 1648 3006 ς

388 3040 563 3126 tamquam
586 3037 709 3124 forma;
735 3038 943 3128 posteriores
965 3036 1133 3106 exhibent
1156 3038 1314 3122 formam,
1340 3057 1428 3127 quae
1443 3041 1562 3126 postu·
1647 3067 1648 3128 3

386 3141 441 3210 lat
463 3164 537 3211 esse
560 3143 598 3211 in
621 3144 787 3232 subiecto,
813 3167 925 3237 aquo
949 3145 1161 3234 cogitatione
1185 3143 1419 3214 abstrahitur.
1448 3143 1561 3234 Atqui
1647 3129 1648 3212 ἦ

388 3250 473 3318 haec
497 3249 611 3318 omnia
633 3255 772 3320 tautum
794 3251 832 3320 in
855 3251 984 3322 creatis
1007 3251 1071 3320 hcc
1105 3251 1204 3320 modo
1227 3273 1263 3320 se
1286 3251 1440 3337 habent;
1466 3249 1561 3318 Deus
1647 3257 1648 3326 ξ

386 3379 456 3426 non
479 3363 535 3426 est
557 3357 750 3428 subiectum
765 3362 829 3429 sub
845 3363 957 3430 forma
979 3360 1191 3450 perficiente,
1210 3382 1272 3428 nec
1288 3363 1342 3428 est
1359 3360 1472 3427 forma
1488 3360 1561 3427 abs·
1647 3389 1648 3448 ,

387 3469 524 3551 tracta;
544 3464 603 3534 sed
620 3472 674 3535 est
688 3468 864 3558 sapientia
887 3467 1144 3553 substantialis,
1164 3489 1252 3559 quae
1269 3466 1375 3535 simul
1391 3467 1440 3535 sit
1452 3467 1562 3535 omnis
1647 3453 1648 3522 ἶ

387 3571 460 3640 alia
482 3573 651 3662 perfectio
674 3575 712 3642 in
735 3597 868 3644 summa
891 3576 1131 3666 simplicitate.
1157 3576 1232 3644 Hoc
1255 3580 1311 3642 ita
1334 3575 1560 3643 reseratione
1647 3653 1648 3656 Ἴ

387 3684 423 3747 et
445 3679 513 3748 fide
537 3679 766 3772 assequimur;
792 3683 955 3774 quomodo
979 3685 1039 3766 sit,
1057 3681 1179 3751 nullus
1196 3688 1381 3772 conceptus
1396 3680 1560 3772 proprius

387 3787 486 3856 nobis
508 3789 662 3859 exhibet.
688 3789 754 3859 Vel
778 3797 964 3881 conceptus
988 3795 1072 3860 sunt
1091 3795 1272 3895 negantes,
1293 3790 1419 3881 quibus
1435 3789 1559 3878 imper·
1647 3863 1648 3870 ,

386 3895 492 3964 factio
514 3897 552 3964 in
575 3899 646 3968 Deo
669 3905 832 3989 negatur.
846 3901 960 3992 Atqui
983 3899 1040 3968 his
1062 3922 1130 3968 non
1153 3903 1438 3990 repraesentatur
1452 3899 1557 3982 Deus,

387 4003 488 4074 utin
511 4027 547 4074 se
570 4013 635 4094 est,
662 4009 721 4078 sed
744 4008 929 4078 exhibetur
951 4008 1203 4099 imperfectum,
1222 4007 1313 4099 quod
1336 4013 1390 4076 est
1412 4006 1451 4076 in
1468 4029 1559 4076 crea-

386 4119 481 4199 ture,
492 4113 650 4207 illudque
670 4116 712 4186 de
723 4115 795 4185 Deo
807 4123 970 4206 negatur,
986 4117 1068 4209 quie
1079 4115 1313 4206 intelligimus
1328 4115 1558 4206 imperfectio·

386 4244 464 4291 nem
486 4223 524 4290 in
546 4222 618 4292 Deo
641 4223 774 4292 nullam
809 4247 905 4312 esse;
931 4231 970 4293 at
991 4248 1060 4293 nou
1083 4223 1160 4292 ideo
1191 4223 1357 4292 habemus
1379 4225 1557 4315 proprium

387 4336 589 4420 conceptum
612 4331 836 4421 perfectiouis
851 4331 964 4417 illius,
991 4355 1060 4422 qua
1083 4331 1194 4400 omnis
1210 4329 1428 4421 imperfectio
1444 4331 1555 4400 exolu·

387 4437 497 4507 ditur.
524 4438 694 4522 Quamvis
717 4439 830 4530 igitur
853 4439 990 4508 ratione
1013 4445 1049 4509 et
1071 4439 1139 4510 fide
1162 4439 1358 4526 doceamur,
1376 4440 1554 4531 perfectio·
