3230 5072
551 369 588 381 -
610 338 671 398 439
692 370 729 383 -

56 439 320 526 praescientiam
343 447 445 510 actus
468 443 580 532 ipsius
603 442 707 510 liberi
731 443 854 512 saltem
878 447 943 512 sub
959 445 1154 514 conditione
1172 445 1225 510 lu-

56 545 132 612 turi:
149 547 246 616 unde
269 548 306 616 in
330 549 429 618 felici
453 555 625 640 potestate
648 552 753 619 liberi
785 553 898 620 nostri
928 551 1070 620 arbitrii
1093 555 1147 619 est
1169 573 1225 639 po·

55 653 155 720 situm
171 705 180 739 ,
208 661 254 724 ut
274 657 458 746 permissio
480 659 613 747 peccati
629 659 667 726 in
683 666 764 726 actu
781 659 932 728 secundo
947 680 1134 750 numquam
1150 660 1227 726 fue-

53 757 98 823 rit
112 759 177 844 (1),
205 764 246 827 et
266 765 322 828 est
342 760 380 828 in
403 760 540 830 infelici
563 767 736 851 potestate
758 762 912 831 eiusdem
936 763 1091 846 arbitrii,
1114 767 1156 828 ut
1170 761 1228 828 ad-

53 863 223 933 iutorium
246 867 472 956 praeveniens
495 868 540 936 ad
563 873 680 937 actum
702 870 827 936 bonum
842 869 977 937 nonsit
999 870 1104 937 etiam
1128 868 1227 937 adiu-

53 995 136 1043 vans
158 975 199 1042 in
224 981 307 1044 actu
330 977 490 1045 secundo.

112 1081 182 1150 Est
198 1083 315 1172 igitur
329 1084 440 1152 totius
455 1083 700 1172 explicationis
716 1084 800 1153 haec
816 1085 1003 1152 conclusio:
1024 1082 1229 1152 infallibilis

52 1189 213 1275 scientia,
228 1213 317 1284 qnae
340 1192 506 1282 supponit
528 1198 703 1284 tamquam
727 1192 915 1262 terminum
938 1193 1082 1260 liberam
1105 1192 1228 1261 volun·

53 1297 135 1364 tatis
158 1307 301 1370 creatae
324 1301 657 1386 determinationem,
672 1299 870 1369 libertatem
894 1323 962 1368 non
986 1299 1143 1390 impedit,
1170 1299 1229 1368 sed

52 1404 151 1474 immo
176 1431 248 1499 quo
271 1409 384 1498 magis
407 1416 461 1477 est
482 1408 699 1493 infallibilis,
714 1430 753 1477 eo
777 1410 909 1478 certius
932 1413 986 1476 est
1000 1408 1168 1476 indicium
1193 1416 1230 1476 et

53 1521 300 1602 argumentum
313 1516 426 1606 ipsius
437 1515 614 1584 libertatis
625 1516 687 1603 (2).
701 1515 815 1608 Atqui
831 1515 1035 1584 infallibilis
1051 1517 1117 1584 Dei
1132 1538 1229 1606 prae·

53 1623 203 1691 scientia
226 1624 372 1692 liberam
394 1623 591 1692 voluntatis
615 1631 751 1692 creatae
768 1624 1091 1694 determinationem
1107 1647 1229 1714 suppo·

53 1729 104 1796 uit
127 1738 173 1799 ut
197 1732 397 1802 terminum.
416 1731 512 1822 Ergo
534 1731 737 1800 infallibilis
753 1733 818 1801 Dei
835 1732 1066 1823 praescientia
1081 1755 1149 1799 non
1165 1731 1229 1798 tol-

55 1835 96 1902 lit
117 1837 341 1926 libertatem
371 1839 431 1908 sed
455 1844 496 1907 ut
518 1840 749 1928 praescientia
780 1853 915 1906 acreum
944 1839 1127 1905 liberorum
1156 1857 1230 1905 eam

55 1947 248 2014 confirmat.
275 1945 396 2014 Solent
418 1947 486 2015 ΡΡ.
512 1953 549 2015 et
570 1947 737 2016 Doctores
759 1947 952 2032 Eusebius,
977 1946 1228 2036 Augustinus,

56 2053 236 2138 Boethius,
250 2054 357 2138 Beda,
373 2053 410 2122 S.
420 2054 571 2122 'ihomas
588 2055 719 2146 aliique
735 2055 825 2123 hanc
841 2055 1011 2123 rationem
1028 2056 1231 2145 frequenter

55 2158 239 2228 illustrare
262 2161 490 2250 comparando
507 2161 687 2229 scientiam
703 2162 769 2229 Dei
785 2183 861 2230 cum
880 2167 1000 2229 nostra
1023 2161 1158 2230 visione
1175 2159 1231 2230 vel

57 2267 159 2334 etiam
183 2289 265 2336 cum
289 2268 463 2352 memoria,
490 2291 560 2358 qua
581 2269 691 2338 libere
713 2269 848 2360 aliquid
875 2275 1036 2359 agentem
1059 2267 1232 2337 cernimus

57 2380 115 2440 aut
136 2375 376 2444 recordamur.
407 2375 541 2445 «Sicut
563 2379 616 2460 tu,
630 2375 748 2466 inquit
769 2375 865 2464 Aug.
881 2375 922 2443 de
945 2375 1007 2443 lib.
1022 2377 1097 2443 arb.
1108 2374 1179 2443 III.
1193 2374 1228 2458 4,

58 2481 221 2549 memoria
243 2487 397 2549 tuanen
422 2480 520 2570 cogis
544 2483 639 2550 facta
662 2505 747 2567 esse,
766 2503 854 2573 quae
877 2481 1153 2571 praeterierunt;
1180 2481 1231 2549 sic

57 2585 146 2656 Deus
162 2588 400 2679 praescientia
415 2611 480 2657 sua
491 2611 559 2657 non
575 2589 671 2679 cogit
686 2589 857 2674 facienda,
873 2610 960 2680 quae
972 2591 1096 2656 futura
1111 2595 1228 2656 suut.»

59 2692 111 2760 lta
132 2702 169 2764 et
191 2696 365 2765 Boethius
388 2696 430 2764 de
452 2696 588 2766 Consol.
602 2695 647 2765 V.
666 2719 758 2786 pros.
775 2697 808 2764 6.
830 2694 961 2764 «Sicut
984 2717 1047 2764 vos
1070 2717 1148 2762 cum
1171 2715 1229 2784 pa-

59 2801 141 2871 riter
163 2805 345 2873 ambulare
368 2803 405 2872 in
428 2809 524 2874 terra
555 2803 747 2889 hominem,
773 2810 809 2872 et
831 2803 918 2871 oriri
941 2803 978 2870 in
1002 2802 1094 2871 coelo
1125 2801 1229 2870 solem

60 2910 200 2997 videtis,
214 2933 421 3003 quamquem
444 2911 551 2980 simul
573 2917 760 3003 utrumque
777 2917 1010 3000 conspectum,
1029 2915 1145 2978 tamen
1161 2909 1230 2978 dia-

61 3019 220 3107 cernitis;
245 3018 310 3088 hoc
332 3019 572 3089 voluntarium
595 3019 786 3107 (liberum),
805 3025 841 3086 et
863 3017 954 3087 illud
978 3039 1052 3086 esse
1075 3039 1229 3086 neceesa-

61 3127 145 3195 rium
170 3127 360 3197 iudicatis:
376 3127 428 3195 ita
450 3127 566 3217 igitur
588 3132 713 3196 cuncta
743 3125 936 3216 despiciens
959 3125 1099 3196 divinus
1122 3125 1230 3192 intui-

63 3239 116 3304 tus
138 3235 348 3328 qualitatem
371 3257 487 3303 rerum
511 3235 651 3303 minime
682 3234 889 3324 perturbat,
915 3232 1007 3322 apud
1033 3253 1069 3300 se
1092 3231 1231 3324 quidem

64 3341 110 3426 (in
131 3365 198 3412 sua
222 3342 436 3433 cognitione)
448 3342 696 3432 praesentium,
716 3341 760 3408 ad
784 3339 1016 3409 conditionem
1041 3361 1123 3410 vero
1146 3345 1230 3408 tem-

65 3452 150 3537 poris
175 3453 389 3520 futurorum.
406 3451 482 3532 Quo
506 3451 559 3534 fit,
574 3455 616 3518 ut
638 3449 723 3518 haec
746 3471 813 3517 non
838 3448 888 3518 sit
916 3447 1033 3537 opinio
1057 3447 1116 3516 sed
1140 3447 1229 3517 veri-

64 3561 130 3628 tate
152 3559 273 3651 potius
295 3557 380 3626 nixa
403 3557 569 3647 cognitio,
586 3579 662 3626 oum
686 3557 863 3625 exiturum
895 3556 979 3646 quid
1002 3577 1076 3623 ease
1108 3577 1230 3643 cogno·

121 3703 162 3778 (1)
176 3725 191 3754 a
205 3707 267 3760 Non
286 3707 439 3772 propterea
457 3704 533 3757 Deus
552 3717 720 3770 quemquam
739 3701 775 3754 ad
794 3699 964 3768 peccandum
983 3701 1074 3767 cogit,
1097 3701 1166 3766 qnia
1186 3701 1230 3751 iu-

68 3795 125 3849 tura
142 3797 289 3850 hominum
308 3795 500 3862 peccatelam
519 3793 648 3846 novit...
669 3791 707 3844 Et
725 3791 788 3844 ideo
808 3791 834 3844 si
853 3807 909 3843 non
928 3793 1034 3843 malum
1060 3789 1108 3842 sed
1128 3791 1229 3842 bouum

67 3881 150 3938 lacere
169 3885 344 3950 voluissent,
364 3897 421 3936 non
441 3882 673 3949 prohiberentur,
692 3883 722 3932 et
740 3881 792 3933 lroo
811 3881 918 3934 tacturi
937 3879 1176 3947 praeviderentur
1195 3878 1230 3930 ab

69 3987 104 4038 eo,
118 3975 263 4043 quinovit
280 3973 351 4041 quid
364 3973 405 4026 sit
418 3971 540 4039 quisquo
558 3971 697 4038 lecturus,
719 3973 749 4024 et
767 3970 837 4037 quid
856 3970 897 4022 sit
915 3984 966 4035 pro
980 3969 1041 4021 eius
1066 3982 1149 4034 opere
1168 3965 1229 4019 red-

69 4060 196 4120 dlturuse
211 4064 325 4130 luein
344 4064 385 4118 Io.
400 4066 439 4116 tr.
448 4061 493 4116 53.
506 4063 571 4114 n.4.

125 4151 166 4230 (2)
181 4176 193 4203 ι
206 4157 269 4210 Non
282 4155 375 4220 igitur
393 4169 444 4222 per
457 4153 510 4206 Dei
526 4151 745 4220 praescientiam
766 4150 837 4202 mihi
845 4150 979 4233 potestas
997 4147 1039 4220 (το
1057 4143 1228 4214 detegerem

71 4242 180 4300 libertas
199 4243 236 4299 ad
254 4239 446 4314 utrumlibet)
464 4241 612 4308 adimitur,
635 4256 707 4308 quae
727 4241 881 4306 propterea
898 4237 970 4289 mihi
989 4237 1094 4289 certior
1117 4235 1227 4301 aderit,

73 4335 129 4398 quia
145 4335 215 4402 ille,
235 4335 318 4388 cuius
343 4331 535 4400 praescientia
561 4346 617 4384 non
636 4329 769 4394 fallitur,
791 4325 955 4381 adfuturam
974 4325 1044 4379 mihi
1064 4340 1125 4380 esre
1149 4339 1216 4392 prae

73 4423 168 4481 seivit·
181 4425 255 4491 lug.
267 4424 319 4479 llb.
333 4424 394 4478 arb.
407 4423 461 4476 111.
472 4421 500 4472 3.
