3262 5076
564 334 602 350 -
624 303 682 368 501
706 335 745 350 ..

77 411 114 480 de
128 433 193 504 quo
217 409 371 480 diximus
395 409 433 478 in
456 411 677 501 praecedenti
701 409 806 497 thesi,
831 410 1058 500 Augustinus
1081 410 1247 481 adiunxit

76 519 109 588 in
136 540 325 610 progressu
356 517 606 610 disputationis
637 518 807 589 adversus
831 518 1039 609 Pelagianos
1062 525 1136 589 tres
1155 519 1245 588 alias

75 626 329 718 explieationes3
348 625 463 712 immo,
480 633 522 696 ut
536 627 590 696 ait
600 626 746 696 Euchir.
762 625 875 712 enee,
894 627 998 696 Pauli
1013 626 1111 698 loeus
1131 649 1245 720 aquo·

75 755 214 824 eumque
236 732 307 800 alio
330 731 428 808 modo
450 732 609 823 intelligi
631 739 758 824 potest,
777 733 859 804 dum
881 737 998 804 temen
1020 733 1159 804 eredere
1177 756 1247 802 nou

74 861 246 929 cogamur,
263 838 400 932 aliquid
417 839 685 930 omnipotentem
699 840 811 910 Deum
826 839 982 910 voluisse
997 840 1077 910 fieri
1099 841 1247 910 fautum·

74 969 135 1038 que
157 969 227 1016 uon
250 969 373 1018 esse.»
401 947 488 1017 'Pras
511 951 628 1018 eutem
651 947 735 1016 illae
759 947 911 1018 celebres
927 947 1179 1038 explicationes
1195 947 1249 1016 ita

74 1055 212 1123 hebent:
238 1060 280 1124 ut
301 1055 556 1145 intelligamus,
575 1079 685 1122 omnes
702 1059 766 1148 qui
780 1057 975 1140 solvuntur,
992 1057 1060 1124 Dei
1070 1055 1249 1124 uoluntate

74 1161 216 1248 salvari,
232 1169 269 1232 ot
283 1162 418 1234 salvari
433 1163 606 1233 nemiuem
620 1163 691 1233 nisi
706 1165 778 1232 Deo
794 1162 933 1234 volente
948 1163 1094 1233 Euchir.
1113 1187 1144 1233 o.
1167 1162 1245 1252 103;

74 1277 193 1340 eontra
215 1270 346 1342 Iulian.
372 1271 437 1342 IV.
462 1295 498 1340 u.
523 1271 580 1340 42.
606 1295 673 1364 sq.;
700 1295 753 1362 ep.
780 1270 858 1340 217.
884 1272 932 1340 al.
959 1271 1037 1340 107.
1063 1271 1107 1341 ad
1131 1271 1245 1341 Vital.

73 1401 105 1446 n.
130 1377 186 1466 le,
214 1378 255 1448 de
278 1378 458 1448 Praedest.
474 1377 668 1466 SS.n.14;
686 1377 955 1449 velutoomnes
974 1378 1131 1448 homines
1150 1400 1248 1447 omne

73 1493 180 1576 genus
204 1485 394 1556 humanum
416 1486 659 1576 intelligamus
682 1510 744 1578 per
768 1509 1002 1578 quasoumque
1025 1485 1248 1556 differentias

73 1593 312 1681 distributum,
334 1621 351 1658 n
376 1593 413 1662 h.
432 1616 462 1662 e.
488 1619 556 1663 uon
572 1595 728 1685 singulos
742 1597 891 1684 poneris,
909 1594 967 1662 aad
981 1617 1107 1684 penem
1124 1607 1156 1661 ee
1172 1617 1246 1660 ooo·

73 1703 220 1770 ditiones
242 1702 457 1792 singulorum
487 1701 671 1772 Euchirid.
706 1703 732 1771 l.
759 1726 805 1789 e.,
830 1703 882 1772 De
905 1701 1065 1794 Corrept.
1091 1707 1128 1771 et
1150 1707 1245 1791 gret.

73 1835 104 1878 n.
127 1811 190 1899 44;
218 1815 390 1900 postremo
414 1815 456 1879 ut
478 1809 732 1900 intelligamus,
758 1810 866 1878 Deum
887 1810 973 1878 oolla
996 1825 1028 1877 et
1045 1811 1180 1899 foeno,
1210 1823 1249 1874 ιιι

74 1943 130 1984 nos
146 1918 292 1986 velimus
306 1940 416 1985 omues
433 1919 582 1986 homines
598 1919 709 1986 saluos
725 1920 808 2006 fieri
827 1917 905 1987 (liv.
924 1917 991 1986 Dei
1005 1917 1127 1986 XXII.
1146 1917 1188 2004 23
1206 1915 1248 1985 de

72 2023 230 2117 Corrept.
257 2033 293 2094 et
315 2029 408 2115 grat.
427 2049 462 2094 n.
476 2025 533 2095 47.
560 2025 727 2095 Omnibus
743 2025 840 2096 hisee
855 2025 942 2096 louis
957 2025 1101 2115 insuper
1117 2023 1249 2094 diserte

72 2131 229 2202 declarat
251 2131 498 2222 Augustinus,
523 2149 592 2202 non
616 2132 754 2225 quidem
777 2132 912 2201 nullam
938 2155 1014 2202 essa
1037 2132 1103 2201 Dei
1126 2133 1249 2202 volun·

71 2243 178 2308 tatem
202 2237 400 2310 salvificam
429 2239 665 2309 universalem
689 2239 880 2331 (quomodo
911 2240 1004 2308 euim
1026 2239 1065 2308 id
1088 2239 1251 2330 possetl)

72 2347 128 2416 sed
151 2346 463 2431 somnolentorum,
488 2371 591 2439 quom
614 2351 688 2437 ipse
705 2349 757 2414 eei
779 2347 955 2437 intelligit
978 2361 1012 2414 se
1029 2371 1119 2437 prae
1143 2347 1250 2414 oculis

73 2455 183 2538 lutee,
209 2477 278 2522 uon
301 2475 376 2523 esse
400 2454 655 2524 universalem:
681 2451 748 2524 hau
774 2475 922 2546 namque
939 2453 1123 2522 voluntate
1148 2452 1248 2544 quid·

72 2559 153 2653 quid
177 2560 262 2630 vult
284 2559 513 2651 omnipotens,
539 2560 575 2630 id
599 2583 696 2630 omne
720 2561 826 2630 etiam
849 2565 932 2630 aotu
956 2561 1017 2647 fit;
1051 2559 1142 2630 unde
1172 2581 1250 2629 oum

72 2666 174 2736 multi
198 2689 268 2736 uon
291 2666 381 2735 fiant
403 2665 509 2751 salvi,
535 2665 705 2736 dicendus
728 2674 783 2737 est
806 2667 1012 2755 (voluntate
1042 2665 1127 2751 hae,
1162 2687 1249 2757 quas

71 2775 274 2866 Augustino
298 2774 527 2862 obversatur)
549 2796 607 2843 eos
631 2775 722 2844 solos
746 2781 782 2844 st
804 2797 919 2844 omnes
935 2773 996 2868 qui
1012 2779 1094 2844 aotu
1110 2772 1250 2844 salvun-

71 2891 140 2968 tur,
166 2882 263 2953 velle
286 2881 405 2952 salvos
429 2881 520 2952 fleri.

132 2989 338 3062 Diffioultas
360 2990 475 3081 igitur
498 2991 536 3060 in
559 2990 827 3081 interpretenda
849 2989 1047 3082 Augustini
1077 2989 1252 3059 sententia

72 3123 137 3169 uon
160 3105 219 3170 est
241 3099 280 3168 in
302 3120 353 3184 eo,
379 3104 499 3168 utrum
522 3096 579 3166 his
601 3097 689 3168 loeis
713 3098 750 3168 S.
776 3099 881 3170 Pater
897 3106 1014 3190 neget,
1032 3099 1143 3168 Deum
1160 3097 1251 3166 velle

73 3229 186 3278 omnes
211 3205 348 3274 omnino
371 3205 527 3274 homines
551 3204 669 3275 salvos
692 3206 789 3295 fieri,
815 3207 852 3276 id
875 3207 967 3276 enim
997 3205 1117 3298 aliquo
1148 3227 1252 3274 seusu

72 3313 194 3404 negari
218 3311 451 3382 oonoedimus:
477 3311 537 3381 sed
560 3317 636 3380 tota
659 3313 820 3404 quaestio
843 3319 908 3400 est,
935 3311 976 3382 de
990 3337 1061 3405 qua
1075 3311 1253 3380 voluntate

74 3420 156 3493 heeo
180 3420 437 3492 universalitas
460 3420 504 3488 ab
526 3420 730 3509 Augustino
752 3428 914 3511 negetur.

138 3530 185 3598 In
201 3527 368 3600 doctriua
379 3527 577 3617 Augustini
591 3527 829 3618 distinguitur
845 3529 1012 3600 voluntas
1027 3529 1105 3615 Dei,
1120 3529 1177 3600 oui
1193 3525 1252 3596 ho·

74 3637 180 3707 mines
203 3636 380 3707 resistunt
401 3641 438 3705 et
460 3657 549 3727 quae
572 3658 640 3704 non
664 3658 798 3727 semper
821 3638 1000 3729 impletur,
1026 3659 1068 3706 ao
1087 3637 1252 3707 voluntas

73 3743 243 3830 absoluta,
264 3765 353 3835 quse
364 3743 493 3813 effectu
510 3742 586 3834 ipso
603 3767 705 3812 suum
716 3746 904 3816 terminum
918 3745 1099 3837 produoit,
1114 3749 1150 3812 et
1164 3764 1252 3834 quae

74 3873 207 3944 semper
229 3850 368 3920 invicta
391 3857 456 3919 est.
475 3851 550 3918 Hoo
566 3851 667 3942 plene
684 3853 1000 3923 demonstravimus
1011 3851 1065 3920 th.
1079 3849 1249 3919 XLVHI.

73 3959 286 4028 Nominatim
310 3959 347 4027 in
369 3958 461 4028 libro
484 3959 526 4029 de
555 3959 672 4050 spirit.
698 3967 735 4030 et
765 3961 839 4031 litt.
876 3961 1047 4030 adversus
1079 3955 1253 4027 haeresim

76 4065 210 4158 Pelagii
233 4066 428 4136 clarissime
451 4067 618 4138 distinxit
641 4068 859 4139 voluntatem
883 4067 1078 4138 selvifioam
1102 4070 1139 4154 a)
1163 4088 1250 4150 eam,

78 4195 142 4264 qua
170 4175 267 4244 Deus
298 4175 397 4260 vult,
423 4180 466 4243 ut
488 4197 605 4245 omnes
627 4175 783 4246 homines
807 4175 953 4246 oredant
974 4183 1010 4245 et
1032 4173 1197 4244 obediant
1217 4176 1255 4240 et

80 4281 259 4353 solventur
270 4307 279 4372 ;
291 4287 397 4375 atque
414 4281 491 4352 ideo
507 4283 666 4355 omuibus
683 4286 891 4352 sutrinorum
907 4298 939 4352 ee
955 4285 1161 4350 intrinsecus
1176 4303 1253 4347 mu·

82 4385 145 4474 dee,
162 4413 279 4462 omnes
302 4389 486 4483 praevenit
508 4391 746 4460 misericordia
774 4395 812 4460 in
843 4394 943 4461 donis
970 4393 1066 4476 soie,
1095 4387 1254 4461 omnibus
