3292 5062
536 69 554 122 t

509 327 689 386 -155-

43 433 155 519 regeri,
180 455 252 499 nou
273 454 355 500 sune
378 433 444 500 sub
466 431 594 516 eodem,
621 433 680 500 sed
704 433 768 500 sub
791 432 931 500 diverso
948 437 1119 521 respectu;
1139 435 1190 498 at·

43 562 92 628 qne
118 537 191 604 ideo
214 537 325 604 Deum
348 544 385 605 et
408 538 519 604 omnis
541 537 692 604 nominis
715 559 790 606 esse
813 545 849 605 et
871 537 1006 605 nullius
1026 537 1189 604 nominis.

42 645 83 712 Its
102 643 291 734 loquuntur
316 642 532 732 Theophilus
554 645 641 710 Ant.
666 643 711 711 ed
733 643 905 732 Autolyc.
930 643 957 711 l.
980 643 1011 712 I.
1041 667 1077 710 n.
1103 642 1137 710 3.
1155 643 1189 728 43

43 753 166 841 Gregor.
185 751 276 820 Nan.
294 751 415 840 hymn.
436 751 480 818 ed
496 751 604 820 Deum
621 751 677 819 29.
698 776 731 840 p.
747 751 826 837 2863
839 752 991 839 Nyssen.
1010 759 1101 820 cont.
1120 750 1191 818 Eu-

41 883 110 926 nom.
126 859 211 926 XII.
226 885 261 948 p.
277 858 356 944 357;
374 859 569 946 Dionysius
585 859 626 928 de
642 859 716 926 div.
728 881 818 926 nom.
834 882 863 926 c.
879 858 912 926 2.
930 865 961 940 §r
973 859 1008 946 43
1024 860 1091 928 c.7.
1108 866 1140 940 5.
1155 857 1188 945 35

40 965 127 1052 iiyst
141 965 250 1032 theol.
261 965 329 1033 c.l.
341 971 373 1046 ἓ.
385 964 418 1050 23
438 988 468 1032 c.
482 965 516 1030 ὅ.
532 964 595 1049 (1)ι
609 963 769 1031 Ulterius
781 987 821 1032 ex
839 965 945 1033 dictis
960 965 1189 1054 intelligitur,

42 1072 183 1162 quomodo
209 1096 332 1141 verum
356 1072 416 1155 sit,
444 1071 534 1164 quod
559 1075 760 1162 frequenter
784 1072 852 1140 ΡΡ.
871 1071 1017 1157 docent,
1036 1079 1111 1140 tum
1138 1096 1192 1141 co-

41 1179 209 1265 gnitionem
234 1187 391 1248 nostram
414 1179 654 1268 perfectiorem
678 1201 772 1262 esse,
799 1203 877 1247 oum
900 1180 1010 1246 Deum
1035 1179 1192 1268 intelligi

42 1309 195 1375 nonposee
207 1288 448 1376 cognovimus.
470 1287 525 1355 cf.
539 1287 710 1354 Basiliam
728 1287 872 1375 epten
891 1287 1058 1356 Neriene.
1071 1287 1188 1355 cmiii.

41 1415 66 1456 n.
81 1393 117 1478 7;
135 1392 266 1481 cyrill.
285 1394 384 1462 Hier.
403 1393 536 1462 catech.
557 1393 632 1478 VI;
652 1391 837 1481 Chrysost.
864 1393 900 1460 in
925 1393 982 1460 Ps.
1004 1392 1081 1460 138.
1100 1417 1135 1460 n.
1154 1393 1188 1478 45

42 1499 165 1588 Dionys.
183 1509 294 1590 myst.
314 1501 421 1568 theol.
440 1523 471 1568 c.
490 1501 523 1586 23
544 1501 704 1570 Damaso.
722 1499 781 1567 fid.
801 1499 893 1568 orth.
911 1500 935 1568 l.
954 1500 984 1568 I.
1001 1523 1030 1567 c.
1045 1502 1079 1586 45
1094 1501 1189 1588 Aug.

41 1605 71 1672 de
91 1606 204 1674 ordine
233 1607 330 1674 1.11.
359 1631 395 1674 n.
411 1607 468 1674 44.
495 1613 563 1674 etc.
597 1606 771 1674 Nimirum
795 1603 880 1672 haec
911 1629 979 1673 uon
1010 1607 1210 1688 dicuntur,

42 1713 120 1801 qnasi
141 1715 338 1782 omnimoda
359 1715 564 1803 ignorantia
587 1718 679 1781 esset
700 1713 888 1802 perfectior
911 1713 1085 1804 cognitio,
1109 1712 1192 1804 qnid

42 1822 111 1888 enin
130 1823 217 1913 fingi
241 1831 360 1914 posset
383 1823 600 1892 absurdius?
617 1823 677 1892 sed
700 1847 767 1915 quo
792 1823 983 1911 perfectius
1007 1823 1117 1890 Deum
1139 1845 1192 1890 co·

43 1931 227 2016 gnoscimus,
254 1955 294 2000 eo
319 1934 509 2021 perfectius
532 1932 638 1998 etiarn
663 1930 899 2019 intelligimus
922 1929 1103 2014 rationem,
1130 1953 1192 1997 cnr

44 2058 90 2106 reo
108 2039 500 2130 comprehendissent
520 2040 557 2106 in
582 2061 618 2108 se
641 2047 707 2124 est,
734 2037 890 2126 intelligi
913 2060 934 2104 e
957 2037 1056 2105 nobis
1072 2039 1109 2104 in
1126 2037 1191 2105 hac

90 2253 125 2328 (1)
143 2261 246 2311 linem
275 2257 351 2318 θισις
377 2279 420 2310 και
441 2278 543 2311 παντων
569 2255 709 2328 deceptore
739 2277 767 2308 rc
794 2257 858 2328 ὑπερ
882 2277 972 2310 aaran
992 2276 1035 2308 aar
1056 2253 1130 2308 Secu
1150 2276 1193 2307 και

44 2341 162 2415 langius.
180 2349 234 2400 Est
256 2348 407 2401 affirmatio
426 2349 563 2415 omnium,
586 2348 655 2415 quie
674 2351 706 2400 ut
726 2362 812 2400 cause
830 2347 1002 2413 exemplaris
1022 2348 1052 2398 et
1070 2345 1192 2398 efficiens

46 2437 91 2488 eins
105 2437 344 2506 simplicissimum
362 2441 431 2492 Ecce
456 2441 585 2492 continet
612 2440 802 2506 perfectiones
825 2453 939 2504 ornnes,
960 2438 1007 2489 vel
1033 2438 1130 2504 potius
1149 2439 1194 2488 est

46 2527 175 2581 eminenter
196 2531 291 2582 omnis
312 2530 466 2597 perfectio,
488 2507 560 2596 qriae
582 2529 693 2594 concipi
712 2534 741 2580 et
759 2529 791 2579 iu
810 2527 950 2580 creaturis
970 2541 1021 2593 per
1039 2525 1196 2592 participa·

47 2614 126 2668 tenen
137 2633 195 2670 esse
213 2621 314 2686 potest
331 2615 379 2688 (τα
391 2625 483 2672 πολλα
498 2619 605 2682 iocerne,
618 2623 651 2670 ut
664 2619 718 2670 ΡΡ.
732 2613 837 2687 aiunt);
853 2615 902 2669 scd
914 2617 999 2670 simul
1011 2619 1055 2668 est
1068 2615 1193 2667 omnium

48 2709 144 2773 negatio,
163 2711 233 2776 quie
253 2709 353 2762 nullae
373 2712 443 2762 sunt
461 2707 652 2775 perfectiones
671 2708 702 2758 in
722 2707 794 2774 ipso,
816 2711 850 2760 ut
867 2707 979 2760 suntin
993 2704 1143 2770 creaturis,
1165 2707 1195 2756 et

48 2797 168 2851 muudum
186 2799 300 2853 modum
321 2815 376 2867 quo
395 2817 412 2851 e
432 2799 515 2852 nobie
533 2797 599 2851 idea
617 2797 757 2850 distincte
776 2797 887 2864 concipi
907 2799 1043 2863 possunt;
1064 2794 1128 2847 ideo
1148 2795 1194 2846 eet

48 2897 228 2948 supercurrere
248 2889 463 2940 affirmationem
485 2890 515 2939 et
532 2889 577 2939 est
597 2901 682 2952 super
701 2901 809 2939 omnem
823 2885 1014 2950 negationem,
1033 2883 1102 2950 quia
1116 2881 1193 2934 nihil

48 2980 77 3022 tat
91 2978 129 3028 rei
144 2993 203 3030 esse
225 2981 324 3045 potest
342 2978 500 3043 realitntis,
513 2975 587 3044 quod
602 2978 633 3029 in
653 2977 716 3042 ipso
736 2979 769 3028 ut
787 2961 818 3028 iii
838 2991 924 3028 cansa
942 2990 999 3026 non
1013 2975 1054 3026 sit
1066 2972 1191 3025 amineu-

49 3065 86 3112 ter.
101 3065 167 3120 iitec
184 3068 319 3121 doctrina
336 3083 392 3120 non
411 3069 503 3119 solum
523 3065 616 3134 quoad
634 3081 691 3118 rem
705 3066 796 3132 ipsam
810 3065 975 3118 continetur
987 3063 1018 3114 in
1031 3061 1192 3128 scripturis

49 3160 69 3199 u
84 3153 107 3204 iu
125 3161 181 3209 tota
199 3158 381 3210 revelatione
401 3173 417 3209 a
435 3158 493 3208 Deo
512 3155 546 3208 de
560 3157 616 3208 Dco
632 3155 714 3208 nobis
728 3155 815 3220 fecta,
829 3152 903 3221 qnod
917 3153 1003 3205 focile
1017 3165 1114 3204 omnes
1129 3165 1194 3202 con·

50 3240 136 3307 odeum
154 3247 201 3300 sed
220 3248 386 3301 continetur
405 3247 436 3298 iu
450 3245 608 3312 Scripturis
628 3245 715 3298 ctiam
736 3243 889 3298 secundum
909 3243 1003 3309 ipsum
1022 3239 1133 3293 modum
1153 3241 1193 3292 lo·

50 3331 138 3392 tuendi.
159 3335 280 3390 Erotem.
297 3336 404 3388 XLIII.
424 3335 574 3399 magnifice
599 3334 754 3400 descriptio
780 3347 895 3400 operum
917 3331 989 3397 Dei,
1011 3343 1083 3396 queo
1106 3327 1194 3381 initio

51 3415 136 3476 trun
151 3443 227 3480 secer
252 3427 376 3492 scriptor
395 3441 456 3478 esse
476 3425 507 3477 in
526 3424 689 3477 rationibus
709 3423 824 3476 Domini
845 3424 870 3476 ὲν
890 3428 981 3490 tepere
996 3438 1082 3490 κυριου
1096 3416 1132 3492 (c.
1144 3418 1191 3470 42.

52 3523 70 3558 r.
82 3509 136 3583 tt),
154 3517 281 3571 excurrit
298 3514 335 3588 (c.
347 3515 437 3576 idus.
449 3512 508 3584 27.)
527 3516 557 3567 in
576 3515 650 3568 hauc
674 3513 891 3578 conclusionem,
905 3513 938 3564 ut
957 3525 1075 3576 graecus
1095 3513 1193 3564 textus

53 3595 127 3654 lebet:
146 3615 283 3662 συιτελεια
302 3612 395 3676 λογων,
410 3627 438 3657 το
453 3627 505 3660 παν
521 3603 594 3659 ἔστιν
614 3601 695 3664 αἶυτος
716 3603 922 3675 (rossilion.
937 3603 977 3655 ul.
993 3623 1035 3654 και
1050 3608 1190 3654 everelmo

52 3691 120 3756 lum.
135 3697 167 3746 Tc
180 3717 231 3750 rav
246 3697 318 3748 ieras
331 3692 435 3764 ἀυτος).
457 3695 510 3747 Est
528 3695 604 3747 Deus
622 3693 793 3745 noiomitur
811 3692 957 3743 rationem
978 3705 1050 3757 qnae
1075 3693 1144 3742 suut
1162 3689 1193 3741 iu

53 3785 167 3851 trmturir,
188 3789 251 3840 sive
270 3790 316 3840 est
333 3787 391 3852 ipsc
410 3787 505 3838 omnic
522 3793 554 3837 ut
573 3801 656 3836 cauea
675 3785 838 3848 exemplaria
852 3785 989 3836 emiuens.
1009 3783 1078 3834 I'um
1094 3779 1193 3834 subdi·

54 3874 93 3919 tur:
103 3873 247 3948 ἃσξαζοιτες
262 3897 313 3931 που
329 3897 491 3948 ισχυσωμιν;
501 3874 582 3935 uincor
596 3895 648 3946 γαρ
662 3875 675 3928 ὁ
688 3894 775 3945 pisper
789 3895 863 3944 παρα
877 3893 966 3927 nerra
977 3893 1011 3924 τα
1026 3868 1093 3942 ἔργα
1106 3869 1197 3923 duran.

54 3953 290 4030 torpeamus
311 3967 538 4033 prseteromnia
558 3979 643 4032 opera
662 3979 724 4031 sua,
746 3966 791 4016 est
810 3962 889 4014 nihil
907 3978 1009 4024 eorum,
1036 3977 1108 4028 quea
1128 3963 1196 4014 sunt

55 4058 116 4110 liin
136 4069 189 4108 sue.
208 4055 398 4110 concluditur
417 4054 574 4126 δοξαζοιτες
595 4074 678 4126 sopior
699 4053 843 4124 ὑψωσατε,
869 4049 986 4105 aedoeon
1011 4050 1042 4103 eir
1066 4048 1196 4116 δυνησθε,

57 4131 254 4216 1ὶῖΞρῖξειγιφιιιιι
275 4143 341 4197 ἔτι...
350 4165 388 4206 τις
408 4145 514 4214 ἑωρακεν
537 4139 619 4196 αὐτον
641 4165 683 4195 και
706 4142 907 4211 ε’κδιηγησεται·,
923 4162 966 4194 και
989 4161 1027 4202 τις
1048 4145 1194 4211 perpetienti

57 4221 113 4278 ἐιυτω
127 4231 201 4296 uniar
217 4231 283 4288 ἔστιι
305 4234 494 4300 strperemimt
512 4249 621 4286 omnem
639 4229 752 4284 laudem
773 4235 802 4284 ct
821 4245 930 4282 omnem
953 4233 1081 4282 nostrum
1101 4245 1195 4282 conce·

59 4315 130 4382 iiim
148 4337 222 4378 nemo
240 4325 317 4377 enim
338 4323 482 4377 hominum
503 4323 598 4389 ipsum
618 4321 704 4388 vidit,
725 4326 811 4388 etque
832 4321 901 4374 adeo
921 4335 1001 4372 nemo
1020 4321 1115 4386 potest
1134 4333 1195 4370 enm

60 4408 206 4468 'tuismet
215 4414 396 4480 magnificare
407 4414 491 4465 eiecti
503 4421 551 4466 eat.
567 4413 607 4465 Do
625 4413 677 4466 hoc
689 4412 814 4476 Inferius
828 4411 951 4464 dicemus
964 4410 1007 4463 th.
1017 4409 1124 4463 XVIII.
1134 4409 1194 4461 mi.
