<?xml version="1.0" encoding="UTF-8"?>
<!DOCTYPE html PUBLIC "-//W3C//DTD XHTML 1.0 Transitional//EN"
    "http://www.w3.org/TR/xhtml1/DTD/xhtml1-transitional.dtd">
<html xmlns="http://www.w3.org/1999/xhtml" xml:lang="en" lang="en">
 <head>
  <title>
</title>
<meta http-equiv="Content-Type" content="text/html;charset=utf-8" />
  <meta name='ocr-system' content='tesseract 3.04.00' />
  <meta name='ocr-capabilities' content='ocr_page ocr_carea ocr_par ocr_line ocrx_word'/>
</head>
<body>
  <div class='ocr_page' id='page_1' title='image "./ioannisbaptfran01frangoog_0424.png"; bbox 0 0 3230 5072; ppageno 0'>
   <div class='ocr_carea' id='block_1_1' title="bbox 63 319 1255 4495">
    <p class='ocr_par' dir='ltr' id='par_1_1' title="bbox 63 319 1255 4388">
     <span class='ocr_line' id='line_1_1' title="bbox 551 319 727 380; baseline -0.011 -16"><span class='ocrx_word' id='word_1_1' title='bbox 551 351 588 364; x_wconf 89' lang='lat'>-</span> <span class='ocrx_word' id='word_1_2' title='bbox 610 319 669 380; x_wconf 82' lang='lat'><strong>407</strong></span> <span class='ocrx_word' id='word_1_3' title='bbox 689 349 727 362; x_wconf 84' lang='lat'>-</span> 
     </span>
     <span class='ocr_line' id='line_1_2' title="bbox 65 424 1219 514; baseline 0.001 -23"><span class='ocrx_word' id='word_1_4' title='bbox 65 425 133 492; x_wconf 86' lang='lat' dir='ltr'><strong>liter</strong></span> <span class='ocrx_word' id='word_1_5' title='bbox 154 427 333 514; x_wconf 87' lang='lat' dir='ltr'><strong>spectetur</strong></span> <span class='ocrx_word' id='word_1_6' title='bbox 348 424 561 514; x_wconf 87' lang='lat' dir='ltr'><strong>praecisione</strong></span> <span class='ocrx_word' id='word_1_7' title='bbox 578 426 674 494; x_wconf 86' lang='lat' dir='ltr'><strong>facts</strong></span> <span class='ocrx_word' id='word_1_8' title='bbox 688 445 710 490; x_wconf 90' lang='lat' dir='ltr'><strong>a</strong></span> <span class='ocrx_word' id='word_1_9' title='bbox 725 424 908 494; x_wconf 89' lang='lat' dir='ltr'><strong>voluntate</strong></span> <span class='ocrx_word' id='word_1_10' title='bbox 931 425 1119 509; x_wconf 64' lang='lat' dir='ltr'><strong>erronice,</strong></span> <span class='ocrx_word' id='word_1_11' title='bbox 1140 449 1219 514; x_wconf 87' lang='lat' dir='ltr'><strong>sup·</strong></span> 
     </span>
     <span class='ocr_line' id='line_1_3' title="bbox 64 530 1218 622; baseline -0.002 -22"><span class='ocrx_word' id='word_1_12' title='bbox 64 553 174 621; x_wconf 88' lang='lat' dir='ltr'><strong>ponere</strong></span> <span class='ocrx_word' id='word_1_13' title='bbox 196 553 298 600; x_wconf 90' lang='lat' dir='ltr'><strong>suum</strong></span> <span class='ocrx_word' id='word_1_14' title='bbox 314 530 493 622; x_wconf 90' lang='lat' dir='ltr'><strong>proprium</strong></span> <span class='ocrx_word' id='word_1_15' title='bbox 516 532 687 602; x_wconf 87' lang='lat' dir='ltr'><strong>obiectum</strong></span> <span class='ocrx_word' id='word_1_16' title='bbox 702 532 778 600; x_wconf 87' lang='lat' dir='ltr'><strong>sive</strong></span> <span class='ocrx_word' id='word_1_17' title='bbox 794 532 1003 601; x_wconf 90' lang='lat' dir='ltr'><strong>obiectivam</strong></span> <span class='ocrx_word' id='word_1_18' title='bbox 1018 532 1218 614; x_wconf 86' lang='lat' dir='ltr'><strong>veritatem,</strong></span> 
     </span>
     <span class='ocr_line' id='line_1_4' title="bbox 64 638 1223 729; baseline -0.001 -23"><span class='ocrx_word' id='word_1_19' title='bbox 64 639 151 706; x_wconf 92' lang='lat' dir='ltr'><strong>cuins</strong></span> <span class='ocrx_word' id='word_1_20' title='bbox 176 645 231 708; x_wconf 88' lang='lat' dir='ltr'><strong>est</strong></span> <span class='ocrx_word' id='word_1_21' title='bbox 260 638 419 708; x_wconf 89' lang='lat' dir='ltr'><strong>scientia.</strong></span> <span class='ocrx_word' id='word_1_22' title='bbox 451 638 492 706; x_wconf 89' lang='lat' dir='ltr'><strong>Id</strong></span> <span class='ocrx_word' id='word_1_23' title='bbox 517 660 599 707; x_wconf 88' lang='lat' dir='ltr'><strong>vero</strong></span> <span class='ocrx_word' id='word_1_24' title='bbox 630 639 773 708; x_wconf 68' lang='lat' dir='ltr'><strong>emulans</strong></span> <span class='ocrx_word' id='word_1_25' title='bbox 797 639 898 729; x_wconf 89' lang='lat' dir='ltr'><strong>plane</strong></span> <span class='ocrx_word' id='word_1_26' title='bbox 929 640 1043 708; x_wconf 90' lang='lat' dir='ltr'><strong>estin</strong></span> <span class='ocrx_word' id='word_1_27' title='bbox 1074 639 1223 710; x_wconf 80' lang='lat' dir='ltr'><strong>scientia</strong></span> 
     </span>
     <span class='ocr_line' id='line_1_5' title="bbox 64 745 1220 839; baseline 0 -25"><span class='ocrx_word' id='word_1_28' title='bbox 64 745 281 837; x_wconf 61' lang='lat' dir='ltr'><strong>ementativa,</strong></span> <span class='ocrx_word' id='word_1_29' title='bbox 306 767 394 839; x_wconf 87' lang='lat' dir='ltr'><strong>quae</strong></span> <span class='ocrx_word' id='word_1_30' title='bbox 416 770 485 816; x_wconf 92' lang='lat' dir='ltr'><strong>non</strong></span> <span class='ocrx_word' id='word_1_31' title='bbox 508 747 596 816; x_wconf 82' lang='lat' dir='ltr'><strong>feeit</strong></span> <span class='ocrx_word' id='word_1_32' title='bbox 618 746 875 836; x_wconf 77' lang='lat' dir='ltr'><strong>intelligibilia3</strong></span> <span class='ocrx_word' id='word_1_33' title='bbox 901 747 961 816; x_wconf 86' lang='lat' dir='ltr'><strong>sed</strong></span> <span class='ocrx_word' id='word_1_34' title='bbox 984 770 1046 838; x_wconf 92' lang='lat' dir='ltr'><strong>per</strong></span> <span class='ocrx_word' id='word_1_35' title='bbox 1069 771 1143 817; x_wconf 88' lang='lat' dir='ltr'><strong>eam</strong></span> <span class='ocrx_word' id='word_1_36' title='bbox 1167 747 1220 831; x_wconf 86' lang='lat' dir='ltr'><strong>fit,</strong></span> 
     </span>
     <span class='ocr_line' id='line_1_6' title="bbox 64 853 1222 947; baseline -0.002 -23"><span class='ocrx_word' id='word_1_37' title='bbox 64 862 98 924; x_wconf 89' lang='lat' dir='ltr'><strong>nt</strong></span> <span class='ocrx_word' id='word_1_38' title='bbox 117 877 202 947; x_wconf 88' lang='lat' dir='ltr'><strong>qnae</strong></span> <span class='ocrx_word' id='word_1_39' title='bbox 225 861 308 924; x_wconf 87' lang='lat' dir='ltr'><strong>sunt</strong></span> <span class='ocrx_word' id='word_1_40' title='bbox 329 855 366 922; x_wconf 92' lang='lat' dir='ltr'><strong>in</strong></span> <span class='ocrx_word' id='word_1_41' title='bbox 383 878 419 924; x_wconf 88' lang='lat' dir='ltr'><strong>se</strong></span> <span class='ocrx_word' id='word_1_42' title='bbox 441 854 696 944; x_wconf 74' lang='lat' dir='ltr'><strong>intelligibilia,</strong></span> <span class='ocrx_word' id='word_1_43' title='bbox 716 855 788 924; x_wconf 89' lang='lat' dir='ltr'><strong>sint</strong></span> <span class='ocrx_word' id='word_1_44' title='bbox 812 862 896 924; x_wconf 90' lang='lat' dir='ltr'><strong>actu</strong></span> <span class='ocrx_word' id='word_1_45' title='bbox 919 855 1111 925; x_wconf 88' lang='lat' dir='ltr'><strong>intellecta.</strong></span> <span class='ocrx_word' id='word_1_46' title='bbox 1131 853 1222 936; x_wconf 77' lang='lat' dir='ltr'><strong>Quo·</strong></span> 
     </span>
     <span class='ocr_line' id='line_1_7' title="bbox 63 962 1221 1055; baseline 0.003 -27"><span class='ocrx_word' id='word_1_47' title='bbox 63 962 150 1030; x_wconf 86' lang='lat' dir='ltr'><strong>modo</strong></span> <span class='ocrx_word' id='word_1_48' title='bbox 171 963 262 1032; x_wconf 89' lang='lat' dir='ltr'><strong>enim</strong></span> <span class='ocrx_word' id='word_1_49' title='bbox 285 963 433 1032; x_wconf 88' lang='lat' dir='ltr'><strong>scientia</strong></span> <span class='ocrx_word' id='word_1_50' title='bbox 456 969 492 1032; x_wconf 91' lang='lat' dir='ltr'><strong>et</strong></span> <span class='ocrx_word' id='word_1_51' title='bbox 514 963 708 1033; x_wconf 75' lang='lat' dir='ltr'><strong>intellectio</strong></span> <span class='ocrx_word' id='word_1_52' title='bbox 730 964 866 1053; x_wconf 87' lang='lat' dir='ltr'><strong>concipi</strong></span> <span class='ocrx_word' id='word_1_53' title='bbox 888 970 1022 1055; x_wconf 87' lang='lat' dir='ltr'><strong>potest,</strong></span> <span class='ocrx_word' id='word_1_54' title='bbox 1048 963 1118 1032; x_wconf 90' lang='lat' dir='ltr'><strong>nisi</strong></span> <span class='ocrx_word' id='word_1_55' title='bbox 1142 985 1221 1053; x_wconf 90' lang='lat' dir='ltr'><strong>sup·</strong></span> 
     </span>
     <span class='ocr_line' id='line_1_8' title="bbox 63 1068 1225 1159; baseline 0.002 -23"><span class='ocrx_word' id='word_1_56' title='bbox 63 1069 166 1159; x_wconf 87' lang='lat' dir='ltr'><strong>posito</strong></span> <span class='ocrx_word' id='word_1_57' title='bbox 193 1069 378 1140; x_wconf 85' lang='lat' dir='ltr'><strong>scibiliet</strong></span> <span class='ocrx_word' id='word_1_58' title='bbox 395 1068 657 1158; x_wconf 77' lang='lat' dir='ltr'><strong>intelligibili?</strong></span> <span class='ocrx_word' id='word_1_59' title='bbox 681 1069 850 1152; x_wconf 74' lang='lat' dir='ltr'><strong>Quemvis</strong></span> <span class='ocrx_word' id='word_1_60' title='bbox 882 1070 998 1159; x_wconf 88' lang='lat' dir='ltr'><strong>igitur</strong></span> <span class='ocrx_word' id='word_1_61' title='bbox 1028 1094 1126 1140; x_wconf 89' lang='lat' dir='ltr'><strong>omne</strong></span> <span class='ocrx_word' id='word_1_62' title='bbox 1157 1095 1225 1138; x_wconf 77' lang='lat' dir='ltr'><strong>eree</strong></span> 
     </span>
     <span class='ocr_line' id='line_1_9' title="bbox 64 1176 1224 1270; baseline 0.003 -25"><span class='ocrx_word' id='word_1_63' title='bbox 64 1176 217 1266; x_wconf 87' lang='lat' dir='ltr'><strong>possibile</strong></span> <span class='ocrx_word' id='word_1_64' title='bbox 239 1177 388 1268; x_wconf 61' lang='lat' dir='ltr'><strong>pudet</strong></span> <span class='ocrx_word' id='word_1_65' title='bbox 409 1185 584 1269; x_wconf 85' lang='lat' dir='ltr'><strong>tamquam</strong></span> <span class='ocrx_word' id='word_1_66' title='bbox 608 1200 630 1245; x_wconf 87' lang='lat' dir='ltr'><strong>a</strong></span> <span class='ocrx_word' id='word_1_67' title='bbox 652 1178 825 1270; x_wconf 86' lang='lat' dir='ltr'><strong>principio</strong></span> <span class='ocrx_word' id='word_1_68' title='bbox 848 1201 869 1246; x_wconf 89' lang='lat' dir='ltr'><strong>a</strong></span> <span class='ocrx_word' id='word_1_69' title='bbox 893 1180 1004 1270; x_wconf 92' lang='lat' dir='ltr'><strong>primo</strong></span> <span class='ocrx_word' id='word_1_70' title='bbox 1026 1185 1062 1248; x_wconf 87' lang='lat' dir='ltr'><strong>et</strong></span> <span class='ocrx_word' id='word_1_71' title='bbox 1083 1179 1224 1248; x_wconf 88' lang='lat' dir='ltr'><strong>infinito</strong></span> 
     </span>
     <span class='ocr_line' id='line_1_10' title="bbox 66 1271 1224 1376; baseline 0.004 -26"><span class='ocrx_word' id='word_1_72' title='bbox 66 1283 143 1351; x_wconf 79' lang='lat' dir='ltr'><strong>llus</strong></span> <span class='ocrx_word' id='word_1_73' title='bbox 164 1271 298 1354; x_wconf 84' lang='lat' dir='ltr'><strong>actuali</strong></span> <span class='ocrx_word' id='word_1_74' title='bbox 319 1285 537 1369; x_wconf 91' lang='lat' dir='ltr'><strong>necessario,</strong></span> <span class='ocrx_word' id='word_1_75' title='bbox 563 1307 660 1354; x_wconf 90' lang='lat' dir='ltr'><strong>omne</strong></span> <span class='ocrx_word' id='word_1_76' title='bbox 683 1307 804 1354; x_wconf 88' lang='lat' dir='ltr'><strong>verum</strong></span> <span class='ocrx_word' id='word_1_77' title='bbox 837 1285 1046 1354; x_wconf 89' lang='lat' dir='ltr'><strong>obiectivum</strong></span> <span class='ocrx_word' id='word_1_78' title='bbox 1069 1308 1090 1353; x_wconf 91' lang='lat' dir='ltr'><strong>a</strong></span> <span class='ocrx_word' id='word_1_79' title='bbox 1113 1287 1224 1376; x_wconf 90' lang='lat' dir='ltr'><strong>primo</strong></span> 
     </span>
     <span class='ocr_line' id='line_1_11' title="bbox 66 1393 1224 1484; baseline 0 -24"><span class='ocrx_word' id='word_1_80' title='bbox 66 1415 156 1476; x_wconf 87' lang='lat' dir='ltr'><strong>vero,</strong></span> <span class='ocrx_word' id='word_1_81' title='bbox 182 1414 279 1460; x_wconf 89' lang='lat' dir='ltr'><strong>omna</strong></span> <span class='ocrx_word' id='word_1_82' title='bbox 309 1393 540 1484; x_wconf 71' lang='lat' dir='ltr'><strong>cognoscibile</strong></span> <span class='ocrx_word' id='word_1_83' title='bbox 569 1415 590 1462; x_wconf 89' lang='lat' dir='ltr'><strong>a</strong></span> <span class='ocrx_word' id='word_1_84' title='bbox 622 1393 731 1484; x_wconf 89' lang='lat' dir='ltr'><strong>primo</strong></span> <span class='ocrx_word' id='word_1_85' title='bbox 762 1393 1000 1484; x_wconf 82' lang='lat' dir='ltr'><strong>intelligibili;</strong></span> <span class='ocrx_word' id='word_1_86' title='bbox 1032 1393 1224 1464; x_wconf 76' lang='lat' dir='ltr'><strong>intellectio</strong></span> 
     </span>
     <span class='ocr_line' id='line_1_12' title="bbox 65 1499 1223 1592; baseline 0.001 -25"><span class='ocrx_word' id='word_1_87' title='bbox 65 1507 170 1569; x_wconf 82' lang='lat' dir='ltr'><strong>temen</strong></span> <span class='ocrx_word' id='word_1_88' title='bbox 193 1499 389 1570; x_wconf 79' lang='lat' dir='ltr'><strong>formaliter</strong></span> <span class='ocrx_word' id='word_1_89' title='bbox 419 1507 576 1590; x_wconf 85' lang='lat' dir='ltr'><strong>spectata</strong></span> <span class='ocrx_word' id='word_1_90' title='bbox 598 1501 765 1592; x_wconf 79' lang='lat' dir='ltr'><strong>supponit</strong></span> <span class='ocrx_word' id='word_1_91' title='bbox 795 1503 890 1570; x_wconf 88' lang='lat' dir='ltr'><strong>siout</strong></span> <span class='ocrx_word' id='word_1_92' title='bbox 921 1524 1022 1570; x_wconf 89' lang='lat' dir='ltr'><strong>sunm</strong></span> <span class='ocrx_word' id='word_1_93' title='bbox 1053 1503 1223 1571; x_wconf 91' lang='lat' dir='ltr'><strong>obiectum</strong></span> 
     </span>
     <span class='ocr_line' id='line_1_13' title="bbox 67 1608 1225 1700; baseline 0.002 -24"><span class='ocrx_word' id='word_1_94' title='bbox 67 1608 216 1700; x_wconf 88' lang='lat' dir='ltr'><strong>princeps</strong></span> <span class='ocrx_word' id='word_1_95' title='bbox 247 1613 383 1695; x_wconf 88' lang='lat' dir='ltr'><strong>(verum</strong></span> <span class='ocrx_word' id='word_1_96' title='bbox 415 1608 621 1696; x_wconf 84' lang='lat' dir='ltr'><strong>infinitum),</strong></span> <span class='ocrx_word' id='word_1_97' title='bbox 646 1610 698 1677; x_wconf 91' lang='lat' dir='ltr'><strong>ite</strong></span> <span class='ocrx_word' id='word_1_98' title='bbox 720 1615 758 1678; x_wconf 89' lang='lat' dir='ltr'><strong>et</strong></span> <span class='ocrx_word' id='word_1_99' title='bbox 781 1609 951 1678; x_wconf 90' lang='lat' dir='ltr'><strong>obiectum</strong></span> <span class='ocrx_word' id='word_1_100' title='bbox 982 1609 1225 1679; x_wconf 88' lang='lat' dir='ltr'><strong>secundarium</strong></span> 
     </span>
     <span class='ocr_line' id='line_1_14' title="bbox 65 1715 1225 1808; baseline 0 -24"><span class='ocrx_word' id='word_1_101' title='bbox 65 1715 206 1804; x_wconf 75' lang='lat' dir='ltr'><strong>pandam</strong></span> <span class='ocrx_word' id='word_1_102' title='bbox 228 1715 351 1784; x_wconf 87' lang='lat' dir='ltr'><strong>abillo</strong></span> <span class='ocrx_word' id='word_1_103' title='bbox 373 1716 484 1806; x_wconf 91' lang='lat' dir='ltr'><strong>primo</strong></span> <span class='ocrx_word' id='word_1_104' title='bbox 501 1739 595 1786; x_wconf 88' lang='lat' dir='ltr'><strong>vero.</strong></span> <span class='ocrx_word' id='word_1_105' title='bbox 613 1715 714 1786; x_wconf 86' lang='lat' dir='ltr'><strong>Sicut</strong></span> <span class='ocrx_word' id='word_1_106' title='bbox 736 1739 820 1807; x_wconf 85' lang='lat' dir='ltr'><strong>ergo</strong></span> <span class='ocrx_word' id='word_1_107' title='bbox 836 1717 985 1787; x_wconf 88' lang='lat' dir='ltr'><strong>scientia</strong></span> <span class='ocrx_word' id='word_1_108' title='bbox 1008 1717 1225 1808; x_wconf 89' lang='lat' dir='ltr'><strong>possibilium</strong></span> 
     </span>
     <span class='ocr_line' id='line_1_15' title="bbox 65 1824 1225 1916; baseline 0 -24"><span class='ocrx_word' id='word_1_109' title='bbox 65 1824 284 1893; x_wconf 64' lang='lat' dir='ltr'><strong>mutianum</strong></span> <span class='ocrx_word' id='word_1_110' title='bbox 307 1827 410 1916; x_wconf 88' lang='lat' dir='ltr'><strong>(quae</strong></span> <span class='ocrx_word' id='word_1_111' title='bbox 432 1830 487 1893; x_wconf 92' lang='lat' dir='ltr'><strong>est</strong></span> <span class='ocrx_word' id='word_1_112' title='bbox 508 1825 677 1913; x_wconf 78' lang='lat' dir='ltr'><strong>simplicis</strong></span> <span class='ocrx_word' id='word_1_113' title='bbox 700 1824 970 1914; x_wconf 76' lang='lat' dir='ltr'><strong>intellipentc&#39;ae)</strong></span> <span class='ocrx_word' id='word_1_114' title='bbox 986 1824 1152 1916; x_wconf 83' lang='lat' dir='ltr'><strong>supponit</strong></span> <span class='ocrx_word' id='word_1_115' title='bbox 1173 1845 1225 1892; x_wconf 87' lang='lat' dir='ltr'><strong>es·</strong></span> 
     </span>
     <span class='ocr_line' id='line_1_16' title="bbox 65 1929 1226 2024; baseline -0.002 -23"><span class='ocrx_word' id='word_1_116' title='bbox 65 1931 188 2001; x_wconf 85' lang='lat' dir='ltr'><strong>sentias</strong></span> <span class='ocrx_word' id='word_1_117' title='bbox 210 1930 405 2022; x_wconf 87' lang='lat' dir='ltr'><strong>possibiles:</strong></span> <span class='ocrx_word' id='word_1_118' title='bbox 423 1930 477 2000; x_wconf 92' lang='lat' dir='ltr'><strong>ita</strong></span> <span class='ocrx_word' id='word_1_119' title='bbox 493 1930 637 2000; x_wconf 84' lang='lat' dir='ltr'><strong>intuitio</strong></span> <span class='ocrx_word' id='word_1_120' title='bbox 660 1929 939 2015; x_wconf 80' lang='lat' dir='ltr'><strong>existentiarum,</strong></span> <span class='ocrx_word' id='word_1_121' title='bbox 958 1952 1046 2024; x_wconf 91' lang='lat' dir='ltr'><strong>quae</strong></span> <span class='ocrx_word' id='word_1_122' title='bbox 1068 1931 1141 2001; x_wconf 88' lang='lat' dir='ltr'><strong>sint</strong></span> <span class='ocrx_word' id='word_1_123' title='bbox 1162 1931 1226 1999; x_wconf 90' lang='lat' dir='ltr'><strong>eli-</strong></span> 
     </span>
     <span class='ocr_line' id='line_1_17' title="bbox 66 2038 1227 2132; baseline 0 -22"><span class='ocrx_word' id='word_1_124' title='bbox 66 2041 193 2130; x_wconf 86' lang='lat' dir='ltr'><strong>quando</strong></span> <span class='ocrx_word' id='word_1_125' title='bbox 207 2040 246 2110; x_wconf 91' lang='lat' dir='ltr'><strong>in</strong></span> <span class='ocrx_word' id='word_1_126' title='bbox 261 2045 344 2110; x_wconf 88' lang='lat' dir='ltr'><strong>actu</strong></span> <span class='ocrx_word' id='word_1_127' title='bbox 359 2039 523 2125; x_wconf 79' lang='lat' dir='ltr'><strong>(scientie</strong></span> <span class='ocrx_word' id='word_1_128' title='bbox 538 2038 712 2125; x_wconf 84' lang='lat' dir='ltr'><strong>visionis),</strong></span> <span class='ocrx_word' id='word_1_129' title='bbox 730 2041 896 2131; x_wconf 76' lang='lat' dir='ltr'><strong>supponit</strong></span> <span class='ocrx_word' id='word_1_130' title='bbox 911 2042 1005 2132; x_wconf 89' lang='lat' dir='ltr'><strong>ipsas</strong></span> <span class='ocrx_word' id='word_1_131' title='bbox 1020 2041 1227 2111; x_wconf 80' lang='lat' dir='ltr'><strong>existentias</strong></span> 
     </span>
     <span class='ocr_line' id='line_1_18' title="bbox 66 2147 1226 2239; baseline 0.003 -22"><span class='ocrx_word' id='word_1_132' title='bbox 66 2171 122 2236; x_wconf 91' lang='lat' dir='ltr'><strong>pro</strong></span> <span class='ocrx_word' id='word_1_133' title='bbox 149 2147 271 2239; x_wconf 86' lang='lat' dir='ltr'><strong>aliqua</strong></span> <span class='ocrx_word' id='word_1_134' title='bbox 298 2147 464 2238; x_wconf 88' lang='lat' dir='ltr'><strong>temporis</strong></span> <span class='ocrx_word' id='word_1_135' title='bbox 495 2147 706 2217; x_wconf 85' lang='lat' dir='ltr'><strong>differentia.</strong></span> <span class='ocrx_word' id='word_1_136' title='bbox 732 2147 811 2217; x_wconf 87' lang='lat' dir='ltr'><strong>Nisi</strong></span> <span class='ocrx_word' id='word_1_137' title='bbox 842 2149 933 2217; x_wconf 90' lang='lat' dir='ltr'><strong>enim</strong></span> <span class='ocrx_word' id='word_1_138' title='bbox 963 2148 1098 2218; x_wconf 89' lang='lat' dir='ltr'><strong>ratione</strong></span> <span class='ocrx_word' id='word_1_139' title='bbox 1128 2148 1226 2239; x_wconf 89' lang='lat' dir='ltr'><strong>prius</strong></span> 
     </span>
     <span class='ocr_line' id='line_1_19' title="bbox 66 2253 1227 2346; baseline 0.004 -26"><span class='ocrx_word' id='word_1_140' title='bbox 66 2261 291 2345; x_wconf 88' lang='lat' dir='ltr'><strong>supponatur,</strong></span> <span class='ocrx_word' id='word_1_141' title='bbox 318 2275 438 2324; x_wconf 90' lang='lat' dir='ltr'><strong>verum</strong></span> <span class='ocrx_word' id='word_1_142' title='bbox 469 2276 543 2323; x_wconf 89' lang='lat' dir='ltr'><strong>esse</strong></span> <span class='ocrx_word' id='word_1_143' title='bbox 572 2253 638 2322; x_wconf 89' lang='lat' dir='ltr'><strong>has</strong></span> <span class='ocrx_word' id='word_1_144' title='bbox 660 2254 785 2324; x_wconf 75' lang='lat' dir='ltr'><strong>illasve</strong></span> <span class='ocrx_word' id='word_1_145' title='bbox 807 2277 864 2324; x_wconf 89' lang='lat' dir='ltr'><strong>res</strong></span> <span class='ocrx_word' id='word_1_146' title='bbox 893 2279 956 2345; x_wconf 90' lang='lat' dir='ltr'><strong>pro</strong></span> <span class='ocrx_word' id='word_1_147' title='bbox 979 2256 1046 2324; x_wconf 90' lang='lat' dir='ltr'><strong>teli</strong></span> <span class='ocrx_word' id='word_1_148' title='bbox 1076 2263 1227 2346; x_wconf 89' lang='lat' dir='ltr'><strong>tempore</strong></span> 
     </span>
     <span class='ocr_line' id='line_1_20' title="bbox 66 2360 1226 2452; baseline 0.003 -26"><span class='ocrx_word' id='word_1_149' title='bbox 66 2361 217 2447; x_wconf 85' lang='lat' dir='ltr'><strong>existere,</strong></span> <span class='ocrx_word' id='word_1_150' title='bbox 235 2361 339 2452; x_wconf 88' lang='lat' dir='ltr'><strong>plane</strong></span> <span class='ocrx_word' id='word_1_151' title='bbox 353 2366 541 2452; x_wconf 78' lang='lat' dir='ltr'><strong>repugnat,</strong></span> <span class='ocrx_word' id='word_1_152' title='bbox 561 2361 744 2430; x_wconf 89' lang='lat' dir='ltr'><strong>scientiam</strong></span> <span class='ocrx_word' id='word_1_153' title='bbox 759 2360 825 2430; x_wconf 88' lang='lat' dir='ltr'><strong>Dei</strong></span> <span class='ocrx_word' id='word_1_154' title='bbox 849 2362 894 2431; x_wconf 88' lang='lat' dir='ltr'><strong>ad</strong></span> <span class='ocrx_word' id='word_1_155' title='bbox 916 2383 976 2432; x_wconf 86' lang='lat' dir='ltr'><strong>aas</strong></span> <span class='ocrx_word' id='word_1_156' title='bbox 999 2363 1125 2432; x_wconf 83' lang='lat' dir='ltr'><strong>referri</strong></span> <span class='ocrx_word' id='word_1_157' title='bbox 1139 2369 1226 2432; x_wconf 92' lang='lat' dir='ltr'><strong>tam-</strong></span> 
     </span>
     <span class='ocr_line' id='line_1_21' title="bbox 67 2466 1227 2560; baseline 0.002 -22"><span class='ocrx_word' id='word_1_158' title='bbox 67 2490 159 2560; x_wconf 88' lang='lat' dir='ltr'><strong>qnam</strong></span> <span class='ocrx_word' id='word_1_159' title='bbox 189 2467 378 2539; x_wconf 75' lang='lat' dir='ltr'><strong>actualiter</strong></span> <span class='ocrx_word' id='word_1_160' title='bbox 400 2490 462 2560; x_wconf 90' lang='lat' dir='ltr'><strong>pro</strong></span> <span class='ocrx_word' id='word_1_161' title='bbox 492 2466 559 2538; x_wconf 87' lang='lat' dir='ltr'><strong>tali</strong></span> <span class='ocrx_word' id='word_1_162' title='bbox 582 2471 734 2559; x_wconf 89' lang='lat' dir='ltr'><strong>tempore</strong></span> <span class='ocrx_word' id='word_1_163' title='bbox 757 2469 960 2538; x_wconf 87' lang='lat' dir='ltr'><strong>existentes.</strong></span> <span class='ocrx_word' id='word_1_164' title='bbox 986 2469 1028 2537; x_wconf 92' lang='lat' dir='ltr'><strong>In</strong></span> <span class='ocrx_word' id='word_1_165' title='bbox 1051 2469 1117 2539; x_wconf 88' lang='lat' dir='ltr'><strong>hac</strong></span> <span class='ocrx_word' id='word_1_166' title='bbox 1145 2493 1227 2540; x_wconf 92' lang='lat' dir='ltr'><strong>vero</strong></span> 
     </span>
     <span class='ocr_line' id='line_1_22' title="bbox 67 2575 1228 2671; baseline 0.006 -29"><span class='ocrx_word' id='word_1_167' title='bbox 67 2576 135 2665; x_wconf 87' lang='lat' dir='ltr'><strong>ipse</strong></span> <span class='ocrx_word' id='word_1_168' title='bbox 156 2576 325 2646; x_wconf 88' lang='lat' dir='ltr'><strong>relatione</strong></span> <span class='ocrx_word' id='word_1_169' title='bbox 340 2575 416 2648; x_wconf 88' lang='lat' dir='ltr'><strong>sive</strong></span> <span class='ocrx_word' id='word_1_170' title='bbox 438 2576 680 2646; x_wconf 87' lang='lat' dir='ltr'><strong>connotatione</strong></span> <span class='ocrx_word' id='word_1_171' title='bbox 702 2576 858 2662; x_wconf 85' lang='lat' dir='ltr'><strong>termini,</strong></span> <span class='ocrx_word' id='word_1_172' title='bbox 876 2583 917 2646; x_wconf 90' lang='lat' dir='ltr'><strong>ut</strong></span> <span class='ocrx_word' id='word_1_173' title='bbox 932 2582 1017 2646; x_wconf 90' lang='lat' dir='ltr'><strong>actu</strong></span> <span class='ocrx_word' id='word_1_174' title='bbox 1039 2577 1228 2671; x_wconf 86' lang='lat' dir='ltr'><strong>aliquando</strong></span> 
     </span>
     <span class='ocr_line' id='line_1_23' title="bbox 67 2683 1227 2769; baseline 0.003 -17"><span class='ocrx_word' id='word_1_175' title='bbox 67 2683 253 2769; x_wconf 70' lang='lat' dir='ltr'><strong>existemis,</strong></span> <span class='ocrx_word' id='word_1_176' title='bbox 279 2683 350 2754; x_wconf 83' lang='lat' dir='ltr'><strong>sita</strong></span> <span class='ocrx_word' id='word_1_177' title='bbox 371 2689 426 2752; x_wconf 89' lang='lat' dir='ltr'><strong>est</strong></span> <span class='ocrx_word' id='word_1_178' title='bbox 448 2683 540 2752; x_wconf 89' lang='lat' dir='ltr'><strong>ratio</strong></span> <span class='ocrx_word' id='word_1_179' title='bbox 562 2685 726 2752; x_wconf 74' lang='lat' dir='ltr'><strong>scienciae</strong></span> <span class='ocrx_word' id='word_1_180' title='bbox 748 2686 903 2753; x_wconf 75' lang='lat' dir='ltr'><strong>cirionis.</strong></span> <span class='ocrx_word' id='word_1_181' title='bbox 929 2683 984 2752; x_wconf 88' lang='lat' dir='ltr'><strong>Ex</strong></span> <span class='ocrx_word' id='word_1_182' title='bbox 1014 2684 1071 2754; x_wconf 90' lang='lat' dir='ltr'><strong>bis</strong></span> <span class='ocrx_word' id='word_1_183' title='bbox 1094 2685 1227 2756; x_wconf 89' lang='lat' dir='ltr'><strong>clarum</strong></span> 
     </span>
     <span class='ocr_line' id='line_1_24' title="bbox 68 2791 1228 2882; baseline 0.003 -22"><span class='ocrx_word' id='word_1_184' title='bbox 68 2792 211 2878; x_wconf 85' lang='lat' dir='ltr'><strong>videtur,</strong></span> <span class='ocrx_word' id='word_1_185' title='bbox 236 2791 418 2862; x_wconf 91' lang='lat' dir='ltr'><strong>scientiam</strong></span> <span class='ocrx_word' id='word_1_186' title='bbox 441 2791 588 2862; x_wconf 89' lang='lat' dir='ltr'><strong>visionis</strong></span> <span class='ocrx_word' id='word_1_187' title='bbox 610 2813 679 2860; x_wconf 89' lang='lat' dir='ltr'><strong>non</strong></span> <span class='ocrx_word' id='word_1_188' title='bbox 700 2813 800 2882; x_wconf 89' lang='lat' dir='ltr'><strong>posse</strong></span> <span class='ocrx_word' id='word_1_189' title='bbox 822 2814 896 2862; x_wconf 89' lang='lat' dir='ltr'><strong>esse</strong></span> <span class='ocrx_word' id='word_1_190' title='bbox 912 2814 1052 2864; x_wconf 87' lang='lat' dir='ltr'><strong>causam</strong></span> <span class='ocrx_word' id='word_1_191' title='bbox 1075 2794 1228 2864; x_wconf 89' lang='lat' dir='ltr'><strong>existen·</strong></span> 
     </span>
     <span class='ocr_line' id='line_1_25' title="bbox 67 2897 1225 2991; baseline 0.002 -21"><span class='ocrx_word' id='word_1_192' title='bbox 67 2899 139 2988; x_wconf 77' lang='lat' dir='ltr'><strong>tica3</strong></span> <span class='ocrx_word' id='word_1_193' title='bbox 158 2899 218 2970; x_wconf 85' lang='lat' dir='ltr'><strong>sed</strong></span> <span class='ocrx_word' id='word_1_194' title='bbox 234 2898 339 2967; x_wconf 91' lang='lat' dir='ltr'><strong>immo</strong></span> <span class='ocrx_word' id='word_1_195' title='bbox 361 2899 582 2969; x_wconf 87' lang='lat' dir='ltr'><strong>existentiam</strong></span> <span class='ocrx_word' id='word_1_196' title='bbox 599 2897 725 2968; x_wconf 90' lang='lat' dir='ltr'><strong>obiecti</strong></span> <span class='ocrx_word' id='word_1_197' title='bbox 741 2921 809 2967; x_wconf 90' lang='lat' dir='ltr'><strong>non</strong></span> <span class='ocrx_word' id='word_1_198' title='bbox 826 2900 962 2991; x_wconf 86' lang='lat' dir='ltr'><strong>quidem</strong></span> <span class='ocrx_word' id='word_1_199' title='bbox 982 2923 1121 2970; x_wconf 88' lang='lat' dir='ltr'><strong>causam</strong></span> <span class='ocrx_word' id='word_1_200' title='bbox 1137 2924 1225 2987; x_wconf 88' lang='lat' dir='ltr'><strong>esse,</strong></span> 
     </span>
     <span class='ocr_line' id='line_1_26' title="bbox 69 3004 1228 3099; baseline 0.004 -27"><span class='ocrx_word' id='word_1_201' title='bbox 69 3011 103 3075; x_wconf 89' lang='lat' dir='ltr'><strong>nt</strong></span> <span class='ocrx_word' id='word_1_202' title='bbox 122 3005 269 3076; x_wconf 90' lang='lat' dir='ltr'><strong>scientie</strong></span> <span class='ocrx_word' id='word_1_203' title='bbox 289 3004 356 3076; x_wconf 89' lang='lat' dir='ltr'><strong>Dei</strong></span> <span class='ocrx_word' id='word_1_204' title='bbox 385 3023 472 3097; x_wconf 84' lang='lat' dir='ltr'><strong>quae</strong></span> <span class='ocrx_word' id='word_1_205' title='bbox 494 3010 550 3074; x_wconf 87' lang='lat' dir='ltr'><strong>est</strong></span> <span class='ocrx_word' id='word_1_206' title='bbox 578 3004 655 3094; x_wconf 89' lang='lat' dir='ltr'><strong>ipsa</strong></span> <span class='ocrx_word' id='word_1_207' title='bbox 677 3004 799 3075; x_wconf 91' lang='lat' dir='ltr'><strong>divina</strong></span> <span class='ocrx_word' id='word_1_208' title='bbox 828 3006 999 3092; x_wconf 86' lang='lat' dir='ltr'><strong>essentia,</strong></span> <span class='ocrx_word' id='word_1_209' title='bbox 1024 3007 1073 3076; x_wconf 93' lang='lat' dir='ltr'><strong>sit</strong></span> <span class='ocrx_word' id='word_1_210' title='bbox 1096 3007 1228 3099; x_wconf 90' lang='lat' dir='ltr'><strong>simpli·</strong></span> 
     </span>
     <span class='ocr_line' id='line_1_27' title="bbox 70 3110 1228 3206; baseline 0.005 -28"><span class='ocrx_word' id='word_1_211' title='bbox 70 3111 156 3200; x_wconf 83' lang='lat' dir='ltr'><strong>riter,</strong></span> <span class='ocrx_word' id='word_1_212' title='bbox 175 3117 331 3182; x_wconf 86' lang='lat' dir='ltr'><strong>attamen</strong></span> <span class='ocrx_word' id='word_1_213' title='bbox 346 3133 421 3180; x_wconf 89' lang='lat' dir='ltr'><strong>esse</strong></span> <span class='ocrx_word' id='word_1_214' title='bbox 437 3110 679 3196; x_wconf 88' lang='lat' dir='ltr'><strong>conditionem,</strong></span> <span class='ocrx_word' id='word_1_215' title='bbox 694 3110 769 3180; x_wconf 89' lang='lat' dir='ltr'><strong>sins</strong></span> <span class='ocrx_word' id='word_1_216' title='bbox 785 3131 854 3203; x_wconf 89' lang='lat' dir='ltr'><strong>que</strong></span> <span class='ocrx_word' id='word_1_217' title='bbox 878 3111 1026 3182; x_wconf 88' lang='lat' dir='ltr'><strong>scientia</strong></span> <span class='ocrx_word' id='word_1_218' title='bbox 1036 3113 1103 3183; x_wconf 92' lang='lat' dir='ltr'><strong>Dei</strong></span> <span class='ocrx_word' id='word_1_219' title='bbox 1115 3115 1228 3206; x_wconf 87' lang='lat' dir='ltr'><strong>quoad</strong></span> 
     </span>
     <span class='ocr_line' id='line_1_28' title="bbox 70 3216 1228 3292; baseline 0.007 -8"><span class='ocrx_word' id='word_1_220' title='bbox 70 3216 150 3290; x_wconf 91' lang='lat' dir='ltr'><strong>hunc</strong></span> <span class='ocrx_word' id='word_1_221' title='bbox 170 3219 359 3288; x_wconf 89' lang='lat' dir='ltr'><strong>terminum</strong></span> <span class='ocrx_word' id='word_1_222' title='bbox 383 3240 450 3288; x_wconf 93' lang='lat' dir='ltr'><strong>non</strong></span> <span class='ocrx_word' id='word_1_223' title='bbox 480 3224 573 3289; x_wconf 85' lang='lat' dir='ltr'><strong>esset</strong></span> <span class='ocrx_word' id='word_1_224' title='bbox 596 3218 742 3288; x_wconf 82' lang='lat' dir='ltr'><strong>scientia</strong></span> <span class='ocrx_word' id='word_1_225' title='bbox 772 3218 933 3290; x_wconf 86' lang='lat' dir='ltr'><strong>visionis.</strong></span> <span class='ocrx_word' id='word_1_226' title='bbox 958 3219 1123 3290; x_wconf 85' lang='lat' dir='ltr'><strong>Diximus</strong></span> <span class='ocrx_word' id='word_1_227' title='bbox 1153 3243 1228 3292; x_wconf 83' lang='lat' dir='ltr'><strong>esse</strong></span> 
     </span>
     <span class='ocr_line' id='line_1_29' title="bbox 71 3326 1230 3418; baseline 0.006 -26"><span class='ocrx_word' id='word_1_228' title='bbox 71 3326 284 3394; x_wconf 73' lang='lat' dir='ltr'><strong>auditionem</strong></span> <span class='ocrx_word' id='word_1_229' title='bbox 304 3327 380 3394; x_wconf 75' lang='lat' dir='ltr'><strong>rinc</strong></span> <span class='ocrx_word' id='word_1_230' title='bbox 401 3349 471 3418; x_wconf 77' lang='lat' dir='ltr'><strong>qao</strong></span> <span class='ocrx_word' id='word_1_231' title='bbox 485 3326 686 3417; x_wconf 73' lang='lat' dir='ltr'><strong>enepotius</strong></span> <span class='ocrx_word' id='word_1_232' title='bbox 709 3346 811 3418; x_wconf 87' lang='lat' dir='ltr'><strong>qnam</strong></span> <span class='ocrx_word' id='word_1_233' title='bbox 835 3347 988 3413; x_wconf 89' lang='lat' dir='ltr'><strong>oensem,</strong></span> <span class='ocrx_word' id='word_1_234' title='bbox 1005 3327 1169 3399; x_wconf 87' lang='lat' dir='ltr'><strong>licetPP.</strong></span> <span class='ocrx_word' id='word_1_235' title='bbox 1187 3337 1230 3398; x_wconf 89' lang='lat' dir='ltr'><strong>ut</strong></span> 
     </span>
     <span class='ocr_line' id='line_1_30' title="bbox 71 3432 1225 3518; baseline 0.008 -20"><span class='ocrx_word' id='word_1_236' title='bbox 71 3454 136 3502; x_wconf 92' lang='lat' dir='ltr'><strong>nox</strong></span> <span class='ocrx_word' id='word_1_237' title='bbox 158 3433 365 3518; x_wconf 83' lang='lat' dir='ltr'><strong>videbimus,</strong></span> <span class='ocrx_word' id='word_1_238' title='bbox 390 3433 612 3504; x_wconf 87' lang='lat' dir='ltr'><strong>existentiam</strong></span> <span class='ocrx_word' id='word_1_239' title='bbox 634 3432 776 3503; x_wconf 88' lang='lat' dir='ltr'><strong>termini</strong></span> <span class='ocrx_word' id='word_1_240' title='bbox 798 3433 904 3503; x_wconf 88' lang='lat' dir='ltr'><strong>etiem</strong></span> <span class='ocrx_word' id='word_1_241' title='bbox 929 3458 1064 3502; x_wconf 78' lang='lat' dir='ltr'><strong>oensem</strong></span> <span class='ocrx_word' id='word_1_242' title='bbox 1086 3457 1160 3507; x_wconf 87' lang='lat' dir='ltr'><strong>esse</strong></span> <span class='ocrx_word' id='word_1_243' title='bbox 1176 3437 1225 3506; x_wconf 87' lang='lat' dir='ltr'><strong>di·</strong></span> 
     </span>
     <span class='ocr_line' id='line_1_31' title="bbox 71 3537 1227 3631; baseline 0.006 -25"><span class='ocrx_word' id='word_1_244' title='bbox 71 3541 186 3628; x_wconf 82' lang='lat' dir='ltr'><strong>xerint,</strong></span> <span class='ocrx_word' id='word_1_245' title='bbox 200 3545 243 3610; x_wconf 92' lang='lat' dir='ltr'><strong>ut</strong></span> <span class='ocrx_word' id='word_1_246' title='bbox 256 3539 404 3610; x_wconf 89' lang='lat' dir='ltr'><strong>scientia</strong></span> <span class='ocrx_word' id='word_1_247' title='bbox 419 3538 546 3610; x_wconf 89' lang='lat' dir='ltr'><strong>habeat</strong></span> <span class='ocrx_word' id='word_1_248' title='bbox 560 3539 730 3608; x_wconf 92' lang='lat' dir='ltr'><strong>rationem</strong></span> <span class='ocrx_word' id='word_1_249' title='bbox 747 3537 894 3608; x_wconf 88' lang='lat' dir='ltr'><strong>visionis</strong></span> <span class='ocrx_word' id='word_1_250' title='bbox 911 3546 947 3610; x_wconf 86' lang='lat' dir='ltr'><strong>et</strong></span> <span class='ocrx_word' id='word_1_251' title='bbox 961 3542 1227 3631; x_wconf 87' lang='lat' dir='ltr'><strong>praescientiae.</strong></span> 
     </span>
     <span class='ocr_line' id='line_1_32' title="bbox 72 3643 1228 3740; baseline 0.001 -21"><span class='ocrx_word' id='word_1_252' title='bbox 72 3643 177 3740; x_wconf 74' lang='lat' dir='ltr'><strong>licque</strong></span> <span class='ocrx_word' id='word_1_253' title='bbox 198 3647 290 3719; x_wconf 89' lang='lat' dir='ltr'><strong>enim</strong></span> <span class='ocrx_word' id='word_1_254' title='bbox 311 3647 380 3716; x_wconf 89' lang='lat' dir='ltr'><strong>PP.</strong></span> <span class='ocrx_word' id='word_1_255' title='bbox 406 3645 471 3718; x_wconf 88' lang='lat' dir='ltr'><strong>heo</strong></span> <span class='ocrx_word' id='word_1_256' title='bbox 493 3646 669 3717; x_wconf 91' lang='lat' dir='ltr'><strong>locutione</strong></span> <span class='ocrx_word' id='word_1_257' title='bbox 691 3645 954 3733; x_wconf 86' lang='lat' dir='ltr'><strong>intellexerunt,</strong></span> <span class='ocrx_word' id='word_1_258' title='bbox 982 3650 1152 3720; x_wconf 89' lang='lat' dir='ltr'><strong>obiectum</strong></span> <span class='ocrx_word' id='word_1_259' title='bbox 1177 3673 1228 3720; x_wconf 85' lang='lat' dir='ltr'><strong>se·</strong></span> 
     </span>
     <span class='ocr_line' id='line_1_33' title="bbox 74 3754 1227 3849; baseline 0.005 -27"><span class='ocrx_word' id='word_1_260' title='bbox 74 3755 263 3828; x_wconf 68' lang='lat' dir='ltr'><strong>emensum</strong></span> <span class='ocrx_word' id='word_1_261' title='bbox 285 3755 421 3849; x_wconf 85' lang='lat' dir='ltr'><strong>aliquid</strong></span> <span class='ocrx_word' id='word_1_262' title='bbox 443 3756 575 3827; x_wconf 84' lang='lat' dir='ltr'><strong>efficere</strong></span> <span class='ocrx_word' id='word_1_263' title='bbox 597 3756 634 3824; x_wconf 93' lang='lat' dir='ltr'><strong>in</strong></span> <span class='ocrx_word' id='word_1_264' title='bbox 658 3755 730 3824; x_wconf 88' lang='lat' dir='ltr'><strong>Deo</strong></span> <span class='ocrx_word' id='word_1_265' title='bbox 752 3754 840 3845; x_wconf 78' lang='lat' dir='ltr'><strong>ips03</strong></span> <span class='ocrx_word' id='word_1_266' title='bbox 866 3757 925 3826; x_wconf 89' lang='lat' dir='ltr'><strong>sed</strong></span> <span class='ocrx_word' id='word_1_267' title='bbox 949 3757 1061 3827; x_wconf 91' lang='lat' dir='ltr'><strong>solum</strong></span> <span class='ocrx_word' id='word_1_268' title='bbox 1084 3758 1153 3828; x_wconf 85' lang='lat' dir='ltr'><strong>sibi</strong></span> <span class='ocrx_word' id='word_1_269' title='bbox 1168 3781 1227 3828; x_wconf 88' lang='lat' dir='ltr'><strong>vo·</strong></span> 
     </span>
     <span class='ocr_line' id='line_1_34' title="bbox 74 3859 1255 3954; baseline 0.007 -28"><span class='ocrx_word' id='word_1_270' title='bbox 74 3859 212 3950; x_wconf 86' lang='lat' dir='ltr'><strong>luerunt,</strong></span> <span class='ocrx_word' id='word_1_271' title='bbox 237 3863 421 3934; x_wconf 87' lang='lat' dir='ltr'><strong>veritatem</strong></span> <span class='ocrx_word' id='word_1_272' title='bbox 445 3862 660 3932; x_wconf 84' lang='lat' dir='ltr'><strong>existentiae</strong></span> <span class='ocrx_word' id='word_1_273' title='bbox 676 3861 866 3954; x_wconf 88' lang='lat' dir='ltr'><strong>aliquando</strong></span> <span class='ocrx_word' id='word_1_274' title='bbox 888 3863 1040 3934; x_wconf 82' lang='lat' dir='ltr'><strong>actualis</strong></span> <span class='ocrx_word' id='word_1_275' title='bbox 1063 3887 1136 3934; x_wconf 90' lang='lat' dir='ltr'><strong>esse</strong></span> <span class='ocrx_word' id='word_1_276' title='bbox 1160 3870 1255 3934; x_wconf 57' lang='lat' dir='ltr'><strong>ter?</strong></span> 
     </span>
     <span class='ocr_line' id='line_1_35' title="bbox 76 3968 1231 4057; baseline -0.001 -16"><span class='ocrx_word' id='word_1_277' title='bbox 76 3968 201 4057; x_wconf 76' lang='lat' dir='ltr'><strong>uinum,</strong></span> <span class='ocrx_word' id='word_1_278' title='bbox 218 3993 261 4042; x_wconf 86' lang='lat' dir='ltr'><strong>ex</strong></span> <span class='ocrx_word' id='word_1_279' title='bbox 284 3969 385 4042; x_wconf 88' lang='lat' dir='ltr'><strong>cuius</strong></span> <span class='ocrx_word' id='word_1_280' title='bbox 408 3971 649 4041; x_wconf 85' lang='lat' dir='ltr'><strong>connotatione</strong></span> <span class='ocrx_word' id='word_1_281' title='bbox 672 3971 726 4056; x_wconf 88' lang='lat' dir='ltr'><strong>fit,</strong></span> <span class='ocrx_word' id='word_1_282' title='bbox 740 3975 782 4039; x_wconf 93' lang='lat' dir='ltr'><strong>ut</strong></span> <span class='ocrx_word' id='word_1_283' title='bbox 804 3970 953 4041; x_wconf 89' lang='lat' dir='ltr'><strong>scientia</strong></span> <span class='ocrx_word' id='word_1_284' title='bbox 975 3971 1014 4039; x_wconf 91' lang='lat' dir='ltr'><strong>in</strong></span> <span class='ocrx_word' id='word_1_285' title='bbox 1030 3995 1066 4042; x_wconf 89' lang='lat' dir='ltr'><strong>se</strong></span> <span class='ocrx_word' id='word_1_286' title='bbox 1088 3993 1231 4042; x_wconf 87' lang='lat' dir='ltr'><strong>maneus</strong></span> 
     </span>
     <span class='ocr_line' id='line_1_36' title="bbox 77 4073 1228 4170; baseline 0.003 -28"><span class='ocrx_word' id='word_1_287' title='bbox 77 4073 244 4150; x_wconf 85' lang='lat' dir='ltr'><strong>inmutata</strong></span> <span class='ocrx_word' id='word_1_288' title='bbox 265 4078 393 4150; x_wconf 86' lang='lat' dir='ltr'><strong>hebeat</strong></span> <span class='ocrx_word' id='word_1_289' title='bbox 415 4079 586 4150; x_wconf 85' lang='lat' dir='ltr'><strong>rationem</strong></span> <span class='ocrx_word' id='word_1_290' title='bbox 609 4077 860 4170; x_wconf 81' lang='lat' dir='ltr'><strong>praescientiae</strong></span> <span class='ocrx_word' id='word_1_291' title='bbox 883 4084 919 4148; x_wconf 89' lang='lat' dir='ltr'><strong>et</strong></span> <span class='ocrx_word' id='word_1_292' title='bbox 942 4077 1102 4149; x_wconf 87' lang='lat' dir='ltr'><strong>visionis.</strong></span> <span class='ocrx_word' id='word_1_293' title='bbox 1128 4077 1228 4148; x_wconf 85' lang='lat' dir='ltr'><strong>Unde</strong></span> 
     </span>
     <span class='ocr_line' id='line_1_37' title="bbox 78 4180 1231 4279; baseline -0.003 -23"><span class='ocrx_word' id='word_1_294' title='bbox 78 4180 117 4249; x_wconf 64' lang='lat' dir='ltr'><strong>vl</strong></span> <span class='ocrx_word' id='word_1_295' title='bbox 134 4185 325 4257; x_wconf 83' lang='lat' dir='ltr'><strong>evitandam</strong></span> <span class='ocrx_word' id='word_1_296' title='bbox 356 4209 487 4258; x_wconf 87' lang='lat' dir='ltr'><strong>omnam</strong></span> <span class='ocrx_word' id='word_1_297' title='bbox 516 4187 779 4278; x_wconf 81' lang='lat' dir='ltr'><strong>ambiguitatem</strong></span> <span class='ocrx_word' id='word_1_298' title='bbox 808 4185 1034 4256; x_wconf 74' lang='lat' dir='ltr'><strong>conditionem</strong></span> <span class='ocrx_word' id='word_1_299' title='bbox 1060 4190 1134 4256; x_wconf 80' lang='lat' dir='ltr'><strong>rice</strong></span> <span class='ocrx_word' id='word_1_300' title='bbox 1162 4207 1231 4279; x_wconf 78' lang='lat' dir='ltr'><strong>qun</strong></span> 
     </span>
     <span class='ocr_line' id='line_1_38' title="bbox 80 4294 753 4388; baseline 0.001 -23"><span class='ocrx_word' id='word_1_301' title='bbox 80 4311 137 4356; x_wconf 74' lang='lat' dir='ltr'><strong>noc</strong></span> <span class='ocrx_word' id='word_1_302' title='bbox 155 4294 274 4366; x_wconf 89' lang='lat' dir='ltr'><strong>melius</strong></span> <span class='ocrx_word' id='word_1_303' title='bbox 296 4295 450 4366; x_wconf 88' lang='lat' dir='ltr'><strong>dicemus</strong></span> <span class='ocrx_word' id='word_1_304' title='bbox 474 4317 577 4388; x_wconf 87' lang='lat' dir='ltr'><strong>quem</strong></span> <span class='ocrx_word' id='word_1_305' title='bbox 600 4317 753 4368; x_wconf 87' lang='lat' dir='ltr'><strong>causam.</strong></span> 
     </span>
    </p>

    <p class='ocr_par' dir='ltr' id='par_1_2' title="bbox 136 4399 1228 4495">
     <span class='ocr_line' id='line_1_39' title="bbox 136 4399 1228 4495; baseline -0.005 -23"><span class='ocrx_word' id='word_1_306' title='bbox 136 4399 285 4476; x_wconf 83' lang='lat' dir='ltr'><strong>Ulterius</strong></span> <span class='ocrx_word' id='word_1_307' title='bbox 307 4404 345 4474; x_wconf 93' lang='lat' dir='ltr'><strong>in</strong></span> <span class='ocrx_word' id='word_1_308' title='bbox 367 4403 446 4495; x_wconf 86' lang='lat' dir='ltr'><strong>ipse</strong></span> <span class='ocrx_word' id='word_1_309' title='bbox 468 4403 616 4474; x_wconf 86' lang='lat' dir='ltr'><strong>scientia</strong></span> <span class='ocrx_word' id='word_1_310' title='bbox 639 4403 795 4494; x_wconf 86' lang='lat' dir='ltr'><strong>practica</strong></span> <span class='ocrx_word' id='word_1_311' title='bbox 817 4402 1041 4474; x_wconf 88' lang='lat' dir='ltr'><strong>distinctione</strong></span> <span class='ocrx_word' id='word_1_312' title='bbox 1062 4423 1147 4493; x_wconf 87' lang='lat' dir='ltr'><strong>opus</strong></span> <span class='ocrx_word' id='word_1_313' title='bbox 1162 4405 1228 4484; x_wconf 79' lang='lat' dir='ltr'><strong>est,</strong></span> 
     </span>
    </p>
   </div>
   <div class='ocr_carea' id='block_1_2' title="bbox 0 0 1637 5072">
    <p class='ocr_par' dir='ltr' id='par_1_3' title="bbox 0 0 1637 5072">
     <span class='ocr_line' id='line_1_40' title="bbox 0 0 1637 5072; baseline 0 0"><span class='ocrx_word' id='word_1_314' title='bbox 0 0 1637 5072; x_wconf 95' lang='lat' dir='ltr'><strong> </strong></span> 
     </span>
    </p>
   </div>
  </div>
 </body>
</html>
