3360 5060
637 395 815 458 „537-

607 614 751 676 THESIS
773 614 887 677 LXIII.

181 739 232 804 De
248 739 629 820 praerectissimam
649 741 815 801 sententia
834 742 923 803 circa
940 739 1277 820 praedestinationem

622 839 666 898 ad
686 840 837 918 pieriam.

198 1041 225 1088 ,a
237 1021 326 1076 linlla
344 1021 501 1088 suppetunt
519 1022 687 1086 argumenta
704 1019 741 1074 ad
757 1019 982 1088 persuadendum
1000 1020 1113 1088 idonea,
1133 1020 1162 1077 Β.
1174 1018 1315 1089 lumna-

140 1133 154 1160 ι
172 1126 243 1165 num
260 1113 377 1179 private
395 1111 497 1164 saltam
517 1125 569 1164 sna
587 1110 720 1178 opinione
739 1111 867 1166 tenuisse
882 1115 912 1166 et
924 1111 1061 1180 docuisse,
1083 1127 1180 1167 omnes
1201 1113 1315 1166 salvan·

140 1222 155 1250 ι
173 1201 227 1254 dos
245 1201 411 1268 adglorians
424 1201 573 1254 coelestem
592 1199 819 1268 praedestinatos
839 1217 901 1256 csse
914 1217 949 1256 en
961 1204 1112 1258 voluntate
1130 1203 1183 1258 Dei
1200 1207 1311 1258 anteea-

141 1313 156 1340 ι
175 1289 262 1346 dente
281 1291 490 1360 praevisionem
509 1292 675 1344 maritorum
694 1293 992 1359 supernaturalium.»

215 1477 384 1562 Quamvis
400 1500 441 1548 ex
459 1477 705 1548 demonstratis
721 1478 1007 1570 praedestinatio,
1026 1499 1128 1571 quam
1143 1479 1315 1570 Angusti-

141 1609 214 1656 nus
237 1586 407 1656 adversus
431 1585 638 1676 Pelagianos
661 1592 696 1655 et
719 1585 1016 1678 Semipelagianos
1040 1608 1170 1655 summo
1197 1586 1315 1656 studio

142 1695 323 1780 defendit,
349 1700 385 1764 et
408 1715 449 1764 ex
478 1695 579 1764 cuius
609 1695 794 1785 negatione
825 1717 1035 1787 consequens
1065 1716 1139 1763 esse
1167 1693 1316 1763 affirmat

141 1801 301 1895 gratiam
325 1802 513 1872 secundnm
529 1803 656 1872 merita
673 1808 793 1871 nostra
808 1802 962 1871 hnmana
977 1807 1014 1872 at
1028 1800 1209 1871 naturalia
1224 1800 1313 1885 dari,
1431 1859 1435 1866 .

142 1911 342 1982 certissime
364 1931 433 1977 non
456 1909 506 1978 sit
532 1907 805 2000 praedestinatio
836 1909 970 1999 gloriae
997 1932 1058 2001 per
1081 1933 1118 1979 sa
1141 1915 1315 2000 spectatae

142 2025 228 2087 ante
250 2016 413 2108 praevisa
435 2014 562 2084 merita
588 2015 896 2106 supernaturalia3
922 2022 959 2085 at
982 2017 1142 2107 quamvis
1172 2015 1315 2106 proinde

144 2127 204 2196 ias
225 2147 296 2192 non
319 2123 368 2193 sit
390 2146 467 2192 cnm
490 2122 709 2191 lausanianis
732 2127 804 2191 tam
827 2123 1045 2214 impudenter
1068 2147 1170 2216 qnam
1190 2123 1316 2193 stolide

142 2231 395 2303 catholicorum
421 2229 663 2320 theologorum
685 2252 725 2298 ac
748 2234 906 2298 veterum
929 2229 1075 2298 Petrum
1106 2229 1314 2299 seutentiam

144 2339 188 2410 de
210 2337 527 2430 praedestinatione
542 2335 675 2427 gloriae
692 2342 919 2429 consequente
940 2336 1192 2428 praevisionem
1215 2336 1315 2407 meri·

143 2453 261 2518 torum
285 2445 423 2536 gratiae
446 2445 623 2514 erroribus
640 2443 930 2536 Semipelagianis
946 2468 1137 2515 accensere:
1156 2443 1315 2514 dubitari

143 2562 261 2625 tamen
284 2561 398 2645 potest
421 2559 456 2623 et
478 2553 573 2622 inter
589 2551 778 2622 catholicos
793 2553 960 2622 Doctores
982 2553 1020 2621 in
1043 2553 1314 2622 controversiam

144 2669 307 2735 vocatum
331 2667 397 2747 est,
424 2683 512 2754 quaa
534 2652 646 2730 inerit
665 2661 779 2751 ipsius
794 2658 991 2750 Augustini
1015 2660 1130 2753 opinio
1153 2661 1195 2730 dc
1217 2683 1313 2751 prae·

144 2770 377 2842 destinatione
393 2768 528 2860 gloriae
543 2769 652 2854 modo,
671 2791 739 2861 quo
755 2768 907 2837 diximus
923 2774 1089 2860 spectata.
1106 2768 1204 2838 Fieri
1223 2769 1314 2837 enim

144 2882 295 2951 tortasse
318 2877 445 2970 potuit,
464 2883 506 2946 ut
522 2876 558 2946 S.
575 2877 704 2946 Doctor
727 2877 896 2946 adversus
910 2877 1116 2967 Pelagianos
1139 2885 1175 2946 et
1196 2899 1313 2945 eornm

144 2988 315 3082 reliquiae
345 2994 522 3080 tamqnam
549 2986 673 3076 dogma
696 2985 779 3054 fidei
801 2983 994 3054 revelatum
1018 2984 1215 3054 defenderit
1238 2985 1313 3077 qui-

145 3099 221 3168 dem
234 3093 563 3187 praedestinationis
580 3093 879 3184 independentiam
895 3118 917 3160 a
932 3095 1065 3160 maritis
1081 3093 1317 3175 ancoralibus„

146 3202 428 3297 quemadmodum
451 3201 488 3268 in
513 3199 684 3291 superiori
708 3199 800 3268 thasi
824 3201 1098 3268 demonstratum
1121 3205 1186 3286 ast;
1209 3199 1314 3268 simul

146 3333 228 3382 vero
249 3309 287 3378 iu
310 3309 416 3377 huius
440 3307 606 3377 catholici
636 3307 808 3396 dogmatis
836 3305 1073 3375 vindicatione
1095 3329 1135 3376 aa
1158 3329 1243 3376 usus
1265 3307 1315 3375 sit

147 3423 430 3509 argumentorum
453 3417 565 3484 forma
588 3414 700 3506 iisque
723 3414 888 3506 loquendi
912 3414 1034 3500 modis,
1053 3415 1239 3507 ex'qnibns
1254 3437 1313 3506 ap·

147 3534 280 3620 pereat,
298 3545 375 3593 eum
391 3521 567 3592 censuisse
590 3519 701 3612 ipsam
723 3521 1073 3613 praedestinationem
1097 3523 1141 3591 ad
1165 3522 1313 3614 gloriam

147 3635 350 3708 antecedere
374 3631 626 3722 praevisionem
658 3653 948 3723 quorumcumque
977 3631 1181 3700 meritorum
1208 3631 1314 3700 etiam

147 3740 479 3835 supernaturalium.
497 3739 576 3821 Qua
592 3738 743 3808 admissa
759 3738 949 3829 hypothesi
965 3739 1190 3828 Augustinus
1210 3739 1313 3829 longe

147 3853 216 3922 alia
246 3847 457 3920 auctoritate
479 3854 515 3916 et
537 3847 672 3915 ratione
702 3847 896 3916 doctrinam
912 3847 1149 3936 Apostolicam
1172 3847 1214 3915 da
1238 3871 1313 3936 gra·

145 3961 239 4031 inita
267 3953 581 4048 praedestinatione
612 3976 653 4023 ac
680 3953 865 4024 collatione
888 3954 1048 4045 gratiae,
1082 3977 1183 4046 quam
1214 3977 1312 4024 suam

146 4068 242 4138 illam
266 4066 443 4156 privatam
466 4062 660 4152 opinionem
678 4061 909 4150 defendisset
928 4068 1033 4152 atque
1050 4061 1126 4130 ideo
1141 4062 1233 4131 nihil
1250 4063 1311 4132 mi·

145 4174 290 4245 randum
313 4178 417 4256 esset,
444 4169 533 4262 qnod
556 4170 599 4238 ab
622 4169 835 4239 adversariis
858 4169 1079 4261 Apostolicae
1094 4177 1232 4240 tantum
1255 4171 1311 4240 do·

146 4282 278 4352 ctrinaa
300 4299 488 4370 numquam
512 4283 629 4346 annm
652 4276 759 4345 huius
778 4299 860 4346 suae
878 4277 1035 4367 privatae
1051 4279 1223 4368 opinionis
1238 4301 1313 4370 pro·

147 4389 328 4459 sessionem
350 4385 575 4477 postulasset.
592 4383 700 4452 Multi
719 4384 874 4474 theologi
897 4391 1049 4472 censent,
1069 4386 1310 4477 Augustinum

145 4496 209 4566 hac
230 4497 267 4565 iu
291 4519 329 4566 re
351 4519 372 4565 a
395 4493 561 4563 Patribus
587 4493 723 4582 graecis
746 4499 783 4561 et
805 4493 928 4562 latinis
954 4491 1029 4584 ipso
1058 4495 1311 4566 vetustioribus
