3230 5072
879 369 918 382 -
939 339 1000 400 442
1020 369 1059 383 -

379 456 493 532 potest
516 446 579 510 aut
600 465 668 507 non
687 455 801 530 potest
823 441 861 509 in
883 442 958 510 illis
981 442 1279 533 propositionibus
1294 465 1413 509 reum
1436 463 1556 528 eompa-

384 553 449 616 eiri
470 549 603 618 diversi
625 571 694 616 non
717 551 858 618 eundem
882 549 1368 640 habetsignitioetionem.1n
1386 547 1558 638 prioribus

384 658 475 725 enim
499 657 692 725 affirmatur
715 662 870 748 potestas
892 657 1056 748 expedita
1078 659 1123 726 ad
1140 663 1256 726 aotam
1272 658 1404 746 ipsum,
1423 678 1493 747 qno
1507 677 1559 744 po

385 767 454 832 sito
477 765 547 833 iam
569 764 778 854 hypothesis
800 764 1092 855 incompossibilis
1114 789 1182 834 non
1205 766 1386 848 existeret,
1402 769 1443 831 et
1457 761 1560 830 solum

384 877 535 960 negatur
559 878 713 962 potestas
736 872 975 961 coniungendi
993 873 1097 940 simul
1113 881 1311 964 utrumque:
1329 872 1484 962 loquens
1495 883 1562 958 pot·

386 992 435 1045 est
457 985 572 1048 taoere
596 978 716 1066 (habet
739 978 885 1048 liberam
900 987 937 1048 et
951 981 1147 1070 expeditum
1163 983 1385 1070 potestatem)
1398 1001 1408 1064 3
1423 977 1562 1068 loquens
1596 1042 1602 1071 ²

386 1111 454 1154 oon
472 1101 586 1174 potest
613 1087 733 1174 (simul
756 1089 838 1157 dum
869 1088 979 1158 libere
1008 1089 1187 1181 loquitur)
1213 1094 1343 1157 taoere.
1377 1087 1425 1154 In
1458 1091 1562 1175 poste
1596 1078 1601 1087 '

386 1195 539 1264 rioribus
563 1203 715 1284 negatur
738 1203 892 1285 potestus
915 1199 1079 1288 expedite
1101 1196 1146 1265 sd
1169 1203 1285 1266 sotum
1309 1197 1374 1280 ita,
1389 1201 1438 1262 ut
1460 1193 1562 1281 hypo

385 1301 498 1370 thesis
521 1301 589 1368 iam
619 1302 774 1370 existens
804 1309 841 1372 et
871 1303 1059 1372 excludens
1090 1301 1438 1392 compossibilitatem
1471 1303 1563 1368 setas
1612 1388 1613 1391 Ἴ

387 1431 455 1476 uon
478 1409 625 1496 pendeat
642 1430 664 1475 a
677 1407 790 1476 libera
805 1407 1000 1494 voluntate,
1019 1417 1055 1478 et
1070 1408 1180 1476 solum
1196 1409 1393 1476 affirmatur
1411 1413 1563 1496 potestas

387 1515 555 1584 radioelis
578 1515 622 1583 sd
645 1523 762 1584 aetum
778 1517 842 1585 sub
859 1517 932 1584 olis
954 1516 1155 1607 hypothesi:
1182 1515 1336 1584 vinoulis
1352 1514 1564 1582 oonstriutus

386 1647 455 1688 oon
468 1637 579 1710 potest
594 1645 735 1692 ourrere
750 1627 937 1713 (potestate
952 1625 1115 1715 expedite
1130 1625 1174 1692 ed
1185 1623 1376 1693 tollendum
1391 1621 1562 1712 hypothe

389 1729 455 1796 sim
470 1729 701 1815 vinonlornm,
720 1736 757 1799 et
772 1735 1019 1822 consequenter
1033 1732 1078 1800 ad
1090 1737 1232 1818 aetum);
1248 1729 1404 1798 vinculis
1422 1727 1563 1798 oonstri·

389 1845 468 1908 otus
487 1853 601 1928 potest
623 1863 764 1910 onrrere
787 1841 833 1929 (si
857 1840 1064 1931 hypothesis
1088 1841 1310 1909 vinculorum
1333 1841 1561 1921 auferretur).

456 1945 548 2014 Dum
580 1947 769 2038 quantivis
800 1947 965 2015 libertate
994 1969 1083 2036 pono
1116 1947 1308 2030 sotionem,
1334 1968 1402 2013 non
1429 1967 1562 2035 possum

390 2052 496 2122 simul
511 2075 586 2123 eam
601 2077 669 2122 non
685 2076 811 2144 ponere
828 2054 933 2146 (qnod
948 2061 1014 2138 est,
1031 2077 1100 2122 non
1122 2061 1239 2145 potest
1255 2053 1360 2122 simul
1376 2075 1450 2122 non
1465 2056 1561 2136 esse),

390 2161 483 2230 aetio
505 2167 620 2230 eutem
644 2161 681 2228 in
705 2160 905 2251 hypothesi,
920 2161 1011 2254 quod
1026 2183 1101 2230 eum
1117 2185 1217 2252 pono,
1235 2161 1434 2232 neeesssrio
1450 2162 1562 2229 subest

390 2265 532 2335 divinae
555 2267 708 2336 visioni:
733 2275 878 2336 atvero
901 2267 932 2336 si
955 2267 1047 2338 sotio
1069 2273 1125 2337 est
1146 2269 1270 2353 libera,
1296 2291 1437 2358 possam
1460 2288 1561 2358 aeque

390 2375 499 2444 libere
522 2396 597 2444 eam
619 2399 688 2444 nou
711 2397 836 2466 ponere
858 2381 896 2444 et
919 2377 972 2443 ita
994 2375 1150 2461 effioere,
1178 2381 1219 2444 ut
1242 2375 1478 2465 hypothesis,
1504 2373 1562 2442 sub
1599 2426 1612 2469 ,-

391 2503 461 2573 qua
483 2483 578 2551 Dens
599 2483 797 2552 neeessario
820 2477 927 2552 videt'
942 2490 1114 2572 agentem,
1129 2505 1317 2575 numquam
1334 2481 1447 2551 fuerit
1468 2501 1559 2563 veru,
1597 2528 1607 2611 ί

392 2593 428 2656 et
458 2594 499 2658 nt
529 2593 713 2677 propterea
743 2593 906 2660 aeternae
936 2587 1086 2657 visionis
1116 2588 1290 2656 terminus
1311 2609 1382 2656 non
1410 2588 1462 2654 sit
1483 2583 1561 2654 hese
1599 2620 1608 2687 p

391 2693 567 2778 aoti0,sed
590 2694 667 2762 eins
689 2695 828 2762 omissio
852 2693 1024 2762 velentio
1048 2693 1132 2762 elis.
1156 2693 1306 2776 Quando
1328 2715 1413 2783 ergo
1435 2691 1561 2761 dieitur
1601 2752 1606 2761 .

392 2823 422 2870 e.
433 2800 589 2890 g.:Deus
604 2799 845 2869 infallibiliter
859 2800 1037 2890 praevidit
1051 2799 1174 2870 Iudam
1190 2807 1417 2890 peooaturum
1427 2798 1560 2887 (melius

392 2907 581 2977 dioeretur:
593 2907 688 2977 vidit
709 2907 831 2976 Iudam
856 2912 1080 2997 peoaantem),
1098 2931 1182 2998 ergo
1206 2908 1314 2978 Iudas
1336 2929 1406 2976 non
1429 2911 1559 2997 poteret

392 3037 460 3082 non
485 3035 646 3104 peooare;
675 3037 814 3084 neomse
841 3021 929 3098 erat,
950 3022 991 3084 nt
1012 3015 1113 3084 fleret
1134 3022 1335 3106 peacetnm3
1360 3014 1447 3083 heae
1463 3012 1560 3082 verbe

393 3146 462 3187 non
479 3137 643 3212 poterut,
671 3146 799 3190 neeesse
829 3137 904 3188 wat
934 3123 991 3192 vel
1019 3123 1273 3214 intelliguntur
1300 3144 1431 3213 negare
1458 3121 1558 3192 solum

392 3235 598 3318 potestatem
614 3231 848 3320 ooninngeudi
864 3229 970 3298 simul
981 3229 1195 3320 hypothesin
1209 3237 1312 3300 aetus
1323 3238 1360 3300 et
1370 3253 1442 3298 non
1456 3236 1555 3306 sotus,

393 3345 500 3428 atque
522 3335 575 3406 ite
598 3337 850 3426 propositiones
873 3344 956 3405 sunt
978 3359 1094 3426 verae,
1110 3337 1168 3408 vel
1183 3336 1439 3426 intelliguntur
1461 3331 1556 3424 sigui—

393 3443 499 3511 h'oare
521 3443 754 3512 exolusionem
777 3443 955 3512 libertatis
984 3444 1029 3513 od
1060 3445 1352 3528 disiunctionem,
1375 3445 1421 3512 ed
1454 3451 1556 3512 setun

394 3545 532 3614 seilicet
553 3544 611 3615 vel
633 3569 701 3613 non
732 3554 871 3632 sotum,
896 3553 932 3615 et
962 3547 1015 3616 ito
1044 3547 1297 3638 propositiones
1327 3551 1415 3616 sunt
1445 3545 1553 3614 feisse.

394 3653 693 3744 Distinguendum
722 3661 777 3724 est
805 3677 889 3746 ergo
920 3677 1130 3748 consequeus
1160 3655 1329 3746 primum:
1364 3654 1472 3724 Iudas
1498 3673 1554 3720 non

395 3813 431 3870 ed
450 3813 621 3881 dissensum,
642 3812 706 3866 dum
727 3815 798 3867 telis
817 3814 914 3879 nette
939 3813 1130 3881 praeveniens
1149 3813 1248 3880 adest,
1269 3829 1328 3866 nou
1348 3816 1395 3868 eet
1414 3813 1552 3881 expetita,

396 3903 446 3957 sed
464 3905 555 3957 solum
574 3905 712 3970 potestas,
735 3918 807 3970 quae
827 3903 923 3956 exseri
942 3905 1048 3970 posset,
1064 3903 1091 3956 si
1109 3901 1185 3956 illud
1204 3903 1346 3956 auxilium
1366 3917 1423 3956 non
1444 3902 1552 3956 sueno

395 3993 464 4046 (lum
477 4007 545 4046 vero
558 3990 731 4058 hypothesis
750 3991 816 4058 lpse
836 3992 906 4044 telis
927 3991 1033 4044 auxilii
1051 3991 1185 4044 absolute
1203 3990 1246 4042 sit
1258 3990 1443 4058 antecedens,
1457 3995 1486 4043 et
1503 3989 1552 4040 eise

395 4079 513 4134 donesso
532 4096 549 4132 ι
568 4079 651 4132 nobie
670 4080 838 4132 nullatenus
850 4077 975 4146 pendeat
987 4076 1033 4151 (ut
1046 4079 1095 4131 llll
1110 4079 1241 4143 theologi
1259 4079 1400 4146 latentur,
1414 4077 1488 4132 etde
1501 4090 1551 4142 gre·

397 4169 443 4221 tie
459 4169 664 4236 praeveniente
683 4169 784 4222 saltem
807 4169 901 4236 prima
925 4183 1022 4222 omnes
1046 4168 1189 4224 Gatholloi
1212 4164 1345 4240 dorent),
1367 4185 1425 4222 non
1444 4165 1550 4233 ampliu

395 4257 607 4324 intelligimus,
625 4257 762 4326 quomodo
782 4273 816 4311 ex
835 4272 882 4326 eo,
903 4258 979 4327 quod
1004 4257 1127 4312 dielnur
1152 4242 1236 4326 posse
1255 4259 1414 4312 iiumtire
1438 4259 1468 4311 in
1482 4269 1549 4308 naeu

397 4347 498 4413 dtrbe,
519 4347 696 4403 divisiones
714 4349 797 4404 nohis
815 4363 872 4402 non
891 4348 1045 4418 pendente,
1061 4349 1135 4402 ntis
1152 4349 1316 4416 explleetnr
1334 4353 1434 4402 nostre
1444 4347 1547 4400 liberte!

396 4435 434 4489 ei
448 4451 616 4491 maroneum
637 4441 668 4491 et
685 4437 845 4492 insensum
864 4439 918 4492 ub
936 4438 1033 4504 psas
1050 4441 1081 4492 et
1098 4453 1160 4492 oum
1178 4437 1276 4504 gretie
1292 4439 1497 4505 pronuntiante.
