3464 5058
933 465 970 480 -
993 435 1052 494 694
1074 467 1112 479 -

434 555 504 624 qua
519 534 695 602 confidant
710 536 747 601 in
764 559 800 602 se
816 537 937 625 ipsis),
963 535 1022 604 sed
1040 557 1125 602 vasa
1141 536 1408 618 misericordiae,
1423 535 1588 603 ostendens

433 647 544 708 totum
568 663 642 710 ease
666 643 773 710 Dei...
800 643 884 709 Cum
907 643 1006 724 dicit,
1024 667 1090 708 nou
1115 659 1162 709 eet
1177 643 1322 710 volentis
1344 665 1449 734 aeque
1471 665 1587 707 carrea·

435 750 493 829 ris,
518 771 585 815 non
608 749 754 817 liberam
778 757 981 839 potestatem
1006 751 1114 837 tollit;
1141 751 1200 818 sed
1228 749 1381 818 ostendit
1403 771 1469 816 non
1492 757 1590 815 totum

433 854 532 922 illius
555 878 648 940 esse,
675 857 732 924 sed
765 880 865 946 egere
890 858 989 926 illum
1015 881 1166 948 superna
1192 859 1323 948 gratia.
1348 859 1491 948 Oportet
1511 855 1590 925 enim

434 961 524 1029 valle
547 969 583 1029 et
606 985 762 1046 currere,
790 965 960 1032 confidere
988 971 1105 1033 autem
1137 987 1202 1032 non
1228 967 1378 1056 propriis
1409 963 1589 1045 laboribus,

433 1070 492 1137 sed
515 1071 580 1138 Dei
604 1072 825 1161 benignitati;
846 1073 935 1164 quod
959 1081 995 1141 et
1021 1073 1106 1140 alibi
1130 1073 1279 1164 dicebat:
1297 1096 1363 1139 non
1387 1095 1451 1161 ego
1474 1077 1590 1152 autam,

433 1176 491 1243 aed
515 1178 633 1264 gratia
654 1177 719 1246 Dei
745 1201 873 1246 mecum
903 1179 950 1264 (l.
969 1178 1047 1246 Cor.
1066 1177 1144 1245 XV.
1164 1179 1278 1262 10.)...
1304 1179 1403 1247 Unde
1430 1177 1541 1266 igitur
1561 1175 1593 1240 hi

432 1304 517 1350 vasa
540 1283 625 1368 irae,
644 1285 700 1352 illi
724 1287 1004 1355 misericordiae?
1026 1287 1081 1353 Ex
1105 1287 1244 1376 proprio
1268 1286 1466 1354 voluntatis
1486 1305 1593 1373 propo

433 1391 512 1458 site.
539 1393 629 1458 Deus
654 1409 764 1460 autem
787 1395 886 1461 valde
911 1395 1014 1461 bonta
1037 1419 1109 1460 eum
1131 1399 1195 1474 sit,
1223 1397 1260 1458 iu
1288 1395 1445 1460 ambobus
1470 1390 1595 1459 eandem

433 1503 580 1566 ostendit
611 1502 855 1590 beniqaitctem
886 1503 1194 1589 (antecedentem).
1220 1504 1363 1569 Etenim
1396 1527 1463 1567 non
1495 1525 1595 1568 eorum

434 1621 565 1675 tantum
589 1615 651 1701 qui
673 1612 763 1678 salui
773 1613 872 1700 faeti
886 1627 978 1694 suat,
998 1614 1154 1678 misertus
1171 1628 1232 1693 est‚·
1249 1611 1305 1677 sed
1321 1615 1424 1678 eciam
1452 1611 1596 1679 anrco·

432 1721 508 1798 aie,
533 1733 699 1809 quantum
725 1722 760 1783 in
784 1744 819 1784 se
842 1735 916 1784 erat
946 1719 996 1805 (b.
1015 1741 1044 1786 e.
1064 1719 1340 1806 antecedenter);
1366 1743 1445 1785 nom
1470 1717 1597 1784 eandem

433 1822 633 1890 diuturnam
652 1829 861 1913 patientiam
886 1843 955 1892 tam
973 1811 1017 1892 'oi
1039 1851 1142 1918 quam
1166 1827 1226 1891 illi
1253 1830 1386 1915 experti
1401 1841 1494 1891 erent.
1513 1821 1599 1905 Quod

432 1935 464 1995 ei
486 1956 552 1997 uon
576 1947 728 2000 servatus
753 1949 813 2015 eet,
840 1959 881 2001 ex
905 1937 976 2001 eius
998 1935 1188 2000 uolrtatatis
1213 1937 1388 2024 proposito
1415 1949 1522 1998 totum
1544 1947 1596 1997 eet.

433 2037 523 2104 Nam
538 2055 703 2130 putantum
719 2039 765 2107 ad
788 2043 893 2108 Deum
914 2045 1076 2130 pertinet,
1094 2043 1187 2108 nibil
1210 2046 1321 2109 minue
1351 2043 1485 2120 babuit,
1504 2065 1597 2132 quam

435 2143 494 2210 illi
516 2149 579 2235 qui
602 2147 692 2212 salvi
710 2147 808 2234 sueti
830 2163 940 2214 santa
959 2147 1087 2238 Chrys.
1107 2148 1197 2217 hom.
1216 2149 1314 2217 XVI.
1332 2173 1368 2216 n.
1386 2149 1419 2215 9.

500 2252 532 2338 Β)
544 2249 799 2344 Consequenter
811 2254 854 2322 ad
867 2255 1034 2323 duritiem
1047 2263 1084 2324 et
1091 2256 1387 2346 impoenitentiam
1398 2255 1495 2323 Deus
1510 2254 1601 2322 «vult

433 2359 612 2427 ostendere
636 2359 724 2426 iram
748 2371 784 2428 et
799 2371 915 2429 notam
944 2365 1057 2431 iacere
1075 2363 1264 2452 potentiam
1281 2385 1409 2430 suumn
1428 2365 1494 2448 (cf.
1512 2361 1599 2430 dicta
1709 2437 1710 2440 Ἴ

432 2466 476 2534 ad
500 2491 535 2535 v.
556 2467 639 2554 17.).
666 2469 758 2537 Hinc
782 2469 1004 2559 participium
1033 2471 1184 2539 avolens
1212 2470 1388 2538 ostendere
1414 2470 1518 2553 iram,
1535 2495 1550 2530 n
1566 2491 1599 2535 eo

433 2573 508 2663 ipso
532 2575 623 2664 quod
647 2576 812 2664 exprimit
843 2575 1060 2644 voluntatem
1092 2584 1373 2668 consequentem,
1399 2599 1468 2643 non
1493 2581 1600 2666 potest

432 2681 562 2749 resolvi
594 2705 656 2770 per
686 2683 895 2772 particulam
920 2683 1112 2752 causalem:
1135 2688 1250 2775 aquia
1281 2683 1397 2751 voluit
1426 2683 1599 2752 ostendere

432 2787 519 2854 iram
525 2839 593 2856 .....
623 2788 695 2854 ideo
719 2789 892 2857 sustinuit
915 2791 952 2857 in
976 2791 1088 2858 multa
1114 2791 1305 2880 patientia;
1322 2817 1338 2850 n
1358 2791 1416 2859 sed
1440 2789 1600 2858 resolutio

432 2891 515 2962 haec
539 2917 612 2962 essa
636 2894 749 2963 debet:
772 2900 958 2985 «quamvis
981 2897 1062 2964 vult
1084 2897 1285 2982 (voluntate
1309 2903 1539 2987 consequente
1560 2895 1598 2960 ad

403 3003 728 3091 ⁸impoenitentiam
752 3002 881 3088 cordis)
906 3005 1085 3074 ostendere
1112 3005 1200 3072 iram
1205 3055 1272 3072 .....
1300 3020 1409 3071 tamen
1433 3002 1601 3072 sustinuit

431 3109 629 3193 (voluntate
653 3109 886 3191 antecedente,
905 3131 973 3202 qua
995 3132 1112 3178 eorum
1136 3110 1216 3177 vult
1238 3109 1486 3199 poenitentiam
1503 3115 1539 3176 et
1552 3129 1600 3175 sa

431 3217 557 3301 lutam)
581 3217 619 3284 in
651 3215 762 3284 multa
793 3217 1010 3305 patientiae
1038 3217 1173 3285 Similis
1204 3228 1258 3286 est
1288 3218 1408 3284 modus
1441 3215 1599 3309 loquendi

431 3322 682 3411 Sap.X11.10:
700 3323 891 3412 apartibus
914 3323 1074 3391 iudicans
1099 3321 1206 3390 dabas
1231 3323 1338 3388 locum
1355 3325 1597 3410 poenitentiae,

430 3432 675 3516 corripueram
690 3429 781 3514 (h.e.
798 3431 958 3520 quamvis
973 3451 1040 3497 non
1052 3429 1262 3518 ignorares),
1280 3429 1441 3520 quoniam
1458 3449 1599 3521 nequam

430 3541 485 3603 est
507 3535 604 3601 natio
627 3557 744 3604 eorum
768 3545 804 3604 et
827 3537 1002 3605 naturalis
1038 3533 1185 3627 (ἔμφυτος)
1213 3537 1349 3604 malitia
1372 3538 1545 3627 ipsorum,
1568 3541 1599 3603 et

431 3643 592 3736 quoniam
625 3667 692 3711 uon
723 3651 859 3733 poterat
885 3646 1106 3735 (impotentia
1129 3648 1370 3735 consequente)
1397 3645 1529 3712 mutari
1551 3665 1598 3710 cc

430 3751 557 3840 gitatio
581 3749 722 3819 illorum
745 3752 781 3817 in
807 3761 1021 3840 perpetuum.
1039 3779 1055 3812 n
1072 3751 1148 3820 Hac
1172 3752 1292 3842 itaque
1321 3751 1504 3818 voluntate
1527 3771 1598 3817 con·

430 3867 592 3950 sequente
623 3857 717 3926 Dens
748 3859 858 3946 ipsam
889 3859 1116 3926 ostensionem
1148 3857 1222 3924 irae
1252 3857 1379 3946 dirigit
1401 3857 1444 3924 ad
1469 3856 1597 3923 demon·

429 3965 593 4033 strandas
609 3965 755 4032 divitias
771 3965 916 4054 gloriae.
937 3995 953 4028 a
967 3965 1086 4056 Neque
1109 3967 1200 4034 enim
1224 3965 1329 4047 Deus,
1347 3963 1465 4054 inquit
1490 3960 1596 4048 Chry·

428 4079 611 4156 sostomus,
631 4071 807 4162 quidpiam
834 4073 1067 4160 praetermisit
1083 4094 1213 4154 eorum,
1232 4093 1318 4162 quaa
1342 4069 1387 4138 ad
1411 4067 1596 4136 Pharaonis
1707 4103 1708 4119 ,

428 4178 697 4247 emendationem
715 4180 881 4265 iacerent3
896 4201 1004 4270 neque
1020 4179 1081 4246 ille
1093 4178 1331 4267 praetermisit
1346 4175 1533 4268 quidquam
1548 4197 1596 4241 eo·

428 4305 517 4367 rum,
531 4305 618 4374 quae
630 4285 743 4374 ipsum
757 4286 939 4374 perderent
950 4293 986 4352 et
997 4284 1090 4352 omni
1103 4285 1206 4352 venia
1218 4285 1410 4374 privarent.
1421 4283 1472 4349 At
1483 4302 1595 4372 quam·

429 4391 486 4459 vis
517 4391 600 4460 haec
624 4393 731 4460 sciret
752 4393 858 4473 Deus,
877 4415 954 4461 cum
972 4393 1083 4459 multa
1106 4392 1277 4480 patientia
1299 4396 1415 4458 tamen
1430 4385 1596 4456 sustinuit

429 4518 505 4564 eum
532 4496 649 4568 volens
673 4496 771 4562 illum
797 4496 840 4562 ad
863 4497 1110 4588 poenitentiam
1134 4497 1305 4565 adducere
1309 4545 1377 4564 .....
1404 4493 1495 4577 Quia
1518 4511 1594 4558 vero
