3394 5056
653 382 691 396 ..
715 352 751 412 11
775 385 813 398 ..

134 445 261 516 diebus
287 449 375 520 istie
397 451 539 522 locutus
560 458 614 522 est
636 456 735 524 nobis
757 457 795 524 in
825 457 919 527 Filio
938 483 970 546 ¹¹3
995 459 1170 528 locutione
1200 460 1322 532 deinde

131 551 282 624 interna
307 563 347 627 et
368 558 502 627 lumine
524 557 617 646 fidei,
644 585 711 653 quo
734 585 854 632 sumus
870 565 1036 640 docibiles
1051 566 1129 650 Dei,
1148 565 1318 652 docemur,

131 659 416 750 illuminamur,
442 666 608 755 ungimur
639 689 660 734 a
688 669 805 754 Patre,
835 670 952 756 Filio,
978 677 1014 741 et
1040 671 1177 762 Spiritu
1194 673 1321 742 Sancto

129 766 197 854 (lo.
215 770 293 840 VI.
312 772 371 860 453
396 773 526 840 hletth.
543 773 641 842 XVI.
661 775 715 863 175
741 776 774 846 2.
795 777 884 846 Tim.
902 778 934 845 Ι.
953 778 1007 865 10;
1028 778 1060 846 1.
1077 779 1128 847 Ιο.
1148 779 1198 847 H.
1217 780 1287 865 20).

196 875 261 945 Ex
296 880 506 948 diversitate
537 881 685 951 rationis
720 885 877 953 formalis
907 892 943 954 et
975 886 1079 955 medii
1111 888 1321 978 cognitionis

127 981 318 1078 simulque
341 1009 385 1056 ex
416 987 559 1058 diversa
588 989 725 1080 origine
759 1015 861 1082 porro
891 993 1127 1083 intelligitur,
1154 995 1320 1085 quomodo

128 1092 279 1163 ratione
290 1095 421 1164 obiecti
434 1098 662 1186 cognoscendi
677 1099 791 1168 latius·
801 1107 919 1191 pateat
931 1102 1109 1192 theologia
1123 1102 1205 1170 fidei
1218 1125 1320 1195 qnam

126 1200 325 1294 theologia
347 1207 538 1276 naturalis.

256 1473 306 1534 De
327 1491 420 1535 neca
441 1483 472 1536 et
493 1475 683 1537 discrimine
704 1449 793 1536 iader
814 1475 1009 1553 theologiam
1030 1491 1068 1535 ac
1087 1475 1195 1552 fidem.

201 1720 218 1747 ι
232 1701 303 1754 cnm
318 1701 467 1767 theologie
484 1703 549 1756 fidei
568 1719 624 1756 non
644 1704 684 1756 sit
702 1703 781 1757 eliud
801 1719 885 1771 qnam
905 1701 1051 1756 doetrinae
1071 1700 1137 1753 ndei
1157 1699 1316 1754 scientifica

135 1809 148 1836 ι
165 1791 328 1858 explicatio
347 1796 378 1844 et
394 1793 586 1860 confirmatio,
608 1798 689 1861 patet
707 1795 774 1847 hinc
793 1793 906 1860 quidem
925 1794 1045 1845 intimus
1072 1791 1236 1855 theologiae
1255 1805 1317 1843 cum

137 1901 151 1926 ι
166 1880 223 1934 fide
242 1897 347 1949 nexus,
362 1883 430 1936 inde
444 1899 512 1938 vero
530 1885 704 1962 cognitionis
725 1885 902 1949 theologicae
922 1899 1005 1951 qnam
1025 1886 1138 1949 vocent,
1155 1885 1214 1934 tum
1235 1897 1252 1934 a
1274 1895 1316 1933 co-

137 1989 151 2016 ι
166 1971 300 2035 gnitions
319 1987 394 2024 mere
414 1973 553 2026 rationali
572 1977 631 2027 tum
650 1975 686 2026 ab
707 1989 826 2026 assensu
839 1973 906 2026 fidei
920 1972 1092 2026 differentia.
1107 1973 1205 2039 Neque
1220 1974 1314 2024 minen

139 2079 152 2105 ε
167 2065 287 2127 propter
300 2060 377 2112 huno
390 2063 581 2116 intrinsecum
594 2079 707 2130 nexum,
723 2063 798 2130 quod
812 2064 957 2130 theologie
973 2066 1117 2130 tamqnam
1131 2060 1315 2114 fundamento

141 2171 155 2196 ι
168 2152 313 2206 innititur
321 2153 398 2220 fidei,
416 2153 516 2219 negari
530 2153 615 2207 dehet
626 2169 688 2207 cnm
698 2154 883 2208 Scholasticis
896 2154 1056 2220 nonnullis,
1072 2153 1244 2218 theologiam
1256 2167 1317 2205 esse

142 2261 156 2287 ι
169 2242 318 2296 seientiam
335 2243 449 2312 proprii
469 2243 629 2296 neminie„

204 2481 236 2548 I.
260 2481 318 2550 Ex
342 2483 388 2550 iis
412 2504 501 2574 qnae
523 2482 620 2552 diota
642 2489 725 2552 sunt
747 2483 789 2552 de
820 2483 1033 2584 revelatione
1063 2491 1237 2574 tamquam
1262 2504 1316 2550 ra·

140 2588 231 2658 tione
254 2587 410 2674 formali¹
437 2591 502 2658 sub
525 2612 594 2682 qua
605 2589 824 2682 veritatesin
839 2589 1020 2679 theologia
1035 2589 1312 2673 considerantur,

141 2695 252 2765 videri
276 2702 397 2784 posset
419 2697 504 2766 haec
526 2719 548 2764 a
570 2697 637 2766 fide
652 2699 809 2788 ipsanon
822 2697 977 2782 differre,
999 2697 1089 2788 quod
1104 2703 1220 2764 tamen
1234 2694 1314 2762 sim-

138 2803 279 2893 pliciter
304 2801 437 2871 dictum
461 2809 598 2872 constat
609 2826 684 2872 esse
698 2804 839 2872 falsum.
855 2805 912 2872 Ad
929 2802 1185 2872 distinctionem
1200 2799 1315 2888 igitur

139 2910 369 2996 intellectum,
396 2933 483 3003 qnae
507 2911 555 2979 eit
569 2913 712 3002 propria
727 2913 820 2982 ratio
836 2911 1045 3002 theologiae,
1064 2909 1315 3000 explicabimus

139 3019 214 3088 eius
236 3026 314 3087 tum
338 3040 464 3086 nexum
488 3040 565 3086 cum
588 3018 667 3103 fide,
694 3025 769 3087 tum
793 3041 815 3086 a
837 3020 904 3088 fide
928 3019 1126 3087 discrimen.

205 3127 251 3194 1⁰.
269 3127 377 3194 Fides
392 3131 430 3193 et
444 3125 622 3216 theologie
645 3127 859 3196 considerari
872 3133 1018 3217 possunt
1033 3148 1137 3194 sensu
1153 3123 1315 3192 obiectico

140 3239 315 3326 tamqnam
338 3241 436 3302 totus
470 3235 669 3324 complexus
700 3235 892 3304 veritatum
926 3234 1163 3304 revelatorum
1193 3237 1314 3300 mutuo

140 3363 229 3408 nexu
253 3341 526 3425 cohaerentium,
553 3347 594 3410 nt
616 3363 687 3408 nna
710 3341 1012 3431 comprehenditur
1028 3341 1065 3408 in
1085 3340 1169 3424 elia,
1186 3362 1257 3407 una
1271 3362 1314 3407 ex

143 3448 211 3516 alia
227 3449 354 3539 pendet
376 3455 412 3516 et
435 3448 670 3539 consequitur,
690 3448 726 3516 h.
745 3472 776 3518 e.
797 3455 911 3538 potest
927 3448 1141 3516 considerari
1159 3453 1315 3536 systema

142 3557 331 3626 veritatum
353 3556 588 3625 revelatorum
613 3579 685 3640 seu,
712 3556 744 3624 si
766 3557 819 3624 ita
840 3556 937 3647 loqui
961 3559 1015 3624 fas
1039 3562 1106 3639 est,
1124 3562 1201 3624 tota
1223 3543 1313 3624 veri·

140 3671 193 3732 tas
214 3666 377 3734 revelata
399 3667 577 3754 organica.
602 3665 676 3733 Hoc
701 3688 804 3734 sensu
828 3664 999 3732 obiectivo
1023 3664 1109 3732 fides
1132 3671 1168 3732 et
1183 3663 1313 3732 theolo-

140 3774 198 3861 gia
221 3773 345 3841 stricte
370 3779 509 3861 sumpta
530 3795 603 3840 rem
626 3772 769 3841 eandem
793 3772 1008 3861 significant,
1027 3777 1227 3839 nontamen
1250 3770 1313 3838 snb

140 3879 254 3948 eadem
277 3901 423 3969 prorsus
447 3879 595 3966 ratione3
621 3903 743 3948 nomen
767 3880 856 3952 enim
874 3879 962 3969 fidei
985 3879 1180 3948 formaliter
1203 3876 1313 3966 signi-

139 3987 219 4056 ficat
251 3987 424 4055 veritates
458 3987 633 4055 revelatae
656 3992 692 4055 et
715 3987 826 4056 solnm
857 3986 1087 4056 materialiter
1119 3985 1313 4055 veritatum

138 4115 314 4163 nexumac
327 4093 578 4183 organismnm,
606 4095 643 4163 h.
669 4117 699 4163 e.
728 4095 906 4184 significat
930 4093 1100 4164 veritates
1124 4091 1309 4174 revelatas,

136 4227 220 4293 qaae
242 4209 328 4272 sunt
350 4201 390 4270 in
426 4208 546 4271 mutuo
576 4225 695 4288 nexu,
728 4227 798 4271 non
828 4209 944 4272 taum
976 4203 1041 4271 sub
1073 4201 1209 4269 ratione
1240 4201 1311 4268 for-

136 4309 234 4398 mali,
259 4324 431 4404 qautenus
454 4316 539 4378 sunt
561 4312 731 4380 veritates
753 4311 905 4380 invicem
920 4331 1042 4398 nexae;
1060 4307 1197 4377 nomine
1223 4306 1311 4370 theo-

135 4415 247 4508 loqiae
284 4439 371 4488 vero
403 4414 600 4487 formaliter
630 4417 838 4509 designatur
873 4415 1094 4508 organismos
1132 4411 1308 4484 revelatae
