3230 5072
896 351 947 379 t—
967 336 1028 395 378
1048 368 1086 381 .-

340 420 345 432 ’
412 437 516 506 .mo
532 439 646 506 omne
661 439 818 522 rienes,
836 439 920 530 quid
936 441 1049 530 mans
1071 439 1304 508 necessarium
1321 437 1437 507 vises
1457 444 1601 528 potam

412 567 515 638 qnam
538 545 628 614 hunc
658 568 810 615 summae
838 548 1009 616 esoentiae
1038 547 1246 615 locutionem
1278 568 1347 613 non
1378 567 1459 613 esse
1492 517 1601 612 aliud

412 673 514 744 qnam
537 673 703 719 summum
725 652 934 722 essentiam?
951 680 968 713 s
994 653 1121 721 Totum
1144 650 1435 742 comprehendere
1472 673 1592 740 possu-

412 781 487 826 mus
512 758 627 826 verbis
650 757 686 826 S.
713 759 862 828 Thomas
878 759 911 827 1.
937 786 971 852 q.
996 759 1052 828 14.
1078 781 1112 826 a.
1139 759 1171 826 6.
1193 788 1210 822 a
1227 757 1315 826 Cum
1339 758 1507 826 essentia
1530 757 1592 824 Dei

411 865 538 935 hebeat
567 865 605 934 iu
627 889 682 950 se,
708 867 878 958 quidquid
908 866 1134 957 perfectionis
1157 865 1263 933 habet
1292 865 1449 933 essentia
1476 865 1592 934 cuins

411 993 556 1064 cumque
577 973 629 1041 rei
652 970 842 1042 alterius...
860 974 955 1042 Dens
969 973 1005 1040 in
1021 996 1057 1042 se
1073 973 1149 1062 ipso
1164 979 1281 1062 potest
1302 971 1421 1044 omnis
1445 971 1593 1060 propris

411 1080 611 1170 cognitione
633 1103 848 1170 cognoscere.
866 1081 1013 1170 Propria
1038 1081 1129 1148 enim
1154 1088 1283 1148 nutura
1306 1079 1593 1168 uniuscuiusque

410 1187 586 1270 consistit,
612 1187 798 1256 secundnm
822 1187 912 1279 quod
928 1210 988 1278 per
1002 1187 1152 1279 aliquem
1168 1187 1306 1255 modum
1329 1186 1496 1254 divinem
1518 1207 1592 1274 per·

413 1293 594 1364 sectionem
617 1295 819 1385 participat.
836 1295 914 1364 Non
936 1303 1052 1364 antem
1067 1295 1162 1363 Deus
1178 1315 1214 1362 se
1230 1294 1344 1383 ipsum
1360 1294 1526 1384 perfecte
1542 1314 1590 1359 oo·

412 1408 604 1494 gemeret,
629 1401 699 1470 nisi
722 1411 960 1492 cognosceret,
986 1403 1301 1494 quomodocumque
1323 1397 1591 1491 participabilis

412 1513 468 1578 est
488 1507 531 1576 ab
553 1507 635 1576 aliis
658 1530 723 1577 sus
746 1508 913 1598 perfectio
937 1509 1035 1596 (haec
1057 1515 1112 1578 est
1134 1510 1289 1600 cognitio
1320 1507 1585 1590 essentiarum).

412 1615 485 1684 Neo
507 1613 612 1682 etism
635 1614 744 1704 ipsam
768 1621 928 1684 naturam
952 1616 1088 1685 essendi
1110 1617 1262 1707 perfecte
1286 1617 1411 1699 sciret,
1438 1614 1516 1682 uisi
1540 1635 1589 1681 cc

414 1727 596 1812 gnoscerst
611 1743 726 1791 omnes
741 1721 856 1791 modos
871 1723 1033 1792 escendis
1048 1723 1124 1814 (qui
1140 1745 1255 1791 omnes
1269 1723 1313 1789 sb
1328 1723 1404 1812 ipso
1419 1720 1586 1812 pendent,
1600 1765 1601 1822 p

416 1829 505 1900 unde
527 1838 581 1900 est
604 1832 757 1921 cognitio
779 1832 1032 1917 existentium).

480 1936 557 2006 Non
580 1937 692 2006 solnm
715 1939 747 2007 si
769 1939 903 2008 ratione
926 1939 1177 2028 distinguimus
1192 1940 1379 2008 essentiam
1395 1945 1434 2007 et
1450 1935 1586 2007 intelle

414 2045 573 2131 ctionem,
592 2046 714 2114 divine
737 2071 832 2116 mens
853 2069 915 2138 per
930 2047 1115 2116 essentiam
1138 2055 1315 2140 tamquam
1338 2047 1514 2116 obiectum
1537 2045 1584 2110 in·

414 2150 553 2220 finitum
584 2152 836 2222 determinetur
858 2154 903 2222 ad
934 2153 1206 2243 cognoscendum
1230 2175 1328 2221 omne
1353 2175 1501 2240 vernm;
1530 2149 1583 2218 md

413 2257 520 2326 etism
542 2258 733 2328 intellectio
756 2261 950 2330 formaliter
973 2267 1129 2350 spectate
1152 2283 1213 2352 per
1237 2283 1335 2329 suam
1358 2259 1581 2328 intrinsecum

414 2364 656 2456 perfectionem
672 2367 807 2457 concipi
822 2369 923 2437 debet
944 2369 1174 2437 determinata
1189 2368 1233 2436 sd
1250 2367 1581 2457 comprehensionem

414 2471 524 2540 omnis
546 2472 721 2542 veritatis.
747 2473 814 2543 Est
837 2475 921 2544 haec
946 2474 1120 2544 vivacitss
1149 2475 1375 2544 inconcussae
1399 2472 1578 2549 veritatis,

414 2585 455 2648 ut
476 2579 542 2648 Dei
565 2581 795 2669 cognitionem
819 2583 973 2673 appellat
994 2583 1219 2672 Augustinus
1242 2583 1301 2671 (ad
1317 2581 1480 2673 Simplic.
1493 2581 1519 2648 l.
1534 2577 1577 2645 Π.

414 2711 448 2778 q.
465 2685 528 2774 2).
557 2686 670 2754 «Cum
695 2688 868 2780 reliquero
891 2690 999 2759 solam
1023 2691 1248 2760 vivacitatem
1271 2697 1387 2760 certes
1409 2695 1518 2780 etque
1534 2687 1578 2754 in·

414 2814 598 2862 concussus
621 2793 796 2880 veritatis,
815 2817 885 2865 nnc
906 2803 1011 2888 etque
1034 2803 1175 2868 aeterna
1196 2797 1488 2888 contemplatione
1504 2815 1578 2864 cun·

414 2907 472 2970 cte
495 2901 747 2988 collustrantis,
767 2903 951 2972 immensu
970 2903 1143 2996 reliquero
1159 2909 1233 2996 (per
1248 2904 1357 2973 solam
1379 2899 1577 2972 abstractio

413 3028 490 3074 nem
501 3026 523 3074 a
534 3004 683 3074 scientia
698 3005 875 3094 hnmana),
886 3031 954 3076 non
965 3008 1056 3078 enim
1068 3009 1132 3078 hoc
1145 3008 1250 3077 habet
1260 3007 1414 3076 humana
1424 3005 1574 3084 scientis,

414 3111 472 3180 sed
488 3135 550 3202 pro
566 3113 702 3182 viribus
718 3119 930 3204 cogitavero,
948 3115 1150 3185 insinuatur
1165 3114 1250 3183 mihi
1268 3121 1456 3206 utcumque
1478 3113 1575 3181 scien·

413 3217 466 3287 tia
488 3220 565 3289 Dei.
583 3247 598 3282 n
623 3219 690 3290 Est
702 3222 819 3292 eedem
833 3223 896 3292 lux
912 3223 988 3292 sine
1002 3223 1167 3309 tenebris,
1186 3224 1228 3292 de
1249 3243 1318 3316 qna
1334 3221 1370 3291 S.
1386 3217 1574 3290 Bernnrdns

413 3325 552 3396 Consid.
566 3327 611 3396 V.
625 3329 659 3395 t:
687 3329 816 3398 :Deus
839 3331 1064 3401 scientiarum
1087 3330 1259 3414 dominns,
1273 3330 1334 3422 qui
1357 3329 1455 3398 solus
1477 3327 1573 3396 solnm

413 3433 547 3503 nesciet
562 3433 810 3523 ignorantiam,
829 3437 889 3529 qni
911 3443 1008 3506 totus
1031 3438 1079 3506 sit
1100 3437 1163 3506 lux
1178 3444 1215 3506 et
1228 3438 1389 3506 tenebrae
1404 3437 1444 3504 in
1459 3457 1497 3504 eo
1515 3453 1570 3501 non

414 3539 486 3608 sint
508 3540 620 3626 nllus,
646 3549 741 3611 totus
765 3543 815 3612 sit
837 3543 959 3613 oculus
981 3549 1018 3613 et
1048 3545 1186 3614 minime
1209 3543 1398 3636 aliqnando
1422 3541 1569 3616 fallitur,
1600 3541 1601 3586 ἕ

414 3647 496 3740 quis
512 3649 651 3718 minime
667 3649 857 3735 clauditur,
876 3651 938 3741 qni
960 3658 1061 3720 extre
1077 3673 1112 3720 ss
1128 3673 1196 3718 nou
1212 3656 1358 3742 quserat
1380 3649 1507 3732 lumen,
1522 3641 1569 3713 cui
1600 3667 1601 3710 l

412 3755 638 3826 admoveatur
653 3765 694 3826 ut
711 3757 842 3843 videat,
867 3757 941 3848 ipse
965 3759 1026 3851 qni
1050 3759 1157 3843 videt,
1183 3757 1257 3849 ipse
1280 3757 1370 3826 unde
1394 3757 1530 3828 videt.»

480 3863 722 3933 Gerellanum.
748 3864 844 3934 Illud
867 3888 964 3934 omne
994 3866 1084 3957 qnod
1114 3865 1210 3934 Dens
1240 3865 1419 3956 cognoscit
1447 3867 1568 3955 praeter
1600 3849 1601 3938 i

413 3991 448 4038 ss
469 3970 595 4062 ipsum,
613 3977 668 4040 est
689 3971 827 4066 quidem
850 3972 980 4064 uliquis
1003 3973 1173 4043 terminus
1196 3973 1337 4041 divinae
1359 3967 1564 4062 cognitionis,
1600 3999 1601 4074 p

412 4075 487 4146 eive
509 4079 628 4148 subest
651 4081 844 4170 cognitioni
870 4081 1031 4167 divinae;
1056 4103 1123 4149 non
1147 4079 1322 4150 tamenin
1345 4079 1417 4147 Deo
1447 4077 1565 4148 iuflnxn
1600 4119 1601 4130 η

412 4181 529 4276 aliquo
552 4185 640 4255 reali
662 4185 768 4256 efficit
791 4187 1022 4277 cognitionem
1038 4193 1075 4256 et
1089 4187 1269 4256 scientiam
1294 4187 1381 4274 sive,
1400 4184 1488 4278 qnod
1508 4177 1563 4248 dici

412 4289 510 4378 solet,
528 4313 596 4360 non
612 4293 820 4363 determinet
843 4295 1075 4384 cognitionem
1097 4292 1255 4363 divinem
1270 4299 1446 4385 umquem
1461 4307 1560 4360 onum
1600 4291 1601 4338 ῑ

416 4397 521 4468 «Non
545 4401 722 4489 cognoscit
732 4401 826 4470 Dens
849 4403 945 4471 entia
967 4401 1165 4491 cognitione
1180 4423 1223 4470 ex
1238 4400 1377 4470 entibus
1390 4398 1449 4468 sed
1472 4398 1560 4466 sum-
