3360 5060
593 370 631 383 -
653 339 709 399 691
736 369 774 384 -

89 443 201 512 immo
215 466 340 512 novam
359 443 489 513 inferre
506 443 757 512 difficultatem.
785 443 824 510 Si
840 441 933 512 Dens
951 443 1054 511 unius
1078 444 1269 532 peccatoris

87 551 255 638 gratuito
278 552 474 634 miseretur,
499 551 650 618 alterum
667 549 918 634 rescinderet,
936 551 1020 618 licet
1035 557 1152 640 posset
1163 551 1268 620 etiem

88 656 204 724 huius
227 657 396 726 misereri:
425 687 440 720 u
455 655 540 747 quid
556 654 665 724 adhuc
682 660 839 748 queritur
859 651 1013 749 (μεμφεται
1030 658 1267 750 conqueritur,

88 763 211 852 punit;
225 765 271 833 ef.
287 763 354 832 HI.
368 765 475 851 5-7.);
491 764 665 830 voluntari
680 766 769 830 euim
785 767 857 832 sisse
872 768 950 856 quis
968 767 1142 832 resistitis
1159 791 1193 834 v.
1210 765 1264 834 19.

87 871 263 954 Quaestio
286 896 370 962 ergo
392 879 447 942 est
470 873 511 942 de
534 871 676 941 iustitia
699 894 837 962 poenae,
864 873 1030 962 quomodo
1054 873 1148 942 Deus
1173 875 1269 942 iuste

87 980 221 1070 puniat
249 1001 351 1064 eum,
383 981 483 1050 cuius
506 1002 573 1048 nun
598 979 781 1048 miseretur
804 981 1045 1065 instituendo,
1075 1005 1153 1050 cum
1176 980 1268 1050 alter

86 1087 197 1157 cuius
219 1110 280 1177 per
303 1087 429 1156 donum
453 1087 533 1156 fidei
555 1095 593 1155 et
616 1111 676 1176 per
699 1087 982 1157 iustificationem
1013 1089 1050 1156 in
1078 1089 1145 1156 fide
1169 1088 1267 1156 mise·

87 1201 206 1278 retur,
231 1216 273 1262 ex
297 1217 370 1262 sese
392 1218 460 1262 non
485 1195 599 1264 minus
622 1195 671 1263 sit
694 1195 931 1264 misericordia
954 1195 1148 1285 indignus?
1172 1195 1267 1284 Ergo

87 1302 253 1394 quaestio
277 1323 344 1370 non
368 1308 423 1369 est
445 1301 486 1369 de
510 1301 692 1370 voluntate
714 1301 779 1370 Dei
804 1302 1026 1372 antecedente
1057 1303 1116 1370 sed
1144 1301 1185 1370 de
1209 1324 1267 1370 vo-

86 1409 232 1478 luntate
255 1416 483 1500 consequente
506 1407 686 1498 puniendi,
713 1409 879 1499 quomodo
903 1409 953 1476 sit
975 1409 1094 1477 iusta?

161 1516 349 1606 Apostolus
371 1516 555 1604 respondet
578 1521 614 1601 a)
638 1515 853 1605 reprimendo
868 1515 1019 1584 hominis
1036 1516 1267 1584 temeritatem

86 1623 281 1712 exigentis,
308 1629 349 1690 ut
371 1622 465 1691 Dens
487 1621 613 1690 reddet
635 1621 804 1689 rationem
821 1641 903 1690 suae
919 1620 1171 1710 providentiae,
1190 1643 1267 1688 cum

87 1738 176 1799 ante
199 1731 313 1799 omnis
328 1738 461 1800 certum
477 1737 643 1799 stratum
659 1751 734 1797 esse
751 1729 874 1798 debeat
888 1736 1069 1798 creaturae
1085 1727 1264 1812 rationali,

86 1838 209 1906 omnis
231 1837 296 1906 Del
320 1860 423 1928 opera
446 1843 568 1906 sancta
590 1859 664 1906 esse
687 1845 722 1904 et
746 1836 852 1904 iusta:
871 1835 928 1904 «Ο
947 1835 1046 1904 horno
1062 1845 1102 1904 tu
1120 1835 1200 1926 quis
1215 1858 1263 1919 es,

89 1945 158 2036 qui
180 1945 387 2034 respondeas
409 1945 531 2012 Deoin
556 1943 631 2014 Hoc
654 1943 854 2012 declaratur
878 1943 1112 2011 similitudine
1135 1941 1263 2031 figuli:

92 2082 110 2115 u
131 2051 303 2142 numquid
327 2051 415 2119 dicit
437 2050 640 2139 figmentum
663 2049 707 2134 ei,
735 2049 795 2140 qui
818 2071 855 2116 se
878 2048 984 2117 finxit
1010 2047 1061 2135 (το
1079 2047 1206 2134 πλασμα
1224 2069 1264 2134 τῳ

89 2156 259 2244 staca-se)
280 2159 365 2250 quid
383 2182 434 2226 me
449 2159 566 2226 fecisti
582 2156 658 2225 sici
676 2183 692 2218 n
711 2181 745 2224 v.
761 2156 816 2224 20.
835 2155 1040 2225 Similitudo
1053 2157 1138 2225 haec
1161 2156 1267 2246 figuli

88 2267 183 2336 satis
206 2267 370 2356 frequens
394 2265 431 2332 iu
453 2265 557 2333 libris
573 2265 617 2333 V.
636 2264 678 2332 T.
697 2264 765 2352 (Is.
779 2263 889 2332 XLV.
908 2263 942 2349 93
956 2263 1025 2332 Ier.
1040 2263 1177 2332 XVIII.
1190 2265 1263 2352 4-o;

87 2373 242 2444 Ecclesi.
253 2371 488 2440 xxxmme.
502 2371 556 2440 14.
569 2377 582 2458 )
595 2370 790 2440 immediate
806 2370 972 2460 exprimit
987 2371 1180 2440 absolutam
1201 2373 1267 2441 Dei

88 2487 302 2572 potestatem
320 2487 547 2550 etcreeturae
571 2479 829 2564 subiectionem
857 2478 1068 2568 supponitur
1089 2484 1204 2546 eutem
1228 2479 1266 2546 in

88 2587 230 2657 artifice
252 2610 320 2656 non
344 2587 492 2656 humano
523 2587 582 2656 sed
605 2588 676 2656 Deo
699 2587 879 2677 provisore
905 2586 1046 2654 infinita
1073 2586 1262 2670 sanctitas,

88 2697 243 2780 bonitas,
269 2695 441 2784 sapientia
456 2699 492 2764 et
509 2693 659 2764 iustitie.
689 2695 765 2762 «In
789 2693 898 2783 figulo
921 2693 1265 2784 (inquitAmbrosie-

88 2812 167 2873 ster
190 2804 227 2874 in
252 2803 286 2874 h.
305 2803 356 2889 l.)
380 2804 455 2872 sola
470 2801 633 2870 voluntas
649 2811 713 2887 est,
731 2801 769 2870 in
786 2801 857 2870 Deo
875 2808 990 2870 autem
1008 2801 1172 2870 voluntas
1187 2824 1265 2870 cum

88 2912 246 2981 iustitia.
267 2939 283 2974 n
302 2911 411 2978 Probe
435 2915 550 2978 eutem
574 2910 793 2994 advertatur,
812 2933 854 2978 ex
869 2910 946 2999 ipse
960 2909 1075 2980 indole
1092 2910 1264 3002 quaestio·

88 3020 151 3089 nis
174 3019 339 3108 figmento
358 3040 418 3086 ssu
434 3016 599 3106 plasmati
613 3041 681 3086 non
697 3019 889 3108 comparari
905 3019 947 3086 eb
963 3018 1130 3108 Apostolo
1146 3017 1264 3088 huma·

89 3150 174 3194 nem
189 3131 363 3208 naturam,
383 3129 554 3215 quatenus
570 3145 591 3190 a
606 3125 677 3192 Deo
693 3131 845 3210 mestun
869 3124 928 3192 sed
945 3123 1128 3209 hominem,
1147 3133 1265 3216 quete-

88 3258 161 3303 nus
177 3233 233 3302 vel
249 3233 408 3322 gratuito
433 3231 704 3300 misericordiam
727 3231 962 3322 consequitur,
985 3231 1101 3300 veleb
1124 3241 1265 3322 peccate

90 3341 276 3412 voluntate
295 3345 522 3430 consequente
545 3337 638 3406 iuste
660 3339 819 3428 punitur.
848 3369 864 3402 o
878 3338 971 3408 Cava
995 3349 1096 3429 putes
1113 3339 1197 3410 haec
1221 3342 1265 3411 ad

89 3447 279 3520 creationis
303 3437 473 3515 rationem
490 3445 629 3514 aPsulo
642 3445 713 3515 dici
726 3445 782 3515 vel
794 3447 838 3514 ed
850 3431 1091 3516 necessitatem
1105 3447 1264 3518 volunta·

89 3556 142 3624 tis
153 3558 304 3638 nostres,
319 3553 378 3621 sed
391 3553 610 3638 (dictasunt)
623 3552 811 3620 seeundum
824 3558 1030 3641 potestatem
1037 3561 1073 3622 et
1081 3553 1264 3623 diversito-

89 3669 162 3730 tem
175 3659 375 3728 divinarum
383 3657 679 3748 dispensationum
695 3685 710 3718 n
728 3657 765 3725 S.
783 3657 965 3748 Chrysost.
981 3658 1172 3728 hom.XVI.
1189 3661 1261 3729 n.8.

160 3766 259 3836 Unde
284 3767 317 3854 d)
346 3765 477 3834 Paulus
493 3765 757 3836 similitudinem
773 3789 983 3858 prosequens
1000 3769 1185 3858 respondet
1199 3769 1261 3853 ita,

91 3883 135 3944 ut
158 3898 200 3943 ex
216 3873 470 3964 comparatione
486 3875 563 3963 ipsa
578 3873 776 3942 declaretur
791 3875 952 3963 grutuita
967 3875 1098 3963 gratie,
1117 3884 1153 3944 et
1168 3875 1265 3946 iusta

90 3983 231 4073 punitio
254 3981 458 4071 peccatoris.
485 3980 688 4049 Similitudo
719 4004 786 4049 non
814 3988 868 4048 est
890 3981 1106 4049 extendenda
1128 3981 1172 4050 ad
1196 4005 1264 4050 mo·

91 4089 187 4174 dum,
214 4111 282 4180 quo
304 4089 418 4158 lutum
442 4110 533 4156 mere
556 4087 695 4177 passive
718 4089 756 4156 in
779 4107 884 4154 manu
901 4087 1016 4175 figuli,
1034 4093 1071 4156 et
1088 4111 1155 4180 quo
1172 4111 1264 4158 crea·

89 4203 175 4265 tura
198 4195 381 4264 rationalis
405 4219 445 4264 ac
468 4195 581 4263 libere
604 4216 640 4263 se
664 4195 768 4263 hebet
793 4193 1015 4262 subactione
1039 4197 1175 4284 gratiae
1199 4197 1262 4284 (1);

156 4335 199 4412 (1)
209 4337 281 4392 Vide
295 4337 556 4394 enimsdvarsiones
568 4337 764 4404 Ohrysostoml
776 4339 807 4390 in
821 4335 1113 4392 h.l.lrom.XV1.n.8.
1127 4339 1177 4392 ubi
1186 4338 1264 4394 inter

92 4433 202 4484 cetera:
220 4451 231 4475 a
245 4429 306 4495 hoc,
327 4429 434 4496 inquit,
458 4428 561 4495 ubique
574 4427 781 4482 observandum
794 4431 847 4494 est,
866 4429 899 4479 ut
910 4426 1117 4481 similitudines
1130 4444 1186 4482 non
1200 4430 1250 4482 uni
