3292 5062
570 395 608 408 -
632 363 687 423 161
711 394 749 409 -

135 465 203 532 ΠΙ.
223 465 402 549 Quoniam
416 491 459 536 ex
476 467 760 559 praecedentibus
783 467 852 537 ium
869 468 956 536 setis
979 471 1134 552 constet,
1152 467 1248 537 ideae

78 595 155 664 ques
178 573 222 642 de
245 573 323 641 Deo
346 574 559 664 concipimus
581 573 667 642 licet
689 597 757 643 non
780 575 981 643 immediate
1003 575 1173 643 essentiae
1196 567 1247 642 di-

76 679 170 750 vinne
192 680 404 764 intuitione,
429 681 489 751 sed
511 705 553 750 ex
578 683 750 750 creaturis
766 682 998 773 depromptas,
1017 681 1179 751 exhibere
1194 688 1247 750 te-

75 812 142 857 men
164 789 288 879 ipsum
310 790 423 858 Deum
445 789 743 884 perfectioneeque
771 791 912 859 divinus
942 814 1011 858 non
1042 791 1180 884 quidem
1204 797 1246 860 ut

75 895 245 965 inlinitum
263 897 356 965 Esse
370 897 529 966 divinum
542 898 580 966 in
596 921 633 968 se
648 905 713 983 est,
732 899 792 968 sed
807 899 905 967 modo
922 897 1068 990 quodem
1084 897 1244 988 imperfe-

73 1009 132 1090 cto,
150 1003 236 1072 dum
254 1027 300 1073 ex
315 1005 591 1096 perfectionibus
606 1007 794 1075 effectuum
810 1005 1146 1075 «ratiocinationum
1166 1029 1243 1074 con-

73 1119 162 1180 tactu
186 1111 447 1198 concludimus,
472 1139 488 1175 ι
515 1113 599 1206 quid
623 1114 718 1184 Deus
741 1115 791 1183 sit
813 1119 850 1183 et
872 1113 956 1204 quid
978 1137 1048 1182 non
1072 1113 1137 1200 sit,
1162 1113 1243 1182 reli·

73 1239 168 1306 quum
191 1225 276 1304 est,
303 1225 346 1288 ut
369 1219 600 1310 cognitionem
630 1220 721 1291 hunc
750 1226 905 1290 nostram
929 1219 1157 1313 quantumvis
1179 1221 1242 1289 im·

72 1325 269 1412 perfectum,
285 1347 417 1393 .verem
439 1331 555 1394 temen
577 1349 652 1396 esse
675 1327 959 1396 demonstremus.

128 1430 220 1500 Eret
242 1431 334 1501 hacc
357 1432 471 1502 alteru
504 1433 797 1502 Eunomienorum
833 1433 1052 1503 calumniae
1075 1433 1242 1501 Patribus

72 1537 319 1627 multipliciter
354 1541 556 1626 confutate,
583 1541 673 1633 qnod
703 1541 735 1609 si
758 1542 869 1610 Deum
899 1564 961 1610 nec
988 1539 1239 1632 comprehendi-

72 1669 138 1714 mus
158 1669 224 1717 nec
249 1647 356 1716 utin
379 1655 515 1736 secet,
541 1649 799 1740 intelligimus,
825 1649 917 1719 false
940 1649 989 1719 sit
1011 1651 1089 1740 ipse
1117 1655 1240 1718 nostre

72 1752 229 1842 cognitio.
258 1754 408 1823 Petrum
438 1755 634 1825 confutatio
656 1757 700 1826 ed
724 1757 905 1849 sequentis
934 1756 1051 1846 capite
1080 1756 1239 1824 revocari

72 1868 186 1950 potest.
204 1863 479 1952 Responderunt
496 1868 532 1950 a)
548 1887 625 1933 cum
641 1863 777 1954 Cyrillo
791 1864 893 1934 Alex.
910 1864 1081 1932 Theseus.
1100 1861 1235 1932 XXXI.

74 1992 100 2057 p.
116 1968 191 2053 265,
210 1969 317 2038 uliud
339 1992 414 2038 esse
437 1971 668 2060 cognitionem
684 1971 935 2062 imperfectum,
954 1969 1052 2042 eliud
1075 1969 1236 2038 omnimo·

73 2075 139 2144 dem
161 2077 405 2168 ignoruntium
428 2078 485 2148 vel
515 2101 689 2167 errorem
716 2102 789 2148 esse
819 2079 1051 2169 cognitionem
1080 2083 1236 2146 nostram

73 2181 304 2273 inperfectam
327 2191 364 2254 et
381 2185 610 2255 nihilominus
627 2209 757 2276 verem3
776 2209 856 2255 nem
873 2187 906 2274 b)
922 2187 1062 2255 ciebunt
1078 2209 1155 2254 oum
1170 2186 1237 2254 Be-

74 2289 141 2357 silio
156 2300 274 2361 contr.
292 2292 440 2362 Eunom.
458 2293 488 2361 Ι.
506 2318 543 2362 ιι.
562 2294 617 2364 14.
635 2303 673 2364 et
687 2317 764 2386 epp.
783 2318 833 2364 cc.
849 2301 988 2386 praeter
1004 2294 1235 2383 cognitionem

72 2395 128 2464 Dei
148 2401 251 2467 utin
277 2421 314 2467 se
336 2407 412 2484 est,
438 2399 543 2468 ulium
563 2415 648 2470 'esse
677 2401 906 2492 multiplicem
928 2423 1070 2494 eumque
1093 2401 1259 2494 verimi-⁶

74 2527 148 2572 nem
162 2507 373 2597 supientiae,
393 2507 575 2577 creatricis
593 2510 769 2600 potentiue
784 2515 820 2578 et
834 2507 983 2578 eliorum
999 2508 1233 2582 invisibilium

75 2609 148 2696 eius,
161 2635 252 2706 quus
265 2635 286 2680 s
298 2619 461 2682 creature
472 2614 594 2684 mundi
605 2615 848 2706 intelligentes
863 2615 1113 2704 cognoscimus.
1133 2615 1233 2684 Herc

74 2725 173 2788 eutem
197 2726 229 2810 c)
254 2721 481 2812 perfectionis
497 2721 638 2792 divinae
654 2722 886 2812 cognitionem
909 2723 986 2790 ideo
1009 2743 1127 2789 verum
1143 2743 1229 2806 esse,

75 2825 220 2914 quonism
241 2849 314 2895 non
337 2827 546 2913 iudicemus,
561 2829 792 2919 perfectiones
807 2830 844 2898 in
857 2831 928 2899 Deo
943 2851 1018 2898 esse
1042 2829 1229 2898 secundum

74 2933 205 3020 nodum,
220 2957 291 3028 qno
312 2959 375 3004 nos
391 2958 449 3004 eas
465 2937 692 3028 concipimus:
711 2937 814 3006 immo
830 2937 1076 3029 intelligimus,
1092 2961 1114 3005 e
1128 2939 1228 3006 nobis

75 3060 121 3107 ees
141 3043 275 3136 concipi
298 3065 366 3112 non
394 3067 491 3134 posse
506 3045 694 3114 secundum
712 3045 887 3136 proprium
909 3046 1091 3132 rationem,
1112 3045 1229 3138 quein

74 3143 132 3215 lieo
142 3158 234 3220 sunt.
248 3149 432 3240 chrysost.
445 3152 959 3242 deincomprehens.hom.1.n.
971 3151 1005 3222 3.
1019 3151 1118 3222 Unde
1132 3150 1228 3238 din-

76 3253 225 3345 lerebent,
237 3259 364 3327 fulsum
386 3281 460 3328 esse
483 3260 714 3350 cognitionem
731 3260 1025 3330 Eunomienorum
1041 3283 1228 3353 eorumque

77 3365 220 3453 omnium,
248 3367 310 3459 qui
333 3367 532 3446 indicerent
561 3369 723 3458 cognosci
745 3389 768 3436 e
791 3391 827 3438 se
857 3369 1013 3437 divinem
1045 3368 1228 3458 perfectio-

76 3487 136 3536 cen
157 3481 197 3542 nt
218 3476 258 3542 in
281 3497 317 3544 ee
340 3481 405 3560 est,
432 3473 514 3566 quie
537 3476 737 3545 iudicarent
759 3499 833 3545 eum
856 3499 930 3546 esse
953 3477 1051 3545 modo
1074 3475 1136 3545 illo
1163 3477 1225 3544 im-

77 3577 220 3666 perfecto,
249 3603 316 3672 quo
339 3581 383 3652 eb
405 3583 456 3652 eis
479 3587 594 3672 potest
617 3581 763 3674 concipi;
790 3589 912 3652 contre
934 3605 1051 3651 verum
1075 3605 1149 3652 esse
1172 3605 1224 3652 co·

77 3829 100 3876 tl
114 3829 201 3887 emen
220 3849 267 3888 ιιι
288 3835 319 3888 in
337 3834 416 3908 Deo),
437 3837 607 3907 formaliter,
627 3841 673 3896 vel
693 3843 726 3892 ut
745 3841 874 3908 loquitur
891 3839 1005 3907 Susrez,
1021 3841 1223 3895 lornulissim'e

77 3919 111 3967 est
124 3917 302 3990 distinctum,
325 3939 387 3978 cum
405 3927 480 3980 rstio
500 3929 536 3980 ob
554 3937 637 3995 quem
662 3945 695 3982 eu
715 3943 761 3981 res
782 3932 827 3983 est
848 3933 878 3981 et
897 3929 1003 3982 dicitur
1026 3929 1185 3997 sepientis,
1208 3947 1225 3984 u

78 4003 143 4060 cobis
158 4012 332 4080 concipietur
349 4011 466 4069 diverse
481 4017 631 4084 erutione,
648 4018 682 4071 ob
697 4033 780 4084 quem
793 4020 839 4070 cst
849 4021 879 4070 et
889 4017 997 4070 dicitur
1008 4017 1134 4072 iustitie.
1147 4019 1223 4072 Haec

77 4105 129 4145 ιιιι
142 4102 229 4155 onn'ie
247 4103 336 4156 etiem
353 4105 561 4170 posterioribus
581 4107 657 4175 illis,
683 4121 754 4175 qnos
773 4108 996 4174 commemoravi,
1022 4123 1078 4160 non
1101 4110 1223 4174 possunt

78 4195 119 4236 ror
132 4191 247 4259 probem
266 4197 338 4260 puto
356 4210 423 4260 ergo
435 4197 509 4250 hunc
529 4198 612 4251 litem
630 4213 692 4252 esse
711 4199 745 4251 de
759 4213 789 4252 re
802 4199 867 4266 lpse
887 4198 999 4266 quidem
1017 4214 1052 4252 ex
1069 4215 1126 4252 une
1139 4203 1221 4266 perte

78 4277 324 4337 annominemus
335 4288 409 4339 etex
428 4291 511 4354 perte
530 4287 590 4340 elis
609 4303 670 4342 curu
690 4289 839 4344 nonnullis
851 4288 994 4358 Scotistis,
1011 4287 1044 4342 ds
1057 4287 1138 4342 modo
1152 4303 1221 4341 vero

81 4360 188 4430 lurensi
204 4374 295 4439 mgis
323 4389 406 4441 quum
436 4375 470 4429 dc
489 4393 520 4430 rs
544 4377 608 4444 ipse
631 4379 710 4432 inter
730 4380 816 4437 hosce¹
830 4377 977 4445 theologos
997 4379 1084 4433 initio
1102 4379 1217 4433 citatos.

80 4447 222 4514 ῦιιιιΙιίιι
238 4465 372 4531 vasquez
386 4465 463 4534 disp.
475 4467 537 4521 117.
550 4467 612 4521 119.

193 4570 347 4622 reomaus
794 4611 797 4618 .
1042 4575 1073 4626 11
