3360 5060
634 381 672 396 ..
694 349 754 411 705
775 382 813 396 .-

137 460 243 530 mites
265 457 391 550 igitur,
411 458 455 526 ad
479 478 581 549 quam
603 455 858 546 praedestinati
881 455 1060 538 dicuntur,
1078 477 1121 522 ex
1146 459 1310 522 contextu
1387 505 1390 510 -

135 567 212 658 ipso
236 565 365 656 duplex
389 571 443 634 est
465 586 526 632 seu
549 562 668 652 potius
683 561 826 651 triplex,
847 567 887 630 nt
902 562 991 630 fiant
1006 561 1194 650 conformes
1216 564 1310 628 eimi-

136 672 286 740 le'tndini
308 673 428 738 mortio
450 673 522 737 cino
546 668 795 758 compatiendo,
822 674 858 736 et
882 671 953 734 cine
975 669 1227 758 plorifioationc'
1249 691 1311 758 per

137 779 494 871 conglorificationem
517 777 576 848 hic
600 780 806 858 inchoatam,
831 776 908 846 illio
932 774 1235 844 consummandam.

205 887 382 954 Postremo
398 885 582 976 quaeritur
598 884 639 952 de
655 883 911 973 significatione
922 883 1190 974 plortflootiom'o
1204 909 1239 952 v.
1254 883 1309 968 30,

137 1001 257 1066 utrum
281 991 328 1061 eit
351 991 563 1082 glorificatio
587 993 760 1066 iustorum
783 991 821 1059 in
845 992 921 1060 vita
950 992 1096 1075 futura,
1123 1013 1169 1059 an
1192 992 1311 1082 potins

136 1099 349 1192 glorificatio
372 1099 409 1167 in
434 1099 512 1170 vita
534 1101 722 1191 praesenti,
749 1099 839 1190 quod
864 1101 1013 1168 alterum
1037 1097 1150 1190 aliqui
1166 1100 1312 1190 probare

137 1206 351 1276 contendunt
362 1229 403 1274 ex
415 1207 526 1274 forma
536 1206 858 1296 verbiqlorc'fioaoit
887 1200 1056 1292 (ἑδοξασε),
1091 1205 1192 1297 quasi
1218 1205 1307 1274 Pau·

137 1315 195 1386 lus
219 1314 383 1406 loquatur
400 1312 441 1380 de
458 1313 715 1402 glorificatione
738 1312 807 1380 iam
830 1314 927 1382 facta
949 1314 986 1380 in
1010 1313 1168 1382 omnibus
1189 1311 1308 1380 iustis.

137 1422 247 1514 quue
270 1421 384 1510 magis
408 1421 606 1490 confirmari
642 1426 757 1510 potest
786 1443 828 1488 ex
852 1444 915 1506 eo,
949 1421 1039 1512 quod
1073 1422 1166 1488 Dens
1198 1441 1313 1488 omnes

138 1549 225 1620 quos
248 1527 470 1612 iustificavit,
489 1527 593 1596 etiam
614 1527 831 1617 glorificasse
854 1528 924 1598 dici
948 1529 1108 1615 videtnr3
1136 1527 1199 1595 hoc
1223 1513 1314 1594 enim

138 1635 249 1704 solum
274 1636 316 1704 de
339 1637 514 1726 praesenti
538 1637 653 1726 gloria
675 1636 884 1726 adoptionis,
907 1635 1141 1706 inhabitantis
1158 1633 1315 1724 Spiritus

137 1742 271 1825 Sancti,
291 1741 540 1812 charismatum
563 1748 644 1827 etc„
662 1765 731 1810 non
754 1749 869 1812 autem
894 1745 935 1812 de
963 1745 1085 1812 futura
1108 1741 1224 1830 gloria
1240 1742 1313 1808 bea

138 1849 305 1935 titudinis
329 1871 449 1918 verum
466 1855 531 1918 eet.
553 1849 810 1918 oGlcrifioavit
827 1873 886 1940 per
903 1849 1067 1940 gratiam,
1087 1871 1148 1940 per
1163 1846 1314 1938 adoptio-

138 1977 227 2038 nem,
240 1981 256 2016 e
271 1953 389 2046 iuquit
405 1953 674 2044 Chryeoetomus
686 1955 777 2022 hom.
792 1955 872 2024 XV.
888 1957 959 2024 n.2.
977 1956 1107 2024 Eodem
1123 1952 1222 2022 modo
1238 1976 1314 2021 cum

136 2060 218 2128 aliis
235 2060 472 2132 Theodoretus
489 2065 526 2132 in
543 2064 578 2132 h.
596 2063 637 2132 l.:
655 2093 671 2128 o
687 2065 897 2134 iustificatos
913 2063 1130 2154 glorificavit
1146 2062 1240 2130 filios
1257 2083 1315 2144 no·-

138 2172 293 2257 minaus,
319 2178 355 2240 et
385 2172 542 2264 Spiritus
566 2173 686 2242 Sancti
719 2173 770 2241 eis
794 2174 880 2242 dans
909 2172 1075 2262 gratiam.
1092 2198 1108 2232 n
1126 2171 1177 2238 lte
1199 2177 1316 2238 tamen

138 2301 223 2350 vera
246 2280 339 2350 sicut
362 2281 587 2350 conformitas
609 2306 685 2352 cum
708 2281 802 2350 Filio
825 2283 901 2366 Dei,
921 2283 1024 2352 itaet
1040 2279 1251 2369 glorificatio
1274 2299 1316 2345 ax

139 2394 304 2459 contextu
328 2390 440 2458 totius
464 2390 591 2481 capitis
607 2392 651 2460 ad
668 2399 880 2480 praesentem
905 2391 1042 2482 quidem
1061 2389 1171 2456 vitem
1194 2387 1313 2469 etiam,

139 2497 199 2566 sed
222 2496 326 2564 simul
341 2497 386 2564 ad
402 2498 749 2588 futuram-pertinere
765 2499 919 2582 videtur,
938 2503 980 2565 ut
1003 2496 1067 2564 alii
1090 2493 1310 2582 intelligunt.

139 2603 205 2674 Cui
228 2604 512 2698 interpretationi
536 2607 648 2674 forma
669 2606 835 2696 temporis
857 2604 982 2676 coristi
997 2603 1089 2671 nihil
1101 2603 1208 2670 obest.
1234 2599 1316 2667 Con-

140 2711 275 2780 iunctio
299 2733 381 2780 vero
413 2711 682 2800 glorificationis
707 2737 784 2784 cum
816 2712 1082 2781 iustificatione:
1115 2737 1130 2772 o
1157 2729 1243 2798 quos
1266 2706 1316 2774 iu·

139 2817 322 2904 stificavit,
341 2819 404 2887 hos
427 2825 463 2888 et
477 2819 706 2909 glorificavit,
723 2847 739 2882 n
758 2820 869 2889 solum
885 2819 1031 2902 iudicat,
1050 2839 1118 2909 quo
1132 2838 1194 2906 per
1221 2837 1258 2882 sa
1280 2821 1316 2884 et

139 2950 180 2996 ex
197 2925 389 2996 intentione
411 2927 477 2996 Dei
500 2929 677 3018 pertineat
692 2928 910 3011 iustificatio,
930 2924 1113 2995 dummodo
1129 2924 1166 2992 in
1182 2944 1223 2990 ea
1238 2943 1313 3012 per·

139 3040 330 3104 novaretur.
357 3033 505 3124 Insuper
529 3057 639 3104 sermo
662 3032 721 3103 hio
743 3041 799 3102 est
821 3034 863 3103 de
885 3034 942 3118 iis,
969 3033 1031 3124 qui
1054 3029 1197 3099 suntin
1221 3049 1316 3118 prae·

139 3142 288 3214 scientia
317 3142 383 3210 Dei
415 3143 667 3232 praedestinati
691 3142 736 3210 ad
759 3139 1037 3212 conformitatem
1068 3161 1146 3208 cum
1176 3135 1317 3205 Christo

139 3272 208 3320 non
232 3250 343 3318 solnm
366 3248 576 3333 inchoatam,
603 3250 662 3318 sed
686 3247 882 3318 inchoatam
910 3254 946 3315 et
969 3246 1172 3336 completam
1196 3241 1313 3328 simul,

139 3357 177 3426 in
200 3355 327 3448 quibus
349 3355 556 3425 iustificatio
581 3356 701 3447 utique
725 3353 886 3424 cohaeret
901 3375 978 3422 oum
995 3350 1251 3443 glorificatione
1266 3355 1315 3420 et·

139 3464 209 3533 iam
232 3463 269 3531 in
297 3463 374 3532 vite
400 3469 553 3532 aeterna.

209 3571 244 3657 h)
258 3570 361 3642 Nunc
376 3569 639 3660 praeoccupatis
662 3567 941 3652 difficultatibus,
960 3590 1047 3659 qnae
1070 3590 1112 3636 ex
1135 3563 1317 3634 locutioni-

140 3681 205 3752 bus
221 3677 374 3768 singulis
396 3678 483 3746 oriri
506 3677 715 3768 potuissent,
732 3675 845 3746 totius
860 3676 1053 3744 sententiae
1069 3670 1316 3761 interpretatio

140 3784 376 3878 consequitur.
398 3782 565 3854 oScimus
598 3790 726 3868 autem,
753 3783 914 3874 qnoniam
943 3779 1174 3868 diligentibus
1205 3777 1316 3844 Deum

139 3891 256 3962 omnia
278 3897 508 3984 cooperantur
531 3891 568 3958 in
592 3893 727 3976 bonum,
746 3890 791 3958 iis
819 3887 880 3980 qui
895 3885 1083 3956 secundum
1099 3882 1317 3974 propositum

139 4000 257 4074 vocati
281 4006 364 4070 sunt
387 3998 500 4070 sancti
513 4026 530 4061 n
556 4025 592 4070 v.
611 3999 667 4068 28.
695 3997 895 4067 Subiectum
919 3995 961 4064 de
985 4015 1052 4084 qno
1068 3991 1203 4083 aliquid
1226 3989 1317 4060 affir-
1363 4077 1368 4086 Ι

139 4114 276 4194 matur,
302 4115 386 4178 sunt
412 4108 563 4177 avocati
593 4105 782 4177 secundum
816 4100 1030 4196 propositum
1061 4105 1097 4168 et
1125 4097 1317 4189 diligentes

138 4217 307 4304 Deum3n
333 4213 572 4305 praedicatum
595 4213 685 4305 quod
708 4213 750 4282 do
774 4211 819 4280 iis
846 4209 1062 4290 affirmatur,
1089 4210 1143 4275 est
1166 4205 1317 4274 omnium

140 4329 329 4394 eventuum
352 4321 547 4412 cooperatio
576 4320 614 4390 in
637 4321 761 4390 bonnm
792 4318 963 4408 ipsorum
989 4312 1195 4382 nominatim
1226 4312 1317 4404 quod

141 4429 257 4501 omnia
280 4419 428 4498 adversa
450 4427 507 4512 (de
522 4425 579 4496 his
595 4426 687 4496 enim
710 4423 869 4496 adversis
892 4443 1002 4491 sermo
1025 4424 1103 4488 erat
1125 4418 1162 4487 in
1186 4423 1320 4486 anteco·

285 4551 439 4604 Francclin
1132 4541 1168 4594 to
