3280 5070
397 353 402 364 .
525 378 562 393 -
583 344 645 407 559
664 375 702 392 -

34 455 179 543 agimus
201 453 244 522 ds
265 452 504 541 reprobatione
527 475 549 517 a
576 452 699 540 pretio
729 451 867 538 csfioooi
888 450 942 517 cel
972 474 1145 540 conpr-ua,
1170 459 1211 520 ut

35 559 197 650 theologi
220 558 278 627 illi
302 558 514 650 loquuntur:
540 558 610 626 nisi
635 561 807 649 quatenus
829 578 868 626 eo
892 558 979 645 ipso,
999 557 1090 648 qnod
1106 579 1209 648 nega-

37 689 115 736 mus
141 665 242 734 illum
265 665 421 735 ordinem
444 667 488 732 ab
510 665 598 755 ipsis
622 670 794 734 assertum
825 663 1063 733 antecedentis
1094 687 1210 755 repro·

37 773 193 842 bationis
214 793 237 839 a
260 772 386 862 gloria,
412 772 520 840 etiam
542 771 759 841 excludimus
782 793 900 839 sorum
916 769 1125 856 doctrinam,
1143 792 1212 862 qua

37 880 256 950 contendunt
271 879 545 970 reprobationem
561 901 582 946 a
597 879 717 969 gratia
727 899 801 948 esse
815 877 969 966 affectam
984 877 1213 946 antecedentis

36 989 295 1078 reprobationis
318 1012 340 1053 o
362 987 491 1076 plorio.

104 1093 330 1184 Argumenta
341 1092 507 1182 specialia
522 1093 816 1177 adversariorum,
832 1093 960 1184 quibus
971 1093 1119 1186 probant
1134 1091 1210 1160 nul·

37 1201 106 1268 lam
133 1201 172 1268 in
196 1200 395 1270 hominibus
418 1223 493 1270 esse
516 1222 654 1268 censam
670 1199 925 1289 reprobationis
941 1199 1139 1290 negativae,
1157 1221 1211 1268 re·

39 1314 213 1376 vocantur
229 1310 348 1396 (penes
364 1307 495 1376 Sunren
507 1314 544 1376 et
555 1306 682 1394 (louet)
698 1305 892 1375 adtentum
908 1305 1007 1374 Rom.
1022 1304 1207 1375 Ix.12.1s.

37 1415 100 1501 (de
125 1436 196 1506 quo
219 1413 306 1482 alibi
329 1414 525 1499 dicemus),
550 1419 587 1482 et
608 1413 653 1482 ad
675 1434 775 1503 saepe
798 1413 981 1504 repetitam
1004 1411 1210 1481 sententiam

37 1521 250 1610 Augustini,
277 1543 313 1589 sc
335 1520 509 1611 ignorare,
528 1544 591 1590 cur
606 1522 701 1590 Deus
716 1521 809 1590 hunc
830 1520 953 1590 trahet
967 1527 1004 1588 et
1019 1519 1127 1588 alium
1142 1542 1211 1589 non

37 1627 176 1696 trahat.
202 1627 254 1694 At
277 1627 362 1696 hacc
385 1632 421 1694 et
443 1627 500 1694 his
522 1627 654 1696 similia
675 1633 816 1717 possent
839 1629 930 1696 forte
953 1627 1118 1717 probare,
1143 1649 1212 1696 non

39 1757 111 1803 esse
136 1735 177 1804 in
200 1736 338 1804 homine
360 1756 501 1803 causam
523 1736 789 1824 reprobationis,
814 1744 855 1804 ut
878 1735 948 1825 ipsi
970 1733 1163 1823 appellant,
1190 1759 1213 1800 α

38 1845 163 1932 pretio
186 1842 324 1932 efficaci
345 1842 397 1908 cel
420 1864 583 1934 copprea,
608 1841 651 1911 de
673 1865 742 1936 qua
765 1842 868 1932 longe
891 1843 1033 1912 diversa
1054 1849 1111 1912 est
1133 1866 1211 1913 con·

39 1951 230 2020 sideratio:
256 1948 316 2018 sed
339 1957 432 2019 certe
455 1949 674 2020 nullomodo
697 1951 846 2020 suadent
862 1950 1132 2020 antecedentem
1160 1971 1211 2018 re·

40 2058 278 2146 probationem
299 2057 500 2147 negativam
524 2081 547 2122 o
568 2057 707 2146 plorio,
739 2077 827 2148 quae
857 2057 905 2125 sit
935 2057 1010 2124 sine
1040 2079 1147 2126 causa
1169 2079 1212 2125 ex

39 2171 138 2255 parte
163 2165 360 2251 hominnm
378 2187 488 2256 neque
502 2165 650 2234 suadent
664 2164 754 2233 hanc
769 2164 1045 2253 reprobationem
1059 2185 1081 2231 a
1097 2163 1213 2254 gloria

40 2296 113 2342 esse
137 2293 281 2342 causam
303 2272 558 2362 reprobationis
581 2293 603 2339 a
625 2272 744 2362 gratia
766 2271 907 2340 efficaci.
934 2271 1042 2341 Immo
1058 2271 1123 2340 illa
1137 2273 1210 2341 Au·

41 2381 180 2470 gustini
203 2401 304 2468 saepe
327 2380 478 2469 repetita
500 2378 676 2448 sententia
698 2378 902 2468 suppeditat
923 2401 1030 2448 unum
1050 2401 1092 2447 ex
1108 2401 1211 2469 argu·

43 2489 189 2573 mentis,
215 2489 342 2579 quibus
365 2487 596 2556 demonstrari
620 2491 753 2576 potest,
779 2487 997 2576 negationem
1021 2486 1211 2576 praedesti·

43 2597 197 2666 nationis
227 2595 272 2663 ad
302 2595 451 2685 gloriam
474 2616 515 2662 en
540 2593 722 2664 voluntate
745 2594 810 2662 Dei
833 2595 1056 2664 antecedente
1079 2599 1116 2663 et
1139 2594 1213 2663 sine

44 2725 148 2772 causa
172 2725 215 2772 ex
239 2708 339 2792 perte
362 2701 537 2770 hominum
562 2698 598 2768 S.
624 2702 768 2771 Doctori
790 2723 976 2794 numquam
999 2701 1037 2768 in
1067 2704 1213 2769 mentem

44 2811 194 2879 venisse.
221 2809 292 2892 Qui
314 2810 405 2879 enim
430 2833 507 2878 cum
530 2809 611 2878 istis
633 2809 806 2900 theologis
829 2813 956 2899 putat,
994 2807 1213 2898 negationem

45 2920 182 3006 gratim
205 2917 353 2986 efficacis
376 2940 437 2986 sen
453 2938 625 3006 congruae
641 2939 715 2985 esse
730 2919 894 2986 effectum
910 2915 1146 2985 antecedentis
1161 2938 1211 2982 ro-

44 3027 260 3112 proboticnio
282 3027 442 3115 nepetino
463 3047 524 3093 sen
547 3049 615 3092 noa
638 3025 812 3091 electionis
834 3022 880 3090 ad
901 3024 1066 3114 ploricou
1080 3023 1112 3090 is
1136 3044 1213 3112 pro·

46 3133 133 3202 lecto
157 3131 273 3201 dicere
296 3154 364 3200 non
387 3137 514 3222 potest,
540 3153 577 3200 se
600 3131 782 3222 ignorare,
797 3155 860 3200 cun
874 3131 968 3200 Dens
983 3131 1078 3200 hunc
1092 3129 1215 3200 trahat

47 3239 196 3308 stillum
211 3262 279 3307 non
295 3238 418 3306 trahat
432 3238 497 3322 ita,
517 3245 557 3309 ut
572 3239 676 3308 etiam
692 3261 731 3307 eo
748 3238 942 3328 perveniat,
957 3261 1024 3330 quo
1039 3237 1212 3307 trahitnrr

47 3347 183 3439 inipso
205 3348 332 3439 qnippe
361 3347 587 3417 antecedente
616 3373 684 3416 coo
715 3347 875 3416 electione
905 3347 951 3414 ool
972 3350 1079 3415 vitem
1109 3367 1215 3416 causa

48 3461 97 3522 cst
118 3453 276 3538 evidens,
303 3477 366 3523 cur
389 3455 483 3523 Deus
507 3477 575 3522 non
598 3455 668 3540 det,
693 3454 796 3522 immo
812 3453 897 3546 quin
912 3477 949 3524 se
965 3454 1080 3544 ipsum
1095 3456 1212 3543 neget,

48 3559 126 3629 dare
140 3583 211 3629 nou
226 3561 339 3650 possit
354 3561 519 3650 gratiam,
538 3583 685 3652 quacum
701 3561 884 3651 praevidet
899 3553 1118 3630 coniunctam
1141 3561 1216 3628 iore

50 3667 320 3738 consecutionem
344 3667 483 3738 saluus.
507 3669 717 3758 Mysterium
740 3668 970 3738 inscrutabile
994 3669 1063 3758 ipsi
1086 3691 1154 3736 non
1178 3668 1215 3735 in

52 3775 295 3848 distributione
318 3777 460 3848 diversa
481 3779 679 3868 gratiarum
694 3778 847 3870 reperire
862 3785 1022 3868 possunt,
1041 3777 1101 3846 ssd
1114 3775 1216 3844 unice

52 3881 270 3954 inabsoluta
284 3885 471 3975 negatione
495 3885 720 3956 antecedente
746 3880 928 3953 electionis
956 3885 1001 3952 ad
1028 3883 1139 3952 vitam
1161 3903 1218 3950 as·

53 3993 204 4076 ternam,
230 3992 291 4060 ubi
313 4015 377 4061 uos
399 3993 613 4062 ostendimus
636 4013 711 4061 esse
734 3989 1042 4061 contradictionem
1071 3989 1213 4058 manife-

55 4101 136 4164 stam
152 4119 231 4168 cum
246 4097 431 4168 voluntate
454 4099 679 4168 antecedente
704 4097 832 4166 salutis
856 4097 1007 4166 omnium
1026 4095 1216 4166 hominum.

56 4201 272 4294 Augustinus
296 4213 417 4276 contra
440 4205 560 4276 ordine
583 4206 723 4276 inverso
746 4204 902 4295 procedit
924 4204 962 4272 in
986 4203 1145 4273 omnibus
1167 4203 1217 4272 lo·

57 4307 113 4392 cis,
138 4313 265 4404 quibus
287 4313 437 4382 miratur
459 4311 684 4382 altitudinem
706 4310 990 4381 inscrutabilium
1006 4311 1216 4382 iudiciorum

58 4412 125 4484 Ilei.
150 4418 210 4488 Sic
231 4441 262 4489 e.
288 4444 325 4509 g.
356 4419 398 4490 ds
419 4419 575 4510 Corrept.
600 4426 636 4489 et
657 4425 751 4509 grat.
768 4443 804 4489 n.
824 4418 878 4488 16.
897 4420 952 4489 17.
977 4419 1021 4488 ad
1044 4417 1215 4511 quaestio·
1250 4431 1252 4440 ’
