3280 5070
574 384 611 400 ..
632 351 693 414 595
714 384 751 400 .-

74 455 626 547 nosmeinviesalutiscgrctia
636 463 673 528 et
684 455 925 526 misericordia
933 455 1010 542 Dei,
1021 462 1096 525 tum
1107 457 1246 527 univer·

73 568 205 638 salitas
221 565 418 636 voluntatis
434 565 671 636 antecedentis
686 571 729 635 ut
743 587 859 634 omnes
873 564 1028 636 homines
1040 566 1133 636 salvi
1145 567 1244 653 fiant,

72 681 184 769 atque
215 673 467 746 universalitas
494 672 742 764 redemptionis
764 694 805 741 ac
828 671 1064 744 restitutionis
1094 675 1247 744 omnium

71 783 256 852 homiuum
279 781 324 850 ad
348 779 615 872 possibilitatem
642 779 781 850 salutis.
808 779 1003 850 Veritatem
1035 801 1139 850 unam
1169 803 1246 852 cum

71 891 192 960 altera
215 889 278 959 SS.
297 890 422 958 Patres
446 893 665 978 componunt,
684 909 753 956 uon
767 892 885 956 autem
908 888 964 956 fas
987 893 1041 958 est
1064 911 1167 958 uuam
1190 889 1246 958 ds·

71 998 220 1068 fondere
235 997 298 1083 ita,
318 1002 360 1066 ut
374 995 488 1065 altera
502 999 652 1085 negetur
668 993 725 1064 vel
741 993 778 1062 in
793 992 980 1064 discrimen
998 999 1154 1066 vocetur.

522 1235 728 1292 AB'HOULUS
746 1237 801 1291 111.

184 1367 228 1418 De
239 1361 501 1431 praedestinatione
519 1361 557 1414 ad
574 1361 698 1430 pieriam
712 1377 765 1428 per
782 1377 810 1414 se
827 1368 853 1414 et
871 1377 990 1416 esoresm
1007 1371 1140 1429 spectato.

543 1542 686 1604 THESIS
707 1543 790 1606 LIX.

318 1678 516 1740 Adnitar-nm
535 1677 793 1755 praedestinatio
809 1677 853 1737 ad
866 1681 1007 1755 pluriam

126 1796 189 1857 per
213 1795 245 1840 ee
270 1783 415 1856 spectato
438 1784 484 1836 est
505 1777 686 1836 voluntatis
705 1777 930 1853 consequentis
946 1780 1186 1853 praevisionem

397 1877 587 1936 meritorum
607 1875 922 1950 ssepernatnrolinm.

145 2057 201 2112 afli
220 2055 382 2112 adulterum
404 2055 630 2125 praedestinatio
649 2055 685 2112 sd
703 2055 824 2122 pluriam
843 2070 895 2122 per
914 2069 975 2110 sese
994 2061 1025 2110 et
1043 2059 1161 2114 seorsim
1183 2075 1245 2128 spe-

72 2170 88 2198 »
102 2151 209 2214 stetur,
224 2161 258 2201 ex
274 2145 433 2214 Scripturis
451 2145 609 2212 colligitur,
624 2148 654 2198 et
671 2159 707 2197 ex
720 2159 816 2198 eorum
828 2145 955 2211 Petrum,
971 2146 1021 2212 qui
1041 2145 1075 2198 de
1095 2147 1147 2200 hec
1165 2163 1245 2216 prec-

72 2258 88 2287 s
103 2236 301 2290 destinatione
319 2233 355 2289 ed
375 2233 496 2300 gloriam
517 2233 693 2288 luculentius
705 2233 892 2301 scripserunt,
906 2233 1015 2288 diserta
1034 2233 1164 2290 doctriua
1183 2251 1243 2304 per·

74 2349 89 2376 s
106 2325 255 2393 suadetur,
270 2339 331 2380 een
351 2338 409 2378 non
427 2324 575 2378 absolutae
595 2323 648 2377 Dei
668 2325 812 2376 eatmstoti
830 2323 1013 2388 antecedenti,
1035 2324 1084 2378 sed
1104 2327 1246 2380 calamati

73 2439 88 2466 ι
103 2415 286 2484 eomepuenti
297 2414 504 2482 praeeisionem
521 2414 680 2467 meritorum
697 2413 810 2480 pratiae
826 2412 919 2468 tribul
936 2416 1100 2481 oportere.»

142 2611 285 2682 Veritas
314 2609 499 2681 enuntias
521 2607 559 2678 in
582 2607 648 2680 hac
677 2607 771 2678 thesi
800 2609 1000 2680 continetur
1028 2609 1097 2678 iem
1120 2610 1158 2680 in
1182 2611 1239 2697 iis,

73 2743 164 2814 quac
186 2718 367 2810 hucusque
389 2717 626 2786 demonstrata
652 2721 747 2802 suut,
773 2721 809 2786 et
830 2715 1035 2786 nominatim
1058 2716 1095 2786 in
1118 2717 1244 2788 funda·

77 2826 224 2898 mentali
254 2824 451 2917 principio,
483 2823 573 2916 quod
603 2823 918 2896 demonstravimus
947 2823 985 2894 in
1011 2823 1105 2895 thesi
1127 2825 1241 2895 LVH.

74 2933 315 3006 Nihilominus
342 2938 484 3024 propter
507 2932 560 3001 rei
583 2931 816 3022 gravitatem,
842 2937 878 3000 et
899 2932 982 3024 quia
1009 2937 1084 3004 totu
1109 2938 1243 3002 coutro-

75 3042 195 3116 versia
209 3041 252 3112 de
266 3040 583 3133 praedestinatione
599 3039 643 3110 ad
658 3039 748 3110 hanc
771 3041 928 3124 formem,
946 3039 991 3108 ad
1007 3040 1243 3133 quaestionem

75 3151 215 3224 scillcet
237 3150 278 3220 de
299 3149 419 3218 ordine
441 3153 533 3217 inter
549 3147 898 3239 praedestinationem
914 3146 960 3216 ad
974 3149 1124 3240 pieriam
1139 3157 1175 3220 et
1191 3151 1243 3216 in·

78 3275 129 3328 ter
146 3260 398 3350 praevisionem
412 3280 452 3325 ao
461 3254 814 3346 praedestinationem
827 3258 1024 3322 meritorum
1042 3271 1242 3346 supernota-

74 3367 206 3436 raiiam
227 3363 399 3437 commode
421 3366 619 3450 revocatum
645 3361 856 3453 specialibus
877 3361 1098 3453 argumentis
1120 3363 1241 3454 proba

75 3477 209 3556 bimus,
241 3470 593 3564 praedestinationem
620 3471 665 3542 sd
692 3468 841 3561 gloriam
867 3493 937 3542 nou
959 3471 1161 3542 autecedore
1183 3471 1243 3540 ssd

76 3579 243 3674 subsequi
258 3578 511 3672 praevisionem
527 3577 729 3648 meritorum
745 3577 897 3668 pretias.

141 3689 173 3759 1.
198 3687 290 3758 Sunt
311 3687 349 3758 in
372 3685 569 3778 Scriptnris
591 3685 726 3778 aliquot
748 3684 928 3758 doctrinae
951 3687 1080 3777 capita,
1099 3686 1241 3778 quibus·

75 3821 153 3868 oum
177 3796 329 3866 omnium
353 3793 598 3866 salvandorum
621 3793 894 3884 praedestinatio
917 3793 1122 3864 antecedens
1143 3813 1241 3883 prae·

75 3903 244 3976 visionem
265 3901 466 3972 meritorum
483 3899 816 3992 supernaturalium,
834 3922 922 3993 quae
945 3899 990 3968 ad
1013 3898 1141 3970 salutis
1164 3921 1241 3968 ocu·

74 4009 283 4081 secutiousm
307 4009 345 4080 in
367 4007 442 4080 illis
464 4008 707 4100 requiruntur,
730 4006 911 4078 conciliari
934 4029 1002 4075 non
1025 4027 1123 4098 posse
1150 4005 1241 4076 vide

74 4125 148 4188 tur.
165 4117 295 4188 Contra
318 4139 403 4186 voro
424 4138 466 4186 ex
489 4115 616 4186 eisdem
640 4114 817 4186 doctrinae
841 4114 1016 4206 capitibus
1030 4135 1241 4207 consequeus

74 4231 151 4312 est,
180 4225 291 4296 Deum
322 4223 470 4295 salutem
500 4229 699 4310 aeternam,
734 4243 836 4315 quam
862 4222 900 4290 in
925 4229 1077 4312 tempore
1106 4223 1243 4292 confert

75 4339 215 4426 propter
237 4330 522 4423 supernaturalia
547 4331 691 4417 merita,
716 4331 821 4400 ctiam
843 4329 888 4398 ab
910 4335 1051 4399 aeterno
1080 4329 1242 4399 absoluta

75 4441 256 4513 voluntate
281 4441 438 4510 couicrre
462 4461 529 4510 nou
553 4438 708 4511 voluisse
732 4437 869 4508 nisiex
891 4438 1028 4508 meritis
1054 4437 1238 4529 praevisis.
