<?xml version="1.0" encoding="UTF-8"?>
<!DOCTYPE html PUBLIC "-//W3C//DTD XHTML 1.0 Transitional//EN"
    "http://www.w3.org/TR/xhtml1/DTD/xhtml1-transitional.dtd">
<html xmlns="http://www.w3.org/1999/xhtml" xml:lang="en" lang="en">
 <head>
  <title>
</title>
<meta http-equiv="Content-Type" content="text/html;charset=utf-8" />
  <meta name='ocr-system' content='tesseract 3.04.00' />
  <meta name='ocr-capabilities' content='ocr_page ocr_carea ocr_par ocr_line ocrx_word'/>
</head>
<body>
  <div class='ocr_page' id='page_1' title='image "./ioannisbaptfran01frangoog_0526.png"; bbox 0 0 3424 5076; ppageno 0'>
   <div class='ocr_carea' id='block_1_1' title="bbox 123 420 1297 615">
    <p class='ocr_par' dir='ltr' id='par_1_1' title="bbox 123 420 1297 615">
     <span class='ocr_line' id='line_1_1' title="bbox 622 420 801 486; baseline 0 -16"><span class='ocrx_word' id='word_1_1' title='bbox 622 452 661 470; x_wconf 94' lang='grc'><strong>..</strong></span> <span class='ocrx_word' id='word_1_2' title='bbox 681 420 743 486; x_wconf 79' lang='lat'><strong>509</strong></span> <span class='ocrx_word' id='word_1_3' title='bbox 763 455 801 470; x_wconf 86' lang='lat'><em>-</em></span> 
     </span>
     <span class='ocr_line' id='line_1_2' title="bbox 123 523 1297 615; baseline 0.003 -22"><span class='ocrx_word' id='word_1_4' title='bbox 123 523 245 593; x_wconf 85' lang='lat' dir='ltr'><strong>salvos</strong></span> <span class='ocrx_word' id='word_1_5' title='bbox 268 524 347 594; x_wconf 87' lang='lat' dir='ltr'><strong>fieri</strong></span> <span class='ocrx_word' id='word_1_6' title='bbox 361 547 429 594; x_wconf 87' lang='lat' dir='ltr'><strong>non</strong></span> <span class='ocrx_word' id='word_1_7' title='bbox 445 524 499 594; x_wconf 87' lang='lat' dir='ltr'><strong>ita</strong></span> <span class='ocrx_word' id='word_1_8' title='bbox 512 531 640 613; x_wconf 86' lang='lat' dir='ltr'><strong>tamen,</strong></span> <span class='ocrx_word' id='word_1_9' title='bbox 662 533 703 596; x_wconf 87' lang='lat' dir='ltr'><strong>ut</strong></span> <span class='ocrx_word' id='word_1_10' title='bbox 717 528 769 598; x_wconf 90' lang='lat' dir='ltr'><strong>eis</strong></span> <span class='ocrx_word' id='word_1_11' title='bbox 783 527 917 598; x_wconf 87' lang='lat' dir='ltr'><strong>adimat</strong></span> <span class='ocrx_word' id='word_1_12' title='bbox 931 528 1081 599; x_wconf 87' lang='lat' dir='ltr'><strong>liberum</strong></span> <span class='ocrx_word' id='word_1_13' title='bbox 1096 527 1297 615; x_wconf 74' lang='lat' dir='ltr'><strong>arbitrium,</strong></span> 
     </span>
    </p>
   </div>
   <div class='ocr_carea' id='block_1_2' title="bbox 120 633 1299 826">
    <p class='ocr_par' dir='ltr' id='par_1_2' title="bbox 120 633 1299 826">
     <span class='ocr_line' id='line_1_3' title="bbox 123 633 1297 727; baseline 0.004 -26"><span class='ocrx_word' id='word_1_14' title='bbox 123 655 193 724; x_wconf 88' lang='lat' dir='ltr'><strong>quo</strong></span> <span class='ocrx_word' id='word_1_15' title='bbox 205 633 290 703; x_wconf 85' lang='lat' dir='ltr'><strong>bene</strong></span> <span class='ocrx_word' id='word_1_16' title='bbox 301 633 360 702; x_wconf 91' lang='lat' dir='ltr'><strong>vel</strong></span> <span class='ocrx_word' id='word_1_17' title='bbox 375 633 465 702; x_wconf 89' lang='lat' dir='ltr'><strong>male</strong></span> <span class='ocrx_word' id='word_1_18' title='bbox 476 640 615 704; x_wconf 85' lang='lat' dir='ltr'><strong>utentes</strong></span> <span class='ocrx_word' id='word_1_19' title='bbox 629 636 822 705; x_wconf 87' lang='lat' dir='ltr'><strong>iustissime</strong></span> <span class='ocrx_word' id='word_1_20' title='bbox 837 637 1038 707; x_wconf 91' lang='lat' dir='ltr'><strong>iudicentur</strong></span> <span class='ocrx_word' id='word_1_21' title='bbox 1051 636 1131 727; x_wconf 82' lang='lat' dir='ltr'><strong>(Sp.</strong></span> <span class='ocrx_word' id='word_1_22' title='bbox 1145 642 1182 706; x_wconf 88' lang='lat' dir='ltr'><strong>et</strong></span> <span class='ocrx_word' id='word_1_23' title='bbox 1192 637 1297 722; x_wconf 77' lang='lat' dir='ltr'><strong>litt).</strong></span> 
     </span>
     <span class='ocr_line' id='line_1_4' title="bbox 120 737 1299 826; baseline 0.003 -20"><span class='ocrx_word' id='word_1_24' title='bbox 120 737 255 806; x_wconf 82' lang='lat' dir='ltr'><strong>Valens</strong></span> <span class='ocrx_word' id='word_1_25' title='bbox 267 743 382 807; x_wconf 84' lang='lat' dir='ltr'><strong>autern</strong></span> <span class='ocrx_word' id='word_1_26' title='bbox 395 739 431 807; x_wconf 76' lang='lat'><strong>2⁰</strong></span> <span class='ocrx_word' id='word_1_27' title='bbox 446 739 499 807; x_wconf 87' lang='lat' dir='ltr'><strong>ite</strong></span> <span class='ocrx_word' id='word_1_28' title='bbox 515 761 632 810; x_wconf 87' lang='lat' dir='ltr'><strong>omnes</strong></span> <span class='ocrx_word' id='word_1_29' title='bbox 648 741 766 810; x_wconf 87' lang='lat' dir='ltr'><strong>salvos</strong></span> <span class='ocrx_word' id='word_1_30' title='bbox 783 741 872 826; x_wconf 88' lang='lat' dir='ltr'><strong>fieri,</strong></span> <span class='ocrx_word' id='word_1_31' title='bbox 890 763 953 810; x_wconf 89' lang='lat' dir='ltr'><strong>nos</strong></span> <span class='ocrx_word' id='word_1_32' title='bbox 968 741 1067 811; x_wconf 89' lang='lat' dir='ltr'><strong>iubet</strong></span> <span class='ocrx_word' id='word_1_33' title='bbox 1078 739 1171 812; x_wconf 88' lang='lat' dir='ltr'><strong>velle</strong></span> <span class='ocrx_word' id='word_1_34' title='bbox 1183 763 1299 810; x_wconf 91' lang='lat' dir='ltr'><strong>omnes</strong></span> 
     </span>
    </p>
   </div>
   <div class='ocr_carea' id='block_1_3' title="bbox 116 845 1299 1156">
    <p class='ocr_par' dir='ltr' id='par_1_3' title="bbox 116 845 1299 1156">
     <span class='ocr_line' id='line_1_5' title="bbox 119 845 1299 937; baseline 0.001 -23"><span class='ocrx_word' id='word_1_35' title='bbox 119 845 241 914; x_wconf 85' lang='lat' dir='ltr'><strong>salvos</strong></span> <span class='ocrx_word' id='word_1_36' title='bbox 264 845 354 931; x_wconf 86' lang='lat' dir='ltr'><strong>ficri,</strong></span> <span class='ocrx_word' id='word_1_37' title='bbox 373 851 411 916; x_wconf 88' lang='lat' dir='ltr'><strong>et</strong></span> <span class='ocrx_word' id='word_1_38' title='bbox 426 845 489 915; x_wconf 92' lang='lat' dir='ltr'><strong>hoc</strong></span> <span class='ocrx_word' id='word_1_39' title='bbox 504 847 541 915; x_wconf 91' lang='lat' dir='ltr'><strong>in</strong></span> <span class='ocrx_word' id='word_1_40' title='bbox 558 847 658 916; x_wconf 89' lang='lat' dir='ltr'><strong>nobis</strong></span> <span class='ocrx_word' id='word_1_41' title='bbox 674 853 839 937; x_wconf 87' lang='lat' dir='ltr'><strong>operatur</strong></span> <span class='ocrx_word' id='word_1_42' title='bbox 855 848 1083 918; x_wconf 84' lang='lat' dir='ltr'><strong>diffundendo</strong></span> <span class='ocrx_word' id='word_1_43' title='bbox 1098 849 1202 916; x_wconf 86' lang='lat' dir='ltr'><strong>istam</strong></span> <span class='ocrx_word' id='word_1_44' title='bbox 1219 847 1299 917; x_wconf 85' lang='lat' dir='ltr'><strong>cha·</strong></span> 
     </span>
     <span class='ocr_line' id='line_1_6' title="bbox 116 954 1295 1047; baseline 0 -23"><span class='ocrx_word' id='word_1_45' title='bbox 116 954 263 1025; x_wconf 88' lang='lat' dir='ltr'><strong>ritatem</strong></span> <span class='ocrx_word' id='word_1_46' title='bbox 294 954 331 1023; x_wconf 90' lang='lat' dir='ltr'><strong>in</strong></span> <span class='ocrx_word' id='word_1_47' title='bbox 362 955 525 1025; x_wconf 76' lang='lat' dir='ltr'>cordibus</span> <span class='ocrx_word' id='word_1_48' title='bbox 554 955 686 1025; x_wconf 87' lang='lat' dir='ltr'><strong>nostris</strong></span> <span class='ocrx_word' id='word_1_49' title='bbox 716 955 893 1047; x_wconf 86' lang='lat' dir='ltr'><strong>(Corrept.</strong></span> <span class='ocrx_word' id='word_1_50' title='bbox 920 963 956 1026; x_wconf 91' lang='lat' dir='ltr'><strong>et</strong></span> <span class='ocrx_word' id='word_1_51' title='bbox 979 980 1034 1046; x_wconf 81' lang='lat' dir='ltr'><strong>gr.</strong></span> <span class='ocrx_word' id='word_1_52' title='bbox 1061 980 1096 1024; x_wconf 90' lang='lat' dir='ltr'><strong>n.</strong></span> <span class='ocrx_word' id='word_1_53' title='bbox 1122 956 1191 1043; x_wconf 74' lang='lat'><strong>473</strong></span> <span class='ocrx_word' id='word_1_54' title='bbox 1217 955 1295 1025; x_wconf 82' lang='lat' dir='ltr'><strong>civ.</strong></span> 
     </span>
     <span class='ocr_line' id='line_1_7' title="bbox 117 1061 1299 1156; baseline 0 -24"><span class='ocrx_word' id='word_1_55' title='bbox 117 1061 186 1132; x_wconf 89' lang='lat' dir='ltr'><strong>Dei</strong></span> <span class='ocrx_word' id='word_1_56' title='bbox 209 1061 329 1130; x_wconf 86' lang='lat' dir='ltr'><strong>XXII.</strong></span> <span class='ocrx_word' id='word_1_57' title='bbox 355 1063 425 1148; x_wconf 81' lang='grc'><strong>2.).</strong></span> <span class='ocrx_word' id='word_1_58' title='bbox 451 1061 537 1133; x_wconf 86' lang='lat' dir='ltr'><strong>Cum</strong></span> <span class='ocrx_word' id='word_1_59' title='bbox 560 1085 643 1132; x_wconf 88' lang='lat' dir='ltr'><strong>vero</strong></span> <span class='ocrx_word' id='word_1_60' title='bbox 666 1063 702 1132; x_wconf 74' lang='lat'><strong>3⁰</strong></span> <span class='ocrx_word' id='word_1_61' title='bbox 724 1065 819 1134; x_wconf 89' lang='lat' dir='ltr'><strong>Deus</strong></span> <span class='ocrx_word' id='word_1_62' title='bbox 843 1065 1041 1156; x_wconf 76' lang='lat' dir='ltr'><strong>praenoscit</strong></span> <span class='ocrx_word' id='word_1_63' title='bbox 1055 1063 1144 1133; x_wconf 90' lang='lat' dir='ltr'><strong>alios</strong></span> <span class='ocrx_word' id='word_1_64' title='bbox 1161 1063 1299 1154; x_wconf 82' lang='lat' dir='ltr'><strong>gratiae</strong></span> 
     </span>
    </p>
   </div>
   <div class='ocr_carea' id='block_1_4' title="bbox 117 1169 1301 2337">
    <p class='ocr_par' dir='ltr' id='par_1_4' title="bbox 117 1169 1301 2337">
     <span class='ocr_line' id='line_1_8' title="bbox 119 1169 1295 1262; baseline 0 -25"><span class='ocrx_word' id='word_1_65' title='bbox 119 1169 348 1261; x_wconf 74' lang='lat' dir='ltr'><strong>obsequentes</strong></span> <span class='ocrx_word' id='word_1_66' title='bbox 370 1177 407 1238; x_wconf 89' lang='lat' dir='ltr'><strong>et</strong></span> <span class='ocrx_word' id='word_1_67' title='bbox 429 1169 482 1238; x_wconf 88' lang='lat' dir='ltr'><strong>ita</strong></span> <span class='ocrx_word' id='word_1_68' title='bbox 504 1169 543 1236; x_wconf 90' lang='lat' dir='ltr'><strong>in</strong></span> <span class='ocrx_word' id='word_1_69' title='bbox 566 1169 618 1238; x_wconf 90' lang='lat' dir='ltr'><strong>eis</strong></span> <span class='ocrx_word' id='word_1_70' title='bbox 642 1169 875 1240; x_wconf 86' lang='lat' dir='ltr'><strong>conditionem</strong></span> <span class='ocrx_word' id='word_1_71' title='bbox 899 1195 961 1262; x_wconf 90' lang='lat' dir='ltr'><strong>per</strong></span> <span class='ocrx_word' id='word_1_72' title='bbox 984 1170 1200 1240; x_wconf 87' lang='lat' dir='ltr'><strong>adiutorium</strong></span> <span class='ocrx_word' id='word_1_73' title='bbox 1215 1191 1295 1260; x_wconf 78' lang='lat' dir='ltr'><strong>gra·</strong></span> 
     </span>
     <span class='ocr_line' id='line_1_9' title="bbox 117 1263 1299 1370; baseline -0.001 -24"><span class='ocrx_word' id='word_1_74' title='bbox 117 1277 193 1346; x_wconf 90' lang='lat' dir='ltr'><strong>tiae</strong></span> <span class='ocrx_word' id='word_1_75' title='bbox 216 1297 300 1346; x_wconf 88' lang='lat' dir='ltr'><strong>suae</strong></span> <span class='ocrx_word' id='word_1_76' title='bbox 324 1277 513 1368; x_wconf 84' lang='lat' dir='ltr'><strong>impletam,</strong></span> <span class='ocrx_word' id='word_1_77' title='bbox 539 1277 596 1345; x_wconf 89' lang='lat' dir='ltr'><strong>his</strong></span> <span class='ocrx_word' id='word_1_78' title='bbox 619 1277 701 1346; x_wconf 89' lang='lat' dir='ltr'><strong>vult</strong></span> <span class='ocrx_word' id='word_1_79' title='bbox 723 1279 852 1347; x_wconf 83' lang='lat' dir='ltr'><strong>effectu</strong></span> <span class='ocrx_word' id='word_1_80' title='bbox 874 1277 950 1370; x_wconf 84' lang='lat' dir='ltr'><strong>ipsc</strong></span> <span class='ocrx_word' id='word_1_81' title='bbox 975 1279 1131 1349; x_wconf 84' lang='lat' dir='ltr'><strong>conferre</strong></span> <span class='ocrx_word' id='word_1_82' title='bbox 1148 1263 1299 1348; x_wconf 77' lang='lat' dir='ltr'><strong>salutem</strong></span> 
     </span>
     <span class='ocr_line' id='line_1_10' title="bbox 118 1381 1299 1471; baseline -0.001 -19"><span class='ocrx_word' id='word_1_83' title='bbox 118 1389 297 1452; x_wconf 73' lang='lat' dir='ltr'><strong>aeternam</strong></span> <span class='ocrx_word' id='word_1_84' title='bbox 328 1381 560 1470; x_wconf 84' lang='lat' dir='ltr'><strong>(Euchirid.‚</strong></span> <span class='ocrx_word' id='word_1_85' title='bbox 598 1389 690 1454; x_wconf 89' lang='lat' dir='ltr'><strong>cont.</strong></span> <span class='ocrx_word' id='word_1_86' title='bbox 727 1383 858 1454; x_wconf 87' lang='lat' dir='ltr'><strong>Iulian.</strong></span> <span class='ocrx_word' id='word_1_87' title='bbox 893 1383 982 1471; x_wconf 71' lang='grc' dir='ltr'><strong>Ν,</strong></span> <span class='ocrx_word' id='word_1_88' title='bbox 1016 1385 1061 1454; x_wconf 94' lang='lat' dir='ltr'><strong>ad</strong></span> <span class='ocrx_word' id='word_1_89' title='bbox 1095 1383 1231 1469; x_wconf 76' lang='lat' dir='ltr'><strong>vital,</strong></span> <span class='ocrx_word' id='word_1_90' title='bbox 1257 1383 1299 1452; x_wconf 89' lang='lat' dir='ltr'><strong>de</strong></span> 
     </span>
     <span class='ocr_line' id='line_1_11' title="bbox 119 1489 1300 1585; baseline -0.001 -25"><span class='ocrx_word' id='word_1_91' title='bbox 119 1491 246 1560; x_wconf 88' lang='lat' dir='ltr'><strong>Praed.</strong></span> <span class='ocrx_word' id='word_1_92' title='bbox 273 1489 371 1578; x_wconf 85' lang='lat' dir='ltr'>SS.).</span> <span class='ocrx_word' id='word_1_93' title='bbox 397 1491 454 1560; x_wconf 89' lang='lat' dir='ltr'><strong>Ad</strong></span> <span class='ocrx_word' id='word_1_94' title='bbox 470 1491 570 1577; x_wconf 83' lang='lat' dir='ltr'><strong>alios,</strong></span> <span class='ocrx_word' id='word_1_95' title='bbox 589 1491 626 1560; x_wconf 91' lang='lat' dir='ltr'><strong>in</strong></span> <span class='ocrx_word' id='word_1_96' title='bbox 643 1491 770 1584; x_wconf 88' lang='lat' dir='ltr'><strong>quibus</strong></span> <span class='ocrx_word' id='word_1_97' title='bbox 785 1493 968 1585; x_wconf 82' lang='lat' dir='ltr'><strong>praevidet</strong></span> <span class='ocrx_word' id='word_1_98' title='bbox 985 1492 1215 1562; x_wconf 87' lang='lat' dir='ltr'><strong>conditionem</strong></span> <span class='ocrx_word' id='word_1_99' title='bbox 1230 1513 1300 1559; x_wconf 90' lang='lat' dir='ltr'><strong>nou</strong></span> 
     </span>
     <span class='ocr_line' id='line_1_12' title="bbox 118 1598 1300 1692; baseline -0.002 -22"><span class='ocrx_word' id='word_1_100' title='bbox 118 1601 311 1692; x_wconf 81' lang='lat' dir='ltr'><strong>impletum,</strong></span> <span class='ocrx_word' id='word_1_101' title='bbox 337 1600 423 1671; x_wconf 90' lang='lat' dir='ltr'><strong>haec</strong></span> <span class='ocrx_word' id='word_1_102' title='bbox 445 1601 612 1670; x_wconf 84' lang='lat' dir='ltr'><strong>voluntas</strong></span> <span class='ocrx_word' id='word_1_103' title='bbox 635 1601 796 1671; x_wconf 84' lang='lat' dir='ltr'><strong>effectrix</strong></span> <span class='ocrx_word' id='word_1_104' title='bbox 820 1601 950 1672; x_wconf 88' lang='lat' dir='ltr'><strong>salutis</strong></span> <span class='ocrx_word' id='word_1_105' title='bbox 972 1625 1042 1671; x_wconf 91' lang='lat' dir='ltr'><strong>non</strong></span> <span class='ocrx_word' id='word_1_106' title='bbox 1068 1602 1237 1671; x_wconf 82' lang='lat' dir='ltr'><strong>refertur:</strong></span> <span class='ocrx_word' id='word_1_107' title='bbox 1262 1598 1300 1669; x_wconf 92' lang='lat' dir='ltr'><strong>id</strong></span> 
     </span>
     <span class='ocr_line' id='line_1_13' title="bbox 119 1706 1297 1799; baseline 0 -23"><span class='ocrx_word' id='word_1_108' title='bbox 119 1713 239 1778; x_wconf 82' lang='lat' dir='ltr'><strong>eutem</strong></span> <span class='ocrx_word' id='word_1_109' title='bbox 261 1729 379 1777; x_wconf 89' lang='lat' dir='ltr'><strong>eorum</strong></span> <span class='ocrx_word' id='word_1_110' title='bbox 402 1707 506 1799; x_wconf 90' lang='lat' dir='ltr'><strong>culpa</strong></span> <span class='ocrx_word' id='word_1_111' title='bbox 529 1707 658 1778; x_wconf 88' lang='lat' dir='ltr'><strong>accidit</strong></span> <span class='ocrx_word' id='word_1_112' title='bbox 680 1709 769 1778; x_wconf 86' lang='lat' dir='ltr'><strong>mele</strong></span> <span class='ocrx_word' id='word_1_113' title='bbox 792 1709 969 1779; x_wconf 88' lang='lat' dir='ltr'><strong>utentium</strong></span> <span class='ocrx_word' id='word_1_114' title='bbox 991 1709 1102 1778; x_wconf 85' lang='lat' dir='ltr'><strong>libero</strong></span> <span class='ocrx_word' id='word_1_115' title='bbox 1125 1706 1297 1794; x_wconf 79' lang='lat' dir='ltr'><strong>arbitri03</strong></span> 
     </span>
     <span class='ocr_line' id='line_1_14' title="bbox 120 1815 1300 1910; baseline -0.001 -25"><span class='ocrx_word' id='word_1_116' title='bbox 120 1815 284 1910; x_wconf 79' lang='lat' dir='ltr'><strong>quamvis</strong></span> <span class='ocrx_word' id='word_1_117' title='bbox 313 1815 409 1885; x_wconf 87' lang='lat' dir='ltr'><strong>Deus</strong></span> <span class='ocrx_word' id='word_1_118' title='bbox 433 1821 591 1908; x_wconf 85' lang='lat' dir='ltr'><strong>spectata</strong></span> <span class='ocrx_word' id='word_1_119' title='bbox 614 1822 690 1886; x_wconf 84' lang='lat' dir='ltr'><strong>toto</strong></span> <span class='ocrx_word' id='word_1_120' title='bbox 712 1817 942 1908; x_wconf 87' lang='lat' dir='ltr'><strong>amplitudine</strong></span> <span class='ocrx_word' id='word_1_121' title='bbox 966 1817 1185 1906; x_wconf 81' lang='lat' dir='ltr'><strong>gratiarum,</strong></span> <span class='ocrx_word' id='word_1_122' title='bbox 1212 1835 1300 1908; x_wconf 86' lang='lat' dir='ltr'><strong>qnae</strong></span> 
     </span>
     <span class='ocr_line' id='line_1_15' title="bbox 119 1921 1299 2016; baseline -0.003 -22"><span class='ocrx_word' id='word_1_123' title='bbox 119 1925 159 1994; x_wconf 89' lang='lat' dir='ltr'><strong>in</strong></span> <span class='ocrx_word' id='word_1_124' title='bbox 183 1923 430 2014; x_wconf 82' lang='lat' dir='ltr'><strong>omnipotentis</strong></span> <span class='ocrx_word' id='word_1_125' title='bbox 453 1929 625 2015; x_wconf 83' lang='lat' dir='ltr'><strong>potestate</strong></span> <span class='ocrx_word' id='word_1_126' title='bbox 648 1929 744 2010; x_wconf 80' lang='lat' dir='ltr'><strong>sunt,</strong></span> <span class='ocrx_word' id='word_1_127' title='bbox 770 1931 887 2016; x_wconf 87' lang='lat' dir='ltr'><strong>posset</strong></span> <span class='ocrx_word' id='word_1_128' title='bbox 909 1931 945 1994; x_wconf 89' lang='lat' dir='ltr'><strong>et</strong></span> <span class='ocrx_word' id='word_1_129' title='bbox 967 1924 1062 2016; x_wconf 86' lang='lat' dir='ltr'><strong>ipsos</strong></span> <span class='ocrx_word' id='word_1_130' title='bbox 1085 1947 1128 1994; x_wconf 86' lang='lat' dir='ltr'><strong>ex</strong></span> <span class='ocrx_word' id='word_1_131' title='bbox 1151 1921 1299 1992; x_wconf 88' lang='lat' dir='ltr'><strong>nolenti·</strong></span> 
     </span>
     <span class='ocr_line' id='line_1_16' title="bbox 120 2030 1296 2124; baseline -0.003 -23"><span class='ocrx_word' id='word_1_132' title='bbox 120 2033 187 2101; x_wconf 89' lang='lat' dir='ltr'><strong>bue</strong></span> <span class='ocrx_word' id='word_1_133' title='bbox 211 2030 367 2101; x_wconf 87' lang='lat' dir='ltr'><strong>volentes</strong></span> <span class='ocrx_word' id='word_1_134' title='bbox 389 2031 505 2102; x_wconf 80' lang='lat' dir='ltr'><strong>facere</strong></span> <span class='ocrx_word' id='word_1_135' title='bbox 528 2031 708 2121; x_wconf 86' lang='lat' dir='ltr'><strong>(Euchir.‚</strong></span> <span class='ocrx_word' id='word_1_136' title='bbox 734 2033 894 2124; x_wconf 86' lang='lat' dir='ltr'><strong>Corrept.</strong></span> <span class='ocrx_word' id='word_1_137' title='bbox 922 2039 958 2102; x_wconf 87' lang='lat' dir='ltr'><strong>et</strong></span> <span class='ocrx_word' id='word_1_138' title='bbox 980 2056 1036 2123; x_wconf 80' lang='lat' dir='ltr'><strong>gr.</strong></span> <span class='ocrx_word' id='word_1_139' title='bbox 1062 2056 1097 2101; x_wconf 91' lang='lat' dir='ltr'><strong>u.</strong></span> <span class='ocrx_word' id='word_1_140' title='bbox 1122 2032 1179 2101; x_wconf 87' lang='lat'><strong>44.</strong></span> <span class='ocrx_word' id='word_1_141' title='bbox 1204 2030 1296 2117; x_wconf 83' lang='grc'><strong>45.).</strong></span> 
     </span>
     <span class='ocr_line' id='line_1_17' title="bbox 118 2139 1301 2232; baseline -0.002 -24"><span class='ocrx_word' id='word_1_142' title='bbox 118 2140 225 2209; x_wconf 88' lang='lat' dir='ltr'><strong>Licet</strong></span> <span class='ocrx_word' id='word_1_143' title='bbox 246 2139 361 2230; x_wconf 79' lang='lat' dir='ltr'><strong>igitur</strong></span> <span class='ocrx_word' id='word_1_144' title='bbox 383 2139 419 2208; x_wconf 80' lang='lat'><strong>4·</strong></span> <span class='ocrx_word' id='word_1_145' title='bbox 442 2163 510 2208; x_wconf 93' lang='lat' dir='ltr'><strong>non</strong></span> <span class='ocrx_word' id='word_1_146' title='bbox 534 2140 607 2210; x_wconf 89' lang='lat' dir='ltr'><strong>sint</strong></span> <span class='ocrx_word' id='word_1_147' title='bbox 629 2162 746 2210; x_wconf 88' lang='lat' dir='ltr'><strong>omnes</strong></span> <span class='ocrx_word' id='word_1_148' title='bbox 768 2139 942 2226; x_wconf 85' lang='lat' dir='ltr'><strong>homines,</strong></span> <span class='ocrx_word' id='word_1_149' title='bbox 977 2140 1039 2232; x_wconf 92' lang='lat' dir='ltr'><strong>qui</strong></span> <span class='ocrx_word' id='word_1_150' title='bbox 1067 2141 1120 2209; x_wconf 87' lang='lat' dir='ltr'><strong>ita</strong></span> <span class='ocrx_word' id='word_1_151' title='bbox 1150 2139 1301 2208; x_wconf 88' lang='lat' dir='ltr'><strong>subsunt</strong></span> 
     </span>
     <span class='ocr_line' id='line_1_18' title="bbox 120 2244 1300 2337; baseline -0.003 -21"><span class='ocrx_word' id='word_1_152' title='bbox 120 2247 298 2316; x_wconf 75' lang='lat' dir='ltr'><strong>voluntati</strong></span> <span class='ocrx_word' id='word_1_153' title='bbox 320 2247 486 2336; x_wconf 81' lang='lat' dir='ltr'><strong>effectricc&#39;</strong></span> <span class='ocrx_word' id='word_1_154' title='bbox 507 2247 649 2330; x_wconf 80' lang='lat' dir='ltr'><strong>eulatie,·</strong></span> <span class='ocrx_word' id='word_1_155' title='bbox 672 2254 758 2318; x_wconf 84' lang='lat' dir='ltr'><strong>sunt</strong></span> <span class='ocrx_word' id='word_1_156' title='bbox 772 2255 888 2318; x_wconf 82' lang='lat' dir='ltr'><strong>tamen</strong></span> <span class='ocrx_word' id='word_1_157' title='bbox 905 2247 1021 2316; x_wconf 86' lang='lat' dir='ltr'><strong>omnia</strong></span> <span class='ocrx_word' id='word_1_158' title='bbox 1038 2268 1168 2337; x_wconf 81' lang='lat' dir='ltr'><strong>genera</strong></span> <span class='ocrx_word' id='word_1_159' title='bbox 1192 2244 1300 2313; x_wconf 88' lang='lat' dir='ltr'><strong>homi·</strong></span> 
     </span>
    </p>
   </div>
   <div class='ocr_carea' id='block_1_5' title="bbox 120 2355 1299 2661">
    <p class='ocr_par' dir='ltr' id='par_1_5' title="bbox 120 2355 1299 2661">
     <span class='ocr_line' id='line_1_19' title="bbox 120 2355 1299 2446; baseline -0.006 -20"><span class='ocrx_word' id='word_1_160' title='bbox 120 2381 207 2428; x_wconf 87' lang='lat' dir='ltr'><strong>num</strong></span> <span class='ocrx_word' id='word_1_161' title='bbox 230 2357 417 2426; x_wconf 87' lang='lat' dir='ltr'><strong>secundnm</strong></span> <span class='ocrx_word' id='word_1_162' title='bbox 441 2356 660 2426; x_wconf 85' lang='lat' dir='ltr'><strong>differentiae</strong></span> <span class='ocrx_word' id='word_1_163' title='bbox 684 2355 934 2441; x_wconf 87' lang='lat' dir='ltr'><strong>conditionum,</strong></span> <span class='ocrx_word' id='word_1_164' title='bbox 952 2355 1184 2446; x_wconf 80' lang='lat' dir='ltr'><strong>ingeniorum,</strong></span> <span class='ocrx_word' id='word_1_165' title='bbox 1203 2356 1299 2420; x_wconf 89' lang='lat' dir='ltr'><strong>aeta·</strong></span> 
     </span>
     <span class='ocr_line' id='line_1_20' title="bbox 120 2457 1296 2553; baseline -0.006 -20"><span class='ocrx_word' id='word_1_166' title='bbox 120 2469 200 2533; x_wconf 92' lang='lat' dir='ltr'><strong>tum</strong></span> <span class='ocrx_word' id='word_1_167' title='bbox 223 2463 407 2552; x_wconf 84' lang='lat' dir='ltr'><strong>(Euchir.,</strong></span> <span class='ocrx_word' id='word_1_168' title='bbox 433 2461 590 2553; x_wconf 86' lang='lat' dir='ltr'><strong>Corrept.</strong></span> <span class='ocrx_word' id='word_1_169' title='bbox 616 2468 652 2532; x_wconf 90' lang='lat' dir='ltr'><strong>et</strong></span> <span class='ocrx_word' id='word_1_170' title='bbox 675 2485 731 2552; x_wconf 79' lang='lat' dir='ltr'><strong>gr.</strong></span> <span class='ocrx_word' id='word_1_171' title='bbox 749 2485 785 2532; x_wconf 91' lang='lat' dir='ltr'><strong>n.</strong></span> <span class='ocrx_word' id='word_1_172' title='bbox 804 2461 891 2550; x_wconf 82' lang='lat'>44.).</span> <span class='ocrx_word' id='word_1_173' title='bbox 917 2462 972 2534; x_wconf 79' lang='lat' dir='ltr'><strong>cf.</strong></span> <span class='ocrx_word' id='word_1_174' title='bbox 991 2461 1083 2532; x_wconf 85' lang='lat' dir='ltr'><strong>Ruiz</strong></span> <span class='ocrx_word' id='word_1_175' title='bbox 1099 2461 1141 2530; x_wconf 87' lang='lat' dir='ltr'><strong>de</strong></span> <span class='ocrx_word' id='word_1_176' title='bbox 1159 2457 1296 2530; x_wconf 83' lang='lat' dir='ltr'><strong>volunt.</strong></span> 
     </span>
     <span class='ocr_line' id='line_1_21' title="bbox 120 2567 747 2661; baseline -0.002 -22"><span class='ocrx_word' id='word_1_177' title='bbox 120 2569 191 2640; x_wconf 89' lang='lat' dir='ltr'><strong>Dei</strong></span> <span class='ocrx_word' id='word_1_178' title='bbox 215 2569 306 2661; x_wconf 89' lang='lat' dir='ltr'><strong>disp.</strong></span> <span class='ocrx_word' id='word_1_179' title='bbox 331 2569 432 2639; x_wconf 89' lang='lat' dir='ltr'>XIX.</span> <span class='ocrx_word' id='word_1_180' title='bbox 458 2573 544 2638; x_wconf 88' lang='lat' dir='ltr'><strong>sect.</strong></span> <span class='ocrx_word' id='word_1_181' title='bbox 571 2569 604 2638; x_wconf 88' lang='grc'><strong>8.</strong></span> <span class='ocrx_word' id='word_1_182' title='bbox 630 2592 666 2638; x_wconf 91' lang='lat' dir='ltr'><strong>n.</strong></span> <span class='ocrx_word' id='word_1_183' title='bbox 692 2567 747 2638; x_wconf 88' lang='lat'><strong>14.</strong></span> 
     </span>
    </p>
   </div>
   <div class='ocr_carea' id='block_1_6' title="bbox 586 2804 835 2866">
    <p class='ocr_par' dir='ltr' id='par_1_6' title="bbox 586 2804 835 2866">
     <span class='ocr_line' id='line_1_22' title="bbox 586 2804 835 2866; baseline 0.008 -2"><span class='ocrx_word' id='word_1_184' title='bbox 586 2804 731 2866; x_wconf 81' lang='lat' dir='ltr'><strong>THESIS</strong></span> <span class='ocrx_word' id='word_1_185' title='bbox 752 2805 835 2866; x_wconf 86' lang='lat' dir='ltr'><strong>LIII.</strong></span> 
     </span>
    </p>
   </div>
   <div class='ocr_carea' id='block_1_7' title="bbox 336 2947 1101 3126">
    <p class='ocr_par' dir='ltr' id='par_1_7' title="bbox 336 2947 1101 3126">
     <span class='ocr_line' id='line_1_23' title="bbox 336 2947 1101 3010; baseline -0.004 -3"><span class='ocrx_word' id='word_1_186' title='bbox 336 2949 510 3010; x_wconf 69' lang='lat' dir='ltr'><strong>Veluniate</strong></span> <span class='ocrx_word' id='word_1_187' title='bbox 530 2949 736 3010; x_wconf 80' lang='lat' dir='ltr'><strong>antecedente</strong></span> <span class='ocrx_word' id='word_1_188' title='bbox 758 2951 830 3008; x_wconf 76' lang='lat' dir='ltr'><strong>aule</strong></span> <span class='ocrx_word' id='word_1_189' title='bbox 850 2947 936 3010; x_wconf 82' lang='lat' dir='ltr'><strong>Deus</strong></span> <span class='ocrx_word' id='word_1_190' title='bbox 955 2948 1101 3008; x_wconf 78' lang='lat' dir='ltr'><strong>omnium</strong></span> 
     </span>
     <span class='ocr_line' id='line_1_24' title="bbox 469 3049 946 3126; baseline -0.004 -17"><span class='ocrx_word' id='word_1_191' title='bbox 469 3049 570 3109; x_wconf 79' lang='lat' dir='ltr'><strong>etiam</strong></span> <span class='ocrx_word' id='word_1_192' title='bbox 591 3049 777 3126; x_wconf 77' lang='lat' dir='ltr'><strong>insontium</strong></span> <span class='ocrx_word' id='word_1_193' title='bbox 797 3049 946 3108; x_wconf 80' lang='lat' dir='ltr'><strong>salutem.</strong></span> 
     </span>
    </p>
   </div>
   <div class='ocr_carea' id='block_1_8' title="bbox 121 3243 1340 4024">
    <p class='ocr_par' dir='ltr' id='par_1_8' title="bbox 121 3243 1340 4024">
     <span class='ocr_line' id='line_1_25' title="bbox 189 3243 1299 3315; baseline -0.002 -17"><span class='ocrx_word' id='word_1_194' title='bbox 189 3269 203 3298; x_wconf 78' lang='grc' dir='ltr'><strong>ι</strong></span> <span class='ocrx_word' id='word_1_195' title='bbox 219 3247 442 3303; x_wconf 80' lang='lat' dir='ltr'><strong>Antecedentern</strong></span> <span class='ocrx_word' id='word_1_196' title='bbox 465 3247 519 3301; x_wconf 86' lang='lat' dir='ltr'><strong>Del</strong></span> <span class='ocrx_word' id='word_1_197' title='bbox 539 3247 733 3314; x_wconf 80' lang='lat' dir='ltr'><strong>voluntatem,</strong></span> <span class='ocrx_word' id='word_1_198' title='bbox 763 3263 820 3315; x_wconf 84' lang='lat' dir='ltr'><strong>que</strong></span> <span class='ocrx_word' id='word_1_199' title='bbox 844 3247 910 3300; x_wconf 82' lang='lat' dir='ltr'><strong>vult</strong></span> <span class='ocrx_word' id='word_1_200' title='bbox 930 3260 1027 3299; x_wconf 87' lang='lat' dir='ltr'><strong>omnes</strong></span> <span class='ocrx_word' id='word_1_201' title='bbox 1048 3243 1178 3298; x_wconf 78' lang='lat' dir='ltr'><strong>homiues</strong></span> <span class='ocrx_word' id='word_1_202' title='bbox 1202 3243 1299 3298; x_wconf 80' lang='lat' dir='ltr'><strong>salvae</strong></span> 
     </span>
     <span class='ocr_line' id='line_1_26' title="bbox 121 3333 1300 3407; baseline -0.003 -18"><span class='ocrx_word' id='word_1_203' title='bbox 121 3361 135 3388; x_wconf 74' lang='grc' dir='ltr'><strong>ι</strong></span> <span class='ocrx_word' id='word_1_204' title='bbox 150 3339 227 3407; x_wconf 82' lang='lat' dir='ltr'><strong>flerl,</strong></span> <span class='ocrx_word' id='word_1_205' title='bbox 251 3353 308 3391; x_wconf 91' lang='lat' dir='ltr'><strong>uon</strong></span> <span class='ocrx_word' id='word_1_206' title='bbox 329 3339 420 3392; x_wconf 81' lang='lat' dir='ltr'><strong>eolunn</strong></span> <span class='ocrx_word' id='word_1_207' title='bbox 439 3338 475 3391; x_wconf 90' lang='lat' dir='ltr'><strong>ad</strong></span> <span class='ocrx_word' id='word_1_208' title='bbox 496 3337 611 3392; x_wconf 86' lang='lat' dir='ltr'><strong>adultae</strong></span> <span class='ocrx_word' id='word_1_209' title='bbox 636 3337 775 3391; x_wconf 78' lang='lat' dir='ltr'><strong>adiutorii</strong></span> <span class='ocrx_word' id='word_1_210' title='bbox 796 3337 909 3403; x_wconf 76' lang='lat' dir='ltr'><strong>gratiae</strong></span> <span class='ocrx_word' id='word_1_211' title='bbox 930 3351 1063 3404; x_wconf 83' lang='lat' dir='ltr'><strong>capaces,</strong></span> <span class='ocrx_word' id='word_1_212' title='bbox 1088 3333 1138 3388; x_wconf 87' lang='lat' dir='ltr'><strong>sed</strong></span> <span class='ocrx_word' id='word_1_213' title='bbox 1158 3333 1243 3388; x_wconf 85' lang='lat' dir='ltr'><strong>etiam</strong></span> <span class='ocrx_word' id='word_1_214' title='bbox 1263 3333 1300 3387; x_wconf 82' lang='lat' dir='ltr'><strong>ed</strong></span> 
     </span>
     <span class='ocr_line' id='line_1_27' title="bbox 122 3424 1300 3498; baseline -0.008 -12"><span class='ocrx_word' id='word_1_215' title='bbox 122 3445 251 3486; x_wconf 70' lang='lat' dir='ltr'><strong>somnae</strong></span> <span class='ocrx_word' id='word_1_216' title='bbox 266 3451 279 3478; x_wconf 78' lang='grc' dir='ltr'><strong>ι</strong></span> <span class='ocrx_word' id='word_1_217' title='bbox 293 3445 446 3498; x_wconf 79' lang='lat' dir='ltr'><strong>paucorum</strong></span> <span class='ocrx_word' id='word_1_218' title='bbox 475 3429 585 3482; x_wconf 85' lang='lat' dir='ltr'><strong>dlerum</strong></span> <span class='ocrx_word' id='word_1_219' title='bbox 608 3429 762 3482; x_wconf 75' lang='lat' dir='ltr'><strong>honines»</strong></span> <span class='ocrx_word' id='word_1_220' title='bbox 783 3429 929 3496; x_wconf 86' lang='lat' dir='ltr'><strong>pertinere</strong></span> <span class='ocrx_word' id='word_1_221' title='bbox 948 3425 1142 3482; x_wconf 78' lang='lat' dir='ltr'><strong>affirmandum</strong></span> <span class='ocrx_word' id='word_1_222' title='bbox 1168 3429 1222 3480; x_wconf 88' lang='lat' dir='ltr'><strong>est.</strong></span> <span class='ocrx_word' id='word_1_223' title='bbox 1244 3424 1300 3490; x_wconf 75' lang='lat' dir='ltr'><strong>Qui</strong></span> 
     </span>
     <span class='ocr_line' id='line_1_28' title="bbox 122 3515 1299 3588; baseline -0.003 -18"><span class='ocrx_word' id='word_1_224' title='bbox 122 3541 136 3570; x_wconf 75' lang='grc' dir='ltr'><strong>ι</strong></span> <span class='ocrx_word' id='word_1_225' title='bbox 151 3535 222 3586; x_wconf 70' lang='lat' dir='ltr'><strong>ergo</strong></span> <span class='ocrx_word' id='word_1_226' title='bbox 244 3535 280 3574; x_wconf 88' lang='lat' dir='ltr'><strong>ex</strong></span> <span class='ocrx_word' id='word_1_227' title='bbox 305 3520 369 3573; x_wconf 90' lang='lat' dir='ltr'><strong>illie</strong></span> <span class='ocrx_word' id='word_1_228' title='bbox 391 3522 481 3573; x_wconf 82' lang='lat' dir='ltr'><strong>morte</strong></span> <span class='ocrx_word' id='word_1_229' title='bbox 500 3519 720 3588; x_wconf 84' lang='lat' dir='ltr'><strong>praeripiuntur</strong></span> <span class='ocrx_word' id='word_1_230' title='bbox 738 3519 891 3587; x_wconf 83' lang='lat' dir='ltr'><strong>baptismo,</strong></span> <span class='ocrx_word' id='word_1_231' title='bbox 906 3532 962 3570; x_wconf 87' lang='lat' dir='ltr'><strong>nou</strong></span> <span class='ocrx_word' id='word_1_232' title='bbox 977 3517 1159 3570; x_wconf 74' lang='lat' dir='ltr'><strong>antecedente</strong></span> <span class='ocrx_word' id='word_1_233' title='bbox 1173 3515 1222 3570; x_wconf 83' lang='lat' dir='ltr'><strong>red</strong></span> <span class='ocrx_word' id='word_1_234' title='bbox 1235 3532 1299 3568; x_wconf 78' lang='lat' dir='ltr'><strong>eoa-</strong></span> 
     </span>
     <span class='ocr_line' id='line_1_29' title="bbox 123 3605 1298 3678; baseline 0.001 -17"><span class='ocrx_word' id='word_1_235' title='bbox 123 3633 136 3660; x_wconf 75' lang='lat' dir='ltr'><strong>e</strong></span> <span class='ocrx_word' id='word_1_236' title='bbox 151 3618 283 3678; x_wconf 75' lang='lat' dir='ltr'><strong>ecquem</strong></span> <span class='ocrx_word' id='word_1_237' title='bbox 301 3611 451 3666; x_wconf 80' lang='lat' dir='ltr'><strong>voluntate</strong></span> <span class='ocrx_word' id='word_1_238' title='bbox 471 3611 507 3664; x_wconf 89' lang='lat' dir='ltr'><strong>ab</strong></span> <span class='ocrx_word' id='word_1_239' title='bbox 527 3613 645 3664; x_wconf 77' lang='lat' dir='ltr'><strong>estem</strong></span> <span class='ocrx_word' id='word_1_240' title='bbox 662 3608 847 3663; x_wconf 81' lang='lat' dir='ltr'><strong>beatitudine</strong></span> <span class='ocrx_word' id='word_1_241' title='bbox 867 3607 982 3662; x_wconf 80' lang='lat' dir='ltr'><strong>excludi</strong></span> <span class='ocrx_word' id='word_1_242' title='bbox 1000 3605 1188 3662; x_wconf 82' lang='lat' dir='ltr'><strong>ertstlmandl</strong></span> <span class='ocrx_word' id='word_1_243' title='bbox 1214 3611 1298 3676; x_wconf 82' lang='lat' dir='ltr'><strong>snnt;</strong></span> 
     </span>
     <span class='ocr_line' id='line_1_30' title="bbox 123 3698 1301 3768; baseline 0.001 -18"><span class='ocrx_word' id='word_1_244' title='bbox 123 3699 288 3768; x_wconf 72' lang='lat' dir='ltr'><strong>»quemvis</strong></span> <span class='ocrx_word' id='word_1_245' title='bbox 307 3700 448 3754; x_wconf 83' lang='lat' dir='ltr'><strong>terminus</strong></span> <span class='ocrx_word' id='word_1_246' title='bbox 467 3716 535 3768; x_wconf 82' lang='lat' dir='ltr'><strong>pree</strong></span> <span class='ocrx_word' id='word_1_247' title='bbox 553 3715 609 3767; x_wconf 91' lang='lat' dir='ltr'><strong>quc</strong></span> <span class='ocrx_word' id='word_1_248' title='bbox 628 3701 764 3756; x_wconf 83' lang='lat' dir='ltr'><strong>voluutas</strong></span> <span class='ocrx_word' id='word_1_249' title='bbox 790 3699 954 3751; x_wconf 77' lang='lat' dir='ltr'><strong>antecedam</strong></span> <span class='ocrx_word' id='word_1_250' title='bbox 967 3698 1073 3752; x_wconf 84' lang='lat' dir='ltr'><strong>salntle</strong></span> <span class='ocrx_word' id='word_1_251' title='bbox 1086 3700 1251 3766; x_wconf 78' lang='lat' dir='ltr'><strong>affirmator,</strong></span> <span class='ocrx_word' id='word_1_252' title='bbox 1270 3702 1301 3751; x_wconf 88' lang='lat' dir='ltr'><strong>et</strong></span> 
     </span>
     <span class='ocr_line' id='line_1_31' title="bbox 123 3787 1300 3858; baseline 0.001 -20"><span class='ocrx_word' id='word_1_253' title='bbox 123 3811 136 3838; x_wconf 70' lang='grc' dir='ltr'><strong>ι</strong></span> <span class='ocrx_word' id='word_1_254' title='bbox 153 3790 291 3843; x_wconf 84' lang='lat' dir='ltr'><strong>voluntas</strong></span> <span class='ocrx_word' id='word_1_255' title='bbox 313 3805 484 3858; x_wconf 79' lang='lat' dir='ltr'><strong>eoneeqaem</strong></span> <span class='ocrx_word' id='word_1_256' title='bbox 503 3791 609 3844; x_wconf 85' lang='lat' dir='ltr'><strong>salutle</strong></span> <span class='ocrx_word' id='word_1_257' title='bbox 628 3793 766 3856; x_wconf 73' lang='lat' dir='ltr'><strong>negatur,</strong></span> <span class='ocrx_word' id='word_1_258' title='bbox 788 3805 844 3843; x_wconf 88' lang='lat' dir='ltr'><strong>uon</strong></span> <span class='ocrx_word' id='word_1_259' title='bbox 864 3790 978 3843; x_wconf 82' lang='lat' dir='ltr'><strong>omnino</strong></span> <span class='ocrx_word' id='word_1_260' title='bbox 995 3788 1070 3842; x_wconf 86' lang='lat' dir='ltr'><strong>idern</strong></span> <span class='ocrx_word' id='word_1_261' title='bbox 1086 3789 1129 3842; x_wconf 87' lang='lat' dir='ltr'><strong>sit</strong></span> <span class='ocrx_word' id='word_1_262' title='bbox 1145 3787 1237 3855; x_wconf 85' lang='lat' dir='ltr'><strong>quoad</strong></span> <span class='ocrx_word' id='word_1_263' title='bbox 1256 3787 1300 3839; x_wconf 86' lang='lat' dir='ltr'><strong>ln-</strong></span> 
     </span>
     <span class='ocr_line' id='line_1_32' title="bbox 125 3877 1298 3946; baseline 0 -17"><span class='ocrx_word' id='word_1_264' title='bbox 125 3901 138 3928; x_wconf 71' lang='grc' dir='ltr'><strong>ι</strong></span> <span class='ocrx_word' id='word_1_265' title='bbox 154 3879 253 3932; x_wconf 63' lang='lat' dir='ltr'><strong>lenas</strong></span> <span class='ocrx_word' id='word_1_266' title='bbox 272 3894 305 3932; x_wconf 86' lang='lat' dir='ltr'><strong>ac</strong></span> <span class='ocrx_word' id='word_1_267' title='bbox 323 3879 416 3946; x_wconf 85' lang='lat' dir='ltr'><strong>quoad</strong></span> <span class='ocrx_word' id='word_1_268' title='bbox 435 3879 560 3934; x_wconf 87' lang='lat' dir='ltr'><strong>edultce.</strong></span> <span class='ocrx_word' id='word_1_269' title='bbox 591 3879 669 3944; x_wconf 77' lang='lat' dir='ltr'><strong>Quae</strong></span> <span class='ocrx_word' id='word_1_270' title='bbox 695 3877 807 3946; x_wconf 85' lang='lat' dir='ltr'><strong>quidem</strong></span> <span class='ocrx_word' id='word_1_271' title='bbox 829 3877 960 3932; x_wconf 87' lang='lat' dir='ltr'><strong>doctrina</strong></span> <span class='ocrx_word' id='word_1_272' title='bbox 977 3878 1149 3932; x_wconf 86' lang='lat' dir='ltr'><strong>anctorltate</strong></span> <span class='ocrx_word' id='word_1_273' title='bbox 1170 3879 1298 3930; x_wconf 79' lang='lat' dir='ltr'><strong>veterum</strong></span> 
     </span>
     <span class='ocr_line' id='line_1_33' title="bbox 127 3955 1340 4024; baseline -0.003 -6"><span class='ocrx_word' id='word_1_274' title='bbox 127 3990 141 4018; x_wconf 77' lang='grc' dir='ltr'><strong>ι</strong></span> <span class='ocrx_word' id='word_1_275' title='bbox 157 3969 350 4024; x_wconf 75' lang='lat' dir='ltr'><strong>condenatur.</strong></span> <span class='ocrx_word' id='word_1_276' title='bbox 364 3989 378 4018; x_wconf 72' lang='lat' dir='ltr'><strong>o</strong></span> <span class='ocrx_word' id='word_1_277' title='bbox 1336 3955 1340 3969; x_wconf 90' lang='grc'>’</span> 
     </span>
    </p>
   </div>
   <div class='ocr_carea' id='block_1_9' title="bbox 124 4164 1300 4581">
    <p class='ocr_par' dir='ltr' id='par_1_9' title="bbox 124 4164 1300 4581">
     <span class='ocr_line' id='line_1_34' title="bbox 190 4164 1300 4258; baseline -0.002 -22"><span class='ocrx_word' id='word_1_278' title='bbox 190 4165 293 4236; x_wconf 82' lang='lat' dir='ltr'><strong>Sicut</strong></span> <span class='ocrx_word' id='word_1_279' title='bbox 314 4166 352 4235; x_wconf 90' lang='lat' dir='ltr'><strong>in</strong></span> <span class='ocrx_word' id='word_1_280' title='bbox 375 4167 458 4237; x_wconf 90' lang='lat' dir='ltr'><strong>aliis</strong></span> <span class='ocrx_word' id='word_1_281' title='bbox 481 4167 698 4258; x_wconf 82' lang='lat' dir='ltr'><strong>theologicae</strong></span> <span class='ocrx_word' id='word_1_282' title='bbox 721 4166 900 4236; x_wconf 84' lang='lat' dir='ltr'><strong>doctrines</strong></span> <span class='ocrx_word' id='word_1_283' title='bbox 917 4165 1105 4257; x_wconf 86' lang='lat' dir='ltr'><strong>capitibus,</strong></span> <span class='ocrx_word' id='word_1_284' title='bbox 1123 4164 1176 4234; x_wconf 89' lang='lat' dir='ltr'><strong>ita</strong></span> <span class='ocrx_word' id='word_1_285' title='bbox 1190 4170 1227 4234; x_wconf 91' lang='lat' dir='ltr'><strong>et</strong></span> <span class='ocrx_word' id='word_1_286' title='bbox 1241 4164 1300 4234; x_wconf 91' lang='lat' dir='ltr'><strong>hic</strong></span> 
     </span>
     <span class='ocr_line' id='line_1_35' title="bbox 124 4272 1300 4367; baseline -0.004 -22"><span class='ocrx_word' id='word_1_287' title='bbox 124 4273 255 4364; x_wconf 83' lang='lat' dir='ltr'><strong>duplex</strong></span> <span class='ocrx_word' id='word_1_288' title='bbox 271 4275 429 4367; x_wconf 78' lang='lat' dir='ltr'><strong>quaestio</strong></span> <span class='ocrx_word' id='word_1_289' title='bbox 447 4275 674 4345; x_wconf 90' lang='lat' dir='ltr'><strong>discernenda</strong></span> <span class='ocrx_word' id='word_1_290' title='bbox 689 4281 754 4360; x_wconf 87' lang='lat' dir='ltr'><strong>est,</strong></span> <span class='ocrx_word' id='word_1_291' title='bbox 774 4299 819 4342; x_wconf 85' lang='lat' dir='ltr'><strong>an</strong></span> <span class='ocrx_word' id='word_1_292' title='bbox 835 4276 896 4358; x_wconf 78' lang='lat' dir='ltr'><strong>eie,</strong></span> <span class='ocrx_word' id='word_1_293' title='bbox 913 4280 950 4344; x_wconf 89' lang='lat' dir='ltr'><strong>ct</strong></span> <span class='ocrx_word' id='word_1_294' title='bbox 966 4272 1127 4366; x_wconf 80' lang='lat' dir='ltr'><strong>quomodo</strong></span> <span class='ocrx_word' id='word_1_295' title='bbox 1143 4276 1202 4341; x_wconf 78' lang='lat' dir='ltr'><strong>eit.</strong></span> <span class='ocrx_word' id='word_1_296' title='bbox 1221 4272 1300 4355; x_wconf 81' lang='lat' dir='ltr'><strong>Qua</strong></span> 
     </span>
     <span class='ocr_line' id='line_1_36' title="bbox 124 4381 1298 4475; baseline -0.002 -25"><span class='ocrx_word' id='word_1_297' title='bbox 124 4382 163 4450; x_wconf 92' lang='lat' dir='ltr'><strong>iu</strong></span> <span class='ocrx_word' id='word_1_298' title='bbox 186 4405 224 4452; x_wconf 88' lang='lat' dir='ltr'><strong>rc</strong></span> <span class='ocrx_word' id='word_1_299' title='bbox 247 4405 315 4450; x_wconf 91' lang='lat' dir='ltr'><strong>non</strong></span> <span class='ocrx_word' id='word_1_300' title='bbox 337 4389 392 4451; x_wconf 88' lang='lat' dir='ltr'><strong>est</strong></span> <span class='ocrx_word' id='word_1_301' title='bbox 414 4382 553 4469; x_wconf 89' lang='lat' dir='ltr'><strong>mirum,</strong></span> <span class='ocrx_word' id='word_1_302' title='bbox 579 4383 610 4451; x_wconf 89' lang='lat' dir='ltr'><strong>si</strong></span> <span class='ocrx_word' id='word_1_303' title='bbox 633 4382 737 4451; x_wconf 87' lang='lat' dir='ltr'><strong>etiam</strong></span> <span class='ocrx_word' id='word_1_304' title='bbox 761 4387 837 4451; x_wconf 89' lang='lat' dir='ltr'><strong>tum</strong></span> <span class='ocrx_word' id='word_1_305' title='bbox 860 4382 997 4475; x_wconf 90' lang='lat' dir='ltr'><strong>quando</strong></span> <span class='ocrx_word' id='word_1_306' title='bbox 1021 4381 1179 4474; x_wconf 81' lang='lat' dir='ltr'><strong>quaestio</strong></span> <span class='ocrx_word' id='word_1_307' title='bbox 1202 4381 1298 4471; x_wconf 92' lang='lat' dir='ltr'><strong>prior</strong></span> 
     </span>
     <span class='ocr_line' id='line_1_37' title="bbox 125 4486 1298 4581; baseline -0.001 -25"><span class='ocrx_word' id='word_1_308' title='bbox 125 4509 168 4557; x_wconf 84' lang='lat' dir='ltr'><strong>cx</strong></span> <span class='ocrx_word' id='word_1_309' title='bbox 191 4487 376 4580; x_wconf 84' lang='lat' dir='ltr'><strong>principiis</strong></span> <span class='ocrx_word' id='word_1_310' title='bbox 399 4488 567 4560; x_wconf 80' lang='lat' dir='ltr'><strong>revelatis</strong></span> <span class='ocrx_word' id='word_1_311' title='bbox 594 4486 700 4557; x_wconf 84' lang='lat' dir='ltr'><strong>facile</strong></span> <span class='ocrx_word' id='word_1_312' title='bbox 722 4489 767 4558; x_wconf 87' lang='lat' dir='ltr'><strong>ad</strong></span> <span class='ocrx_word' id='word_1_313' title='bbox 782 4487 957 4581; x_wconf 89' lang='lat' dir='ltr'><strong>liquidum</strong></span> <span class='ocrx_word' id='word_1_314' title='bbox 973 4489 1097 4558; x_wconf 87' lang='lat' dir='ltr'><strong>deduci</strong></span> <span class='ocrx_word' id='word_1_315' title='bbox 1112 4495 1148 4558; x_wconf 91' lang='lat' dir='ltr'><strong>et</strong></span> <span class='ocrx_word' id='word_1_316' title='bbox 1166 4487 1298 4559; x_wconf 81' lang='lat' dir='ltr'><strong>veritas</strong></span> 
     </span>
    </p>
   </div>
   <div class='ocr_carea' id='block_1_10' title="bbox 0 0 1727 5076">
    <p class='ocr_par' dir='ltr' id='par_1_10' title="bbox 0 0 1727 5076">
     <span class='ocr_line' id='line_1_38' title="bbox 0 0 1727 5076; baseline 0 0"><span class='ocrx_word' id='word_1_317' title='bbox 0 0 1727 5076; x_wconf 95' lang='lat' dir='ltr'><strong> </strong></span> 
     </span>
    </p>
   </div>
  </div>
 </body>
</html>
