3292 5062
886 375 924 390 -
947 343 1006 403 162
1027 375 1065 390 -

395 447 587 536 gnitionem
609 447 879 533 Catholicornm,
906 449 990 542 quia
1011 447 1232 538 intelligunt,
1250 470 1292 516 ea
1314 471 1403 541 qnae
1424 473 1492 517 nos
1509 472 1577 544 pro

395 554 532 623 modulo
555 561 673 623 nostro
696 555 921 644 concipimus,
946 578 1021 624 csse
1044 557 1182 647 quidem
1205 556 1243 622 in
1265 557 1360 640 Deo,
1386 557 1497 646 longe
1521 565 1576 624 ta·

394 683 469 729 men
486 660 591 728 aliter
608 663 767 753 omnique
780 662 1081 752 comprehensione
1097 663 1312 750 sublimiora;
1327 663 1411 733 hinc
1426 693 1442 727 r
1455 665 1577 754 ipsam

392 767 625 856 cognitionem
648 767 1078 857 incomprehensibilitatis
1100 791 1174 837 esse
1199 769 1415 838 verissimam
1430 770 1503 838 Dei
1520 794 1576 839 cc

392 876 584 965 gnitiouem
603 902 619 938 a
637 877 745 966 Nyss.
766 883 877 946 contr.
894 875 1043 944 Eunom.
1061 877 1093 944 Ι.
1112 901 1145 967 p.
1165 876 1220 944 98.

459 981 601 1050 Summa
622 983 735 1051 tetius
758 982 866 1051 huius
891 983 1070 1052 doctrinae
1093 983 1138 1052 ad
1163 1006 1271 1052 nuum
1293 985 1495 1074 principum
1522 1007 1578 1052 re-

393 1095 551 1158 vocatur.
579 1090 721 1158 Veritas
743 1097 779 1158 et
803 1091 943 1159 falsitas
965 1099 1111 1160 nonest
1133 1091 1171 1158 in
1187 1091 1410 1180 conceptibus
1425 1097 1463 1160 et
1479 1093 1578 1160 ideis

393 1219 454 1286 per
477 1219 525 1280 sa,
552 1196 671 1264 sedin
694 1197 850 1282 iudiciis,
868 1197 995 1288 quibus
1018 1198 1060 1266 de
1084 1198 1240 1267 subiecto
1256 1198 1503 1288 praedicatum
1521 1201 1577 1266 af-

392 1303 570 1372 firmamus
594 1304 652 1372 vel
674 1326 853 1394 negemus.
878 1305 954 1372 Iam
977 1327 1060 1374 vcro
1090 1305 1173 1374 illae
1203 1305 1577 1398 perfectiones„quas

393 1411 607 1500 concipimus
628 1409 716 1478 ideis
739 1411 984 1502 inadaeqnatis
1006 1418 1043 1480 et
1065 1411 1275 1501 analogicis,
1300 1413 1373 1480 Deo
1389 1435 1473 1482 vere
1492 1437 1577 1482 con·

393 1517 540 1586 veniunt
561 1517 648 1586 licet
669 1516 706 1584 in
729 1539 769 1584 eo
792 1517 865 1585 sint
888 1517 986 1586 modo
1010 1519 1224 1624 perfectiori,
1251 1541 1354 1610 qnam
1377 1543 1441 1588 nos
1458 1522 1578 1590 conoi-

393 1625 507 1715 pimus
530 1625 587 1694 vel
610 1624 790 1714 concipere
814 1647 1010 1714 possumus.
1035 1625 1127 1694 Dum
1150 1648 1235 1715 ergo
1257 1649 1317 1696 cas
1332 1629 1576 1716 perfectiones

392 1733 430 1800 in
452 1733 525 1800 Deo
547 1755 622 1802 esec
645 1733 867 1818 affirmamus,
886 1731 993 1800 simul
1009 1739 1177 1822 negantes
1200 1734 1233 1802 ei
1256 1734 1443 1803 convenire
1466 1737 1577 1804 modo

392 1841 607 1932 imperfecto,
624 1864 691 1934 qno
706 1863 766 1910 eas
777 1841 1002 1932 concipimus,
1023 1843 1335 1936 intelligentesque
1351 1867 1425 1914 esse
1442 1845 1481 1913 in
1499 1846 1577 1914 Deo

392 1950 496 2040 louge
527 1949 756 2034 eminentius,
783 1951 944 2042 quamvis
968 1950 1135 2020 distincte
1157 1974 1307 2022 caenon
1338 1975 1576 2045 assequamur

393 2058 560 2150 quomodo
584 2057 621 2125 in
644 2059 715 2127 Deo
739 2065 834 2142 eunt,
860 2058 896 2126 h.
914 2081 945 2126 e.
967 2059 1045 2125 dnm
1070 2083 1126 2126 ece
1154 2083 1234 2141 eece,
1257 2081 1324 2128 non
1348 2069 1465 2129 tamen
1481 2061 1576 2152 quid

393 2167 466 2231 sint
502 2167 703 2268 notionibus
737 2165 891 2256 propriis
925 2166 1114 2236 secundum
1145 2166 1320 2236 infinitam
1354 2189 1474 2236 earum
1516 2191 1574 2237 ra-

391 2271 520 2340 tionem
545 2272 795 2362 cognoscimns;
821 2275 977 2362 profecto
1000 2273 1171 2342 indicium
1193 2281 1351 2344 nostrum
1379 2279 1574 2366 respondet

392 2400 455 2446 eno
478 2379 622 2463 obiecto,
647 2377 733 2446 licet
755 2378 853 2448 ideae
876 2401 963 2470 qnas
979 2380 1017 2447 in
1033 2402 1073 2448 eo
1089 2381 1352 2470 coniungimus,
1378 2404 1447 2450 uon
1470 2384 1573 2451 exhi·

394 2487 497 2554 beant
514 2485 686 2554 obiectum
706 2491 745 2554 nt
759 2486 798 2554 in
821 2508 857 2554 se
879 2493 945 2556 est.
963 2487 1031 2556 Est
1053 2511 1137 2576 ergo
1153 2489 1313 2578 cognitio
1329 2511 1414 2558 vera
1430 2489 1492 2558 sed
1510 2492 1573 2558 irn-

391 2595 558 2683 perfecta.
578 2593 633 2660 Cf.
654 2593 691 2662 S.
703 2593 770 2662 rh.
787 2593 819 2662 1.
836 2619 870 2686 q.
885 2591 942 2662 13.
957 2615 994 2663 a.
1011 2594 1066 2662 12.
1080 2595 1125 2663 ad
1141 2594 1174 2682 ὃς
1191 2595 1234 2663 de
1245 2597 1383 2664 Potent.
1396 2621 1430 2687 q.
1442 2597 1477 2662 7.
1495 2599 1569 2664 ali.

457 2699 586 2768 Goroll.
616 2707 647 2768 1.
673 2700 804 2769 Ordine
826 2701 940 2792 logico
964 2701 1064 2791 prins
1087 2701 1300 2792 concipimus
1323 2705 1570 2792 perfectiones,

392 2813 433 2876 ut
456 2807 597 2875 suntin
621 2808 805 2894 creaturis;
826 2808 1014 2898 posterius,
1041 2815 1082 2877 ut
1105 2809 1249 2877 suntin
1271 2811 1356 2878 Dec:
1375 2811 1412 2878 in
1428 2821 1570 2880 creatu·

388 2915 439 2982 ris
454 2920 495 2982 ut
510 2915 691 2983 realitates
710 2915 885 2983 limitatas
902 2915 1086 3005 negatione
1105 2916 1282 2984 realitatis
1296 2917 1478 2986 ulterioris
1492 2943 1572 3008 pos-

389 3023 503 3092 sibilis
515 3021 725 3112 respondent
740 3029 858 3092 nostro
870 3023 1023 3092 limitato
1036 3022 1254 3114 concipiendi
1266 3024 1376 3112 mod0;
1390 3024 1428 3090 in
1440 3025 1516 3094 Deo
1530 3035 1571 3095 ut

388 3129 534 3198 realitss
558 3151 635 3196 cnm
651 3130 835 3219 negatione
858 3131 1056 3220 negationis
1079 3131 1154 3199 sive
1180 3131 1326 3200 realitas
1352 3132 1427 3199 sine
1453 3132 1571 3202 limite

390 3243 474 3303 sunt
495 3257 559 3325 sup
567 3257 608 3302 ra
631 3243 789 3304 nostrum
805 3237 1022 3326 concipiendi
1040 3238 1188 3306 modum.
1205 3238 1249 3305 Iu
1264 3239 1437 3308 creaturis
1452 3240 1572 3329 igitur

388 3365 447 3412 eas
471 3365 655 3432 possumus
677 3343 878 3436 intelligere
901 3344 988 3436 quid
1007 3349 1092 3428 rint,
1122 3346 1159 3413 in
1182 3346 1254 3414 Deo
1276 3347 1412 3415 ratione
1429 3349 1573 3417 conclu·

388 3451 469 3518 dere
492 3458 529 3519 et
551 3449 620 3518 fide
643 3449 799 3534 credere,
830 3451 921 3542 qnod
947 3467 1039 3521 sant.
1066 3453 1198 3522 Contra
1219 3453 1339 3522 ordine
1369 3454 1572 3545 ontclcgico

388 3581 445 3626 res
467 3559 545 3648 ipsa
568 3557 716 3648 primunr
738 3567 775 3627 et
797 3560 1042 3650 principaliter
1065 3567 1119 3630 est
1138 3563 1175 3628 in
1191 3561 1276 3644 Deo,
1294 3584 1355 3652 per
1369 3563 1563 3654 participa·

387 3665 516 3734 tionem
538 3674 575 3734 et
597 3665 778 3755 analogice
801 3667 839 3734 in
863 3670 1048 3738 creaturis.
1076 3671 1192 3752 Quare
1214 3670 1357 3736 nomina
1380 3671 1569 3760 perfectio-

387 3796 447 3842 nes
472 3774 646 3868 simplices
661 3775 897 3864 designantia,
916 3777 960 3845 ed
978 3799 1050 3846 rem
1068 3778 1179 3866 ipsam
1197 3778 1288 3868 quod
1304 3783 1451 3868 spectat,
1471 3779 1564 3870 prin·

387 3881 538 3971 cipalius
548 3881 779 3970 perfectiones
791 3884 868 3968 Dei,
883 3884 1065 3973 analogice
1078 3885 1309 3974 perfectiones
1322 3891 1565 3954 creaturarum

388 3988 613 4078 significant,
639 3991 671 4057 si
695 4011 779 4059 vero
801 3997 979 4082 spectetur
1002 3993 1182 4060 nominum
1206 3992 1403 4082 impositio,
1433 3994 1571 4062 ratione

387 4097 485 4186 prins
501 4095 726 4186 imponuntur
737 4097 782 4167 ad
794 4099 1025 4188 perfectiones
1041 4105 1296 4184 creaturarum,
1311 4121 1414 4191 quam
1429 4102 1475 4169 ad
1493 4127 1570 4194 per·

387 4203 553 4272 lectiones
576 4205 642 4272 Dei
665 4207 898 4295 designandas
917 4207 954 4275 S.
970 4207 1036 4275 rh.
1057 4207 1089 4275 1.
1108 4235 1141 4301 q.
1163 4207 1217 4276 13.
1237 4229 1270 4275 a.
1291 4207 1324 4277 6.

456 4309 585 4380 Ocroll.
603 4317 637 4380 2.
656 4313 734 4381 Non
756 4313 870 4403 magis
900 4315 1035 4382 veritas
1050 4321 1165 4406 potest
1194 4313 1345 4404 exprimi
1361 4315 1467 4384 verbo
1492 4340 1568 4407 pro-

389 4418 508 4487 latitio
535 4417 724 4511 (apopoprap)
751 4441 854 4510 qnam
877 4420 1011 4511 concipi
1029 4423 1134 4492 verbo
1159 4421 1267 4490 insito
1286 4415 1494 4508 (isdrmterph
1515 4447 1569 4492 eo-
