3292 5062
549 347 728 410 -ΙΠ-

62 460 166 522 tanen
189 453 478 544 cognoscibilitas
501 453 631 544 duplex
653 459 717 538 est,
745 475 815 522 uua
837 474 880 521 ex
903 453 1055 522 mediata
1090 453 1229 525 eviden-

62 564 107 630 tia
128 562 185 635 vel
211 561 426 645 certitudine
450 583 536 654 quae
559 559 851 630 demonstratione
883 560 1089 647 innotescit,
1116 561 1232 629 altera

61 694 98 738 ex
118 669 245 738 divina
265 669 525 756 testificatione3
551 691 613 759 per
628 669 778 758 priorem
794 667 930 736 veritas
948 668 1101 738 refertur
1116 668 1161 737 ad
1176 691 1232 737 ra-

62 779 182 846 tionem
206 775 453 865 intelligenda,
479 799 540 866 per
555 775 779 865 posteriorem
797 775 840 843 ad
858 776 1159 865 supernaturalem
1175 775 1234 844 ha·

63 885 163 953 bitum
185 883 271 953 fidei
295 883 479 952 credenda.
497 883 597 952 Unde
613 883 848 973 consequitur,
868 883 1039 952 obiectum
1055 883 1146 952 idem
1162 877 1232 950 ma·

62 992 180 1060 anule
196 993 261 1060 sub
277 991 344 1059 illa
358 991 493 1060 ratione
510 989 834 1080 cognoscibilitatis,
848 1011 917 1082 qua
931 990 1095 1060 affectum
1107 996 1162 1059 est
1173 1013 1235 1082 per

65 1101 305 1169 auctoritatem
327 1097 393 1167 Dei
415 1099 608 1168 revelantis
642 1098 675 1167 ei
709 1097 962 1185 extrinsecam,
986 1121 1060 1168 esse
1095 1101 1234 1192 quidem

64 1209 227 1278 obiective
250 1213 385 1278 certum
408 1213 615 1276 nontamen
638 1206 806 1291 evidens,
832 1211 937 1298 atque
953 1207 1037 1276 adeo
1054 1229 1233 1276 assensum

65 1316 306 1384 inveritatem
330 1315 395 1383 sub
417 1313 483 1382 hac
506 1313 647 1384 formali
669 1313 805 1382 ratione
828 1336 902 1382 esse
925 1313 1085 1402 liberum;
1103 1315 1168 1382 sub
1183 1313 1233 1382 al-

64 1433 132 1493 tera
155 1447 239 1494 vero
262 1421 398 1492 ratione
430 1421 743 1510 cognoscibilitatis
772 1443 871 1510 posse
901 1443 976 1490 esse
1006 1422 1167 1506 evidens,
1193 1443 1233 1489 ae

65 1533 200 1621 proinde
224 1553 403 1600 assensum
426 1529 464 1597 iu
486 1529 671 1599 veritatem
694 1529 926 1597 necessarium
945 1552 985 1598 ac
1003 1530 1233 1619 independen-

65 1648 125 1708 tem
149 1663 170 1706 a
184 1639 298 1709 libera
309 1637 506 1708 voluntatis
522 1637 700 1707 electione.
719 1637 818 1705 Unde
832 1637 982 1712 ulterius
999 1637 1227 1726 intelligitur,

67 1748 223 1839 quomodo
247 1747 419 1815 obiectum
441 1745 523 1813 fidei
547 1745 610 1812 snb
634 1744 775 1813 formali
798 1766 861 1812 sua
877 1745 1012 1814 ratione
1028 1745 1076 1814 sit
1089 1765 1228 1834 nonsp-

67 1877 193 1944 parens,
211 1860 248 1923 et
269 1854 356 1923 fides
378 1851 484 1922 etiam
505 1853 542 1920 in
565 1852 635 1937 hie,
662 1875 750 1944 quae
773 1852 915 1922 aliunde
935 1859 1018 1922 sunt
1035 1852 1227 1938 evidentia,

68 1963 109 2030 sit
137 1961 311 2031 convictio
334 1961 386 2048 (1)
409 1981 450 2028 ac
475 1965 753 2050 «argumentum
767 1983 837 2028 nou
859 1961 1103 2050 apparentium
1133 1957 1233 2054 (πραι

69 2091 178 2156 ῃιπων
191 2066 318 2156 ἐλεγχος
332 2064 363 2132 lu
376 2062 578 2156 βλεπομενων)
597 2069 684 2137 Heb.
702 2068 767 2137 XI.
788 2067 820 2156 13
839 2069 1038 2160 pariterque
1062 2068 1234 2158 intelligi·

69 2181 133 2262 tur,
155 2199 255 2267 posse
278 2176 461 2261 hominem,
476 2175 537 2268 qui
557 2176 736 2245 evidenter
751 2176 929 2265 cognoscit
944 2175 1055 2244 Deum
1071 2176 1232 2262 existere,

72 2307 130 2352 uon
151 2284 290 2376 quidem
313 2305 442 2372 negare
465 2283 687 2352 existentiam
714 2283 791 2368 Dei,
817 2305 945 2373 negare
960 2351 963 2360 ,
979 2291 1095 2353 tamen
1130 2283 1230 2357 fidem

74 2390 106 2458 in
125 2391 189 2460 Dei
212 2390 445 2476 existentiam,
468 2390 503 2459 h.
523 2413 554 2460 e.
572 2412 750 2460 assensum
773 2391 811 2458 iu
834 2392 924 2460 hauc
947 2391 1132 2462 veritatem
1155 2413 1233 2482 pro·

74 2503 140 2585 pter
159 2497 408 2566 auctoritatem
430 2497 495 2566 Dei
518 2497 704 2590 loquentis;
731 2499 813 2590 quia
835 2499 945 2568 Deum
968 2522 1041 2568 esse
1064 2499 1231 2584 locutum,
1265 2582 1269 2590 ·
1307 2571 1322 2590 ,

74 2605 275 2697 estquidam
297 2604 467 2674 obiective
491 2605 744 2690 certissimum,
770 2629 839 2675 uon
861 2611 978 2674 tamen
1002 2607 1054 2674 ita
1077 2607 1232 2692 evidens,

75 2717 110 2778 ut
127 2735 288 2782 assensus
311 2711 370 2781 vel
393 2712 570 2781 dissensus
592 2735 661 2781 nou
683 2713 833 2804 pendeat
855 2735 877 2782 a
899 2713 1009 2782 libero
1036 2712 1234 2783 voluntatis

76 2817 218 2910 inperio.
245 2821 280 2907 d)
303 2819 347 2887 In
370 2824 519 2912 utroque
542 2841 686 2889 assensu
708 2820 893 2888 rationalis
917 2819 1168 2888 intellectiouis
1195 2841 1236 2889 ac

78 2925 146 2996 fidei
166 2925 381 3018 principium
416 2926 557 2995 eliciens
590 2949 659 2996 uon
681 2927 797 2996 eodem
820 2927 917 2995 modo
942 2950 977 2995 se
1008 2926 1130 3014 habet;
1157 2948 1236 2994 nam

79 3052 225 3102 ameum
248 3031 435 3102 rationalis
458 3033 589 3122 poterit
611 3055 686 3102 esse
710 3056 752 3102 ex
774 3032 906 3102 lumine
929 3056 1021 3102 mere
1051 3033 1233 3118 naturali,

80 3160 226 3210 mausus
260 3141 344 3209 fidei
375 3141 703 3232 supernaturalibus
737 3141 875 3210 viribus
909 3141 1063 3211 elicitur.
1089 3141 1238 3210 Proinde

80 3249 272 3330 classensus
295 3253 442 3340 uterque
470 3254 548 3317 tum
577 3248 718 3317 formali
747 3248 902 3335 motivo,
936 3253 1012 3318 tum
1042 3249 1237 3319 subiectivo

81 3353 223 3425 eliciente
246 3353 419 3445 principio
443 3353 576 3425 diversi
598 3361 653 3424 est
677 3353 822 3424 ordinis.

133 3462 244 3554 Atqui
258 3461 458 3530 huiusmodi
474 3467 586 3547 actus,
606 3461 667 3555 qui
682 3462 884 3531 referantur
899 3462 943 3530 ad
958 3461 1048 3531 idem
1067 3463 1237 3533 obiectum

83 3569 246 3638 materiale
268 3568 328 3638 sed
362 3567 426 3636 sub
455 3568 590 3636 ratione
623 3567 763 3636 formali
786 3567 949 3653 diversa,
975 3568 1014 3636 iu
1036 3569 1152 3636 eodem
1179 3568 1238 3636 ho·

83 3675 158 3744 uine
179 3675 312 3744 sciente
335 3680 373 3742 et
395 3674 555 3743 credente
578 3674 783 3743 nullatenus
805 3680 1016 3764 repugnant.
1046 3675 1187 3744 «Fides
1203 3681 1239 3744 et

85 3783 238 3871 seientia,
263 3783 317 3852 ait
344 3781 387 3850 B.
411 3781 582 3850 Albertus
604 3781 652 3850 M.
671 3783 704 3850 3.
724 3782 807 3850 dist.
827 3781 883 3850 24.
904 3805 936 3851 a.
957 3781 990 3866 9,
1014 3788 1097 3850 suut
1120 3783 1161 3852 de
1185 3805 1238 3850 eo·

85 3889 148 3960 den
166 3915 233 3962 nou
255 3891 443 3961 secundum
457 3891 563 3976 idem,
578 3897 614 3959 et
625 3889 713 3959 'ideo
728 3913 835 3960 unum
850 3913 918 3959 non
934 3897 1082 3960 evacuat
1097 3883 1237 3960 aliud...

85 3995 174 4068 Fides
195 4009 310 4070 autem
332 4021 401 4068 non
418 4000 568 4068 assentit
590 4006 731 4090 propter
748 4000 918 4069 rationem
934 3999 1240 4086 (demonstrantem

87 4103 131 4171 rei
138 4107 315 4176 veritatem
326 4105 440 4192 inse),
455 4105 515 4174 sed
526 4106 619 4174 ratio
631 4105 682 4174 ibi
695 4113 749 4175 est
760 4107 825 4176 sub
836 4105 903 4174 fide
915 4111 952 4173 et
963 4104 1125 4174 similiter
1136 4105 1241 4174 scien-

139 4249 177 4324 (1)
193 4252 220 4307 S.
230 4251 303 4320 Aug.
313 4253 346 4306 ln
358 4252 443 4305 Pauli
455 4255 538 4306 textu
558 4254 723 4306 consuatur
745 4253 836 4318 legit:
854 4253 1021 4306 «convictio
1036 4264 1131 4307 rerum
1146 4292 1152 4320 ,
1169 4265 1240 4318 quea

91 4351 137 4390 uon
152 4339 350 4397 videntnrsin
368 4343 410 4395 Io.
422 4344 507 4396 tract.
520 4342 570 4410 79,
592 4341 643 4408 953
667 4341 733 4409 111,
750 4341 786 4396 ds
804 4347 944 4412 peccator.
964 4341 1061 4399 ruerit.
1082 4345 1112 4396 et
1129 4341 1240 4396 remiss.

92 4426 739 4500 lunmmammnmumaa
