3292 5062
549 379 587 395 -
611 348 670 411 109
691 380 728 394 ..

70 463 307 542 creaturarum
324 461 360 543 r)
375 453 564 545 opponitur
586 477 669 523 vero
691 454 885 544 cognitioni
902 452 960 524 vel
989 452 1149 521 excultae
1172 474 1234 542 per

70 564 203 634 reflexae
217 563 461 632 meditationes
476 569 513 630 et
527 561 738 630 scientificae
755 561 1077 644 demonstrationes,
1098 559 1154 627 vel
1166 559 1232 628 ela-

70 681 162 740 retae
183 694 243 760 per
265 670 529 756 revelationem
549 675 576 754 ὃ)
593 669 722 738 collata
744 669 883 737 tandem
907 669 975 736 PP.
997 667 1158 736 doctrina
1192 667 1234 736 da

71 773 166 858 modo,
182 797 247 865 quo
271 773 425 842 bumana
447 774 541 842 ratio
553 774 766 842 naturaliter
780 765 976 862 cognitione
988 773 1055 841 Dei
1069 772 1233 842 informa·

70 889 133 962 tnr,
149 877 229 944 aliia
252 877 290 944 in
313 877 401 945 locis
418 877 548 946 diserte
571 878 761 969 proposita,
780 878 897 966 opinio
912 878 953 946 de
970 885 1152 946 concreata
1167 876 1233 944 Dei

69 985 183 1052 notitia
204 984 372 1052 Patribus
394 985 547 1054 adscribi
571 1009 639 1054 non
663 992 789 1074 potest,
815 985 899 1076 quin
924 1007 1039 1052 secum
1054 983 1143 1072 ipsis
1163 1004 1233 1050 ma·

69 1091 182 1156 nifaste
193 1089 468 1158 committantur.
481 1089 690 1158 Huiusmodi
701 1112 785 1178 ergo
799 1087 1034 1166 locutionibus
1050 1087 1142 1154 alius
1159 1109 1233 1156 sen·

69 1215 119 1260 ens
139 1215 205 1260 uon
228 1193 361 1278 subest,
387 1193 458 1262 nisi
482 1193 573 1286 quod
597 1193 662 1260 Dei
685 1194 840 1282 cognitio
864 1191 987 1262 saltem
1012 1192 1158 1260 confusa
1174 1192 1232 1260 do·

69 1305 156 1366 cetur
177 1309 300 1388 sponte
323 1301 453 1368 oboriri
477 1323 519 1368 ex
543 1300 821 1370 consideratione
855 1300 959 1368 obvia
990 1320 1031 1366 ac
1062 1298 1233 1366 communi

70 1405 223 1490 omnibns,
242 1407 303 1498 qui
319 1408 519 1497 expeditum
543 1408 673 1476 babent
688 1431 789 1476 usum
804 1407 965 1492 rationis,
985 1426 1088 1498 quam
1105 1403 1233 1474 doctri·
1308 1399 1310 1404 ’

71 1533 140 1580 nem
161 1513 227 1582 iam
249 1515 289 1582 in
312 1515 400 1604 ipsis
416 1513 612 1606 Scripturia
635 1515 788 1584 indicari
810 1514 971 1606 superius
995 1512 1049 1582 th.
1069 1511 1114 1582 V.
1132 1535 1168 1580 n.
1199 1509 1233 1578 θ’

72 1617 330 1690 demonstratum
358 1628 424 1692 est.

520 1833 676 1904 cAPUr
700 1835 771 1905 111.

186 1985 227 2026 D}
245 1985 512 2029 scrutandum
528 1985 808 2029 xaulrusrffloua
827 1987 883 2028 nm
906 1983 1100 2028 EXISTEN'HS.

517 2143 661 2204 THESIS
683 2145 768 2204 Vlll.

126 2266 165 2328 De
184 2272 454 2347 manifestatione
481 2272 518 2329 ia
538 2272 639 2348 factis
663 2268 981 2350 supernaturalibus,
1009 2275 1173 2346 quatenus

297 2386 339 2429 ere
364 2371 410 2428 eis
435 2369 520 2429 Deus
542 2371 672 2428 ratione
697 2369 918 2445 inteltipibilir
939 2375 995 2428 ert.

128 2551 264 2604 ul’rrater
281 2549 546 2604 manifestationem
564 2551 617 2604 Dei
643 2551 675 2604 in
697 2551 831 2620 operibus
853 2555 973 2604 naturae
997 2549 1122 2602 aliaest
1147 2545 1234 2600 factis

78 2641 359 2710 0rrpqrnatrrrlibns
378 2641 588 2709 comprehensa.
609 2644 876 2710 Supernatnralinm
898 2644 973 2696 enim
997 2641 1136 2694 factorum
1162 2651 1235 2690 com·

79 2735 186 2799 ¹plexus
207 2739 242 2786 ut
261 2735 449 2800 aspectabilis
471 2734 540 2787 ordo
559 2735 714 2789 historicus
738 2739 767 2790 et
789 2751 891 2787 novum
910 2735 1051 2802 quoddam
1061 2733 1231 2796 anfonsum,

78 2824 142 2876 ¹ltai
152 2825 337 2878 existentiam
352 2829 382 2878 at
395 2825 585 2893 perfectiones
605 2827 780 2894 multiplices
800 2824 1032 2892 splendidissime
1052 2824 1231 2889 manifestat,

79 2922 228 2980 musanus
256 2917 399 2984 imprimis
422 2918 498 2970 ratio
522 2916 586 2983 ipsa
607 2921 637 2968 at
657 2917 795 2970 factorum
816 2917 1003 2969 existentiam
1028 2919 1058 2966 et
1081 2914 1232 2968 eorundem

79 3025 149 3062 ’cum
173 3011 332 3066 existentia
355 3009 408 3064 Dei
431 3009 540 3076 Datque
562 3007 788 3074 perfectionibus
812 3006 1003 3059 necessarium
1027 2990 1128 3058 riarum
1153 3006 1230 3056 carto

80 3119 89 3142 ν
101 3103 263 3170 assequitur.
279 3123 291 3148 ι

129 3271 199 3352 Quo
222 3273 371 3340 effectus
394 3277 479 3340 sunt
494 3271 733 3361 perfectiores,
747 3291 786 3338 eo
799 3269 1033 3353 manifestius,
1052 3267 1233 3336 dummodo

80 3377 253 3448 formaliter
278 3388 319 3448 ut
345 3381 491 3447 effectus
522 3387 800 3468 cognoscantur,
826 3384 863 3446 et
892 3377 1115 3446 existentiam
1151 3397 1234 3443 suae

80 3503 182 3550 censae
203 3489 241 3552 et
262 3483 372 3550 huius
396 3485 627 3573 perfectiones
651 3483 900 3550 demonstrant.
929 3481 968 3550 Si
992 3503 1075 3571 ergo
1099 3482 1167 3548 iem
1191 3503 1234 3548 ex

80 3588 218 3674 operibus
241 3599 392 3656 naturae
410 3617 426 3650 a
444 3586 486 3654 ad
513 3587 577 3656 hoc
594 3587 753 3676 prolatis,
769 3593 810 3654 ut
825 3607 846 3652 a
864 3587 1052 3675 primordio
1067 3586 1162 3653 Deus
1181 3605 1235 3652 co·

81 3705 284 3782 gnosceretur
303 3724 319 3758 n
338 3697 537 3782 (Tertull.),
554 3704 626 3763 tam
643 3695 838 3764 luculenter
862 3695 1042 3784 refulgent
1066 3690 1234 3761 creatoris

81 3803 304 3891 omnipotentis
326 3801 518 3869 existentia
540 3809 577 3868 et
599 3800 786 3886 attributa;
801 3799 879 3868 fieri
902 3799 1035 3890 nequit,
1055 3797 1147 3864 utin
1164 3817 1233 3862 rna-

80 3905 281 3975 nifestetione
294 3904 531 3996 superaddita,
547 3927 634 3996 quae
649 3905 811 3993 operibus
828 3911 967 3972 constat
984 3901 1118 3970 ordinis
1131 3900 1235 3988 longe

82 4009 271 4078 sublimioris
294 4011 388 4078 hunc
412 4011 528 4097 ipsum
550 4010 587 4076 in
611 4009 712 4076 finem
744 4009 867 4090 editis,
895 4015 937 4074 ut
967 4008 1028 4099 qui
1054 4006 1092 4072 in
1124 4003 1233 4094 priori

83 4110 169 4178 Deum
190 4136 257 4180 non
281 4119 516 4201 agnoverunt,
541 4111 607 4182 hac
632 4111 783 4180 secunda
806 4111 1053 4200 percellantur,
1072 4109 1166 4176 Deus
1182 4107 1233 4174 in·

83 4213 160 4282 inita
180 4225 314 4305 potens,
341 4215 491 4304 sapiens,
518 4217 628 4286 bonus
650 4223 687 4284 et
709 4215 907 4284 misericors
930 4215 1101 4282 humanae
1115 4213 1234 4302 cogni·

84 4316 152 4384 tioni
170 4343 235 4387 uon
258 4342 295 4387 aa
320 4320 461 4408 ingeret
483 4319 594 4387 radiis
626 4319 866 4388 lucidissimis.
885 4320 978 4389 Hinc
1006 4317 1069 4386 SS.
1087 4319 1231 4401 Patras,

86 4422 196 4510 qnando
217 4423 534 4492 manifestationem
558 4424 745 4492 conferunt
767 4431 962 4516 utramque,
982 4422 1179 4492 naturalem
1190 4423 1232 4491 il-
