3224 5068
878 374 915 388 -
937 341 997 400 318
1018 371 1055 384 -

384 445 568 538 Appetitas
591 453 707 517 eutem
730 448 881 518 sumitur
903 457 979 517 tum
1003 446 1116 537 magis
1143 444 1284 536 proprie
1299 467 1363 534 pro
1379 441 1547 512 tendentia
1596 437 1597 477 ³

381 559 417 622 et
439 553 720 646 conquiescentie
744 557 941 627 voluntatis
963 555 1008 624 ed
1031 555 1224 646 perfeetum
1249 553 1317 620 eibi
1334 549 1546 630 conveniens,

380 660 574 730 cuiusmodi
597 669 652 732 eet
676 663 712 731 in
737 663 821 732 eolis
844 661 1145 732 intellectualibus
1168 666 1205 728 et
1220 658 1386 749 anologit
1409 655 1549 751 quedem

378 765 415 833 in
440 767 684 858 sentientibue;
712 771 771 838 vel
794 770 981 861 improprie
1005 791 1068 860 pro
1091 767 1249 836 naturali
1277 765 1498 835 ordinatione
1519 769 1550 830 et
1596 793 1597 804 κ

380 873 608 944 inclinatione
632 877 675 945 ed
703 879 951 966 perfectionem
974 877 1050 961 eui,
1076 874 1271 946 cuiusmodi
1301 879 1356 942 est
1385 873 1489 942 etiem
1518 869 1549 936 in

382 981 599 1050 inanimatis.

448 1088 554 1158 Ratio
578 1092 725 1180 perfecti
747 1099 801 1160 eet
824 1093 949 1160 bonum
973 1091 1229 1161 consideratum
1253 1089 1290 1158 in
1313 1111 1362 1172 ee,
1385 1093 1422 1157 et
1444 1091 1550 1177 potest
1596 1091 1597 1130 ³

383 1196 453 1266 diei
485 1196 605 1264 tonum
632 1199 734 1291 quod.
755 1199 822 1268 Sed
853 1200 1107 1268 omnebonum
1139 1197 1176 1265 in
1201 1219 1238 1266 ee
1265 1201 1320 1266 est
1351 1193 1551 1264 couveniens

382 1303 502 1391 alicui,
517 1327 601 1396 ergo
617 1307 741 1376 bonum
758 1307 795 1374 in
808 1330 843 1375 se
860 1313 914 1376 eet
930 1307 1036 1376 etium
1049 1305 1251 1398 appetibile,
1267 1305 1332 1373 enb
1344 1325 1414 1395 qun
1425 1301 1550 1370 ratione
1596 1339 1597 1344 κ

384 1417 497 1502 potent
515 1411 586 1482 dici
603 1413 723 1480 tomum
735 1417 802 1482 eui.
821 1413 920 1484 Unde
938 1414 1096 1484 definitio
1111 1410 1331 1482 Aristotelis:
1350 1412 1475 1478 bonnm
1491 1415 1548 1490 eet,
1596 1415 1597 1446 l

384 1519 474 1608 quod
491 1521 605 1588 omnio
619 1527 803 1610 oppetunt.
822 1522 896 1590 Hoc
913 1545 996 1590 vero
1011 1549 1027 1586 c
1042 1543 1111 1590 non
1126 1521 1178 1590 eie
1193 1521 1424 1612 intelligitur,
1442 1518 1551 1612 inquit
1596 1523 1597 1566 ἒ

384 1622 421 1690 S.
442 1622 593 1692 Thomas
609 1630 622 1708 (
631 1624 656 1692 l.
677 1647 707 1694 c.
726 1647 759 1692 u.
778 1626 811 1694 2.
833 1625 876 1694 ad
893 1627 956 1713 2.),
977 1625 1077 1718 quusi
1094 1627 1361 1718 unumquodque
1379 1627 1500 1694 bonurn
1514 1621 1550 1689 eb
1596 1629 1597 1670 l

384 1731 541 1800 omnibus
564 1739 763 1823 appetetur,
790 1735 850 1804 eed
874 1735 958 1828 quin
981 1732 1153 1827 quidquid
1179 1734 1372 1824 oppetitur,
1389 1733 1548 1802 rationem
1596 1743 1597 1782 l

385 1837 464 1906 boni
488 1837 605 1907 hebet.
625 1867 642 1901 n
1277 1927 1282 1935 ,

450 1945 558 2014 Porro
586 1948 762 2016 bonumir
780 1973 815 2018 ee
838 1949 995 2040 intelligi
1012 1954 1127 2040 potest
1140 1950 1179 2019 in
1195 1949 1380 2032 creaturis,
1398 1946 1488 2042 quod
1501 1949 1549 2014 est
1596 1953 1597 1998 l

384 2054 586 2142 perfectum.
604 2056 790 2125 secundum
808 2081 876 2124 eece
890 2057 1168 2142 indeterminate,
1188 2063 1224 2126 et
1239 2056 1304 2126 hoc
1320 2055 1418 2124 modo
1433 2055 1546 2122 bonum
1596 2065 1597 2104 t

384 2161 544 2252 sequitur
567 2185 664 2232 omne
687 2187 761 2250 ene,
787 2171 891 2258 etque
914 2165 999 2236 odeo
1022 2173 1076 2233 eet
1101 2163 1414 2251 transcendentule3
1432 2160 1547 2230 velin·
1596 2161 1597 2240 t

382 2268 561 2358 telligitur
585 2272 721 2357 bonum,
741 2280 913 2366 quotenus
941 2276 1132 2365 perfectum
1155 2281 1210 2344 est
1225 2275 1262 2343 in
1277 2273 1431 2344 essentie
1445 2271 1546 2339 deter·
1596 2281 1597 2338 l

385 2375 530 2459 minuto,
553 2377 661 2470 'etque
684 2380 736 2448 ite
751 2381 884 2470 puriter
901 2381 1070 2473 quidquid
1086 2387 1152 2464 est,
1171 2382 1296 2450 bonum
1312 2387 1367 2448 est
1382 2377 1546 2468 (bonitate

386 2483 661 2574 metaphysica);
689 2487 744 2555 vel
769 2488 989 2578 intelligitur
1006 2491 1129 2558 bonum
1156 2488 1380 2578 perfectione,
1399 2505 1544 2579 queem·

385 2591 591 2679 peradditur
614 2594 785 2689 essentiae
808 2597 883 2664 eive
906 2597 943 2666 in
968 2596 1088 2664 ordine
1115 2596 1264 2686 physico
1287 2596 1362 2664 eive
1388 2593 1424 2662 in
1439 2592 1545 2661 ordino

386 2699 521 2784 morali,
534 2707 702 2791 quantum
715 2708 864 2772 naturae
876 2704 947 2794 ipsi
957 2703 1013 2772 vel
1026 2703 1314 2794 perseconvenit,
1325 2701 1382 2770 vel
1391 2706 1543 2793 quantum

387 2828 494 2896 capax
519 2813 573 2876 eet
589 2809 654 2876 sub
670 2810 888 2880 ordinatione
910 2811 976 2880 Dei
992 2812 1036 2880 ud
1053 2807 1154 2882 finem
1171 2808 1480 2902 supernaturalem
1498 2803 1544 2872 vel

385 2921 557 3004 postremo
574 2917 698 2985 bonum
724 2918 955 3009 intelligitur,
975 2919 1066 3012 quod
1082 2926 1135 2988 est
1150 2913 1428 3009 proprie'reluem
1446 2915 1520 3006 perf
1535 2949 1543 2963 ·

386 3021 457 3090 otio
481 3021 517 3090 in
542 3022 836 3116 conquiescientiu
858 3027 927 3095 iem
951 3033 987 3096 et
1009 3029 1046 3096 in
1070 3033 1167 3096 statu
1191 3025 1310 3094 ultimi
1333 3025 1426 3092 finis.

455 3129 587 3199 Bonum
611 3135 668 3199 omi
696 3135 772 3202 nive
800 3133 846 3201 ud
876 3135 1046 3226 aliquem,
1071 3142 1126 3204 eet
1155 3134 1270 3225 ipsum
1294 3133 1419 3201 bonurn
1448 3131 1482 3198 in
1503 3151 1541 3208 ee,

388 3243 559 3328 quotenne
575 3246 629 3310 eet
644 3241 855 3331 principium
873 3243 952 3311 boni
968 3244 1004 3311 in
1019 3242 1138 3334 aliquo
1155 3243 1212 3312 vel
1229 3247 1270 3310 ut
1290 3262 1396 3312 coneo
1410 3238 1543 3309 efficiere

388 3530 438 3584 ned
457 3533 551 3584 temen
571 3533 697 3599 aliquem
711 3534 914 3588 limitationem
927 3549 961 3587 ex
976 3549 1027 3586 nuo
1040 3536 1135 3600 etymo
1149 3533 1342 3600 ndeigniflent,
1358 3535 1434 3588 niort
1445 3551 1461 3587 ι
1474 3533 1542 3587 (treo-

387 3622 428 3674 cie
448 3619 482 3674 ed
496 3623 617 3676 Letlnoe
637 3626 781 3678 trenrlute
794 3625 909 3692 pbreele
924 3625 996 3690 ,rimie
1016 3627 1160 3684 tomorum,
1176 3639 1232 3691 quo
1246 3639 1330 3677 eeneu
1345 3624 1380 3675 de
1391 3625 1496 3690 finitur
1507 3624 1542 3671 to·

387 3729 487 3764 morum
505 3719 530 3763 et
550 3716 685 3766 motorum
704 3715 732 3767 h.
746 3732 769 3768 e.
791 3715 825 3768 de
844 3731 951 3768 enmmo
974 3717 1110 3768 bonorum
1138 3715 1323 3768 etmalorum
1349 3712 1447 3767 (litero
1468 3713 1542 3765 libror

388 3805 515 3872 quinque
540 3804 668 3872 erripuit.
695 3803 806 3858 Similis
830 3803 958 3858 detectus
983 3803 1132 3856 observent
1156 3802 1301 3870 potentin
1325 3803 1447 3856 eliorum
1472 3803 1542 3855 otton

388 3895 551 3959 linguarum
571 3893 697 3958 vocibus,
720 3908 792 3959 queo
811 3893 979 3948 Latinorum
994 3893 1123 3959 perfeeto
1142 3890 1326 3958 respondent,
1348 3893 1430 3944 utin
1450 3889 1542 3955 lingui·

387 3983 558 4048 terrueritis
577 3983 759 4034 contemmere
778 3982 965 4048 etymologice
985 3985 1031 4035 eet
1049 3981 1095 4048 td,
1119 3980 1193 4048 quod
1206 3981 1324 4047 plenum
1342 3981 1446 4044 eumin
1459 3981 1488 4034 iu
1499 3979 1541 4030 ele·

388 4073 462 4126 viole
481 4071 634 4141 doekomoly
654 4073 694 4138 id,
716 4073 791 4140 qnod
805 4073 842 4125 ud
855 4074 941 4138 finem
957 4073 1123 4138 perductum
1136 4079 1184 4124 eet.
1199 4069 1276 4122 Adeo
1290 4085 1388 4124 verum
1401 4087 1436 4124 ex
1450 4067 1541 4134 lingui·

387 4163 461 4230 ipete
480 4169 615 4231 apponet,
636 4163 752 4216 nomine
771 4163 891 4230 primum
912 4178 928 4214 e
947 4161 1031 4216 noble
1058 4160 1167 4228 imponi
1192 4159 1433 4228 perlectiouibue,
1454 4171 1484 4218 ut
1504 4171 1558 4209 ere

387 4267 422 4305 ex
447 4253 588 4306 creeturie
613 4252 818 4318 intelligimur.
846 4251 942 4305 Solum
967 4251 998 4305 ln
1022 4251 1124 4317 lingue
1148 4253 1248 4302 cuncte
1272 4263 1374 4302 nomen
1393 4241 1461 4334 Pil,
1481 4243 1539 4314 qnod

388 4339 575 4407 etymologine
593 4340 791 4408 integritatem
805 4340 966 4406 etgntdcere
980 4339 1105 4406 ridetur,
1121 4339 1156 4392 nb
1173 4337 1251 4392 hiere
1264 4337 1424 4394 detectibm
1436 4337 1540 4391 rorum

388 4430 511 4484 immune
530 4435 585 4484 eet.
