3394 5056
601 379 639 396 ..
662 349 702 410 47
723 375 761 396 ..

104 477 144 522 ss
159 475 239 546 qnae
260 453 352 544 legis
375 459 471 536 sunt,
498 451 645 539 faciunt;
662 478 678 514 n
698 451 807 542 legem
825 473 893 519 non
916 450 1084 519 habentes
1107 449 1175 540 ipsi
1199 449 1267 518 sibi

103 567 184 630 sunt
207 562 281 648 lsx;
302 590 319 624 n
348 561 573 632 «ostendunt
609 546 694 650 opus
719 558 810 650 legis
840 560 1009 648 scriptum
1034 557 1071 626 in
1103 557 1267 626 cordibus

104 690 216 738 mm!

164 774 234 844 Ian
256 775 388 844 nemini
409 782 495 866 pute
510 778 546 844 in
562 781 709 846 mentem
726 773 844 844 veniet
859 774 1017 858 obiectio,
1037 793 1125 864 quae
1140 793 1163 839 a
1179 771 1264 840 seri-

102 893 195 973 ptcre
214 883 328 974 Belga
349 906 522 974 anonymo
545 883 629 954 huic
653 883 831 952 doctrinae
854 881 1013 974 opposita
1036 887 1089 950 est
1112 879 1175 966 (1).
1201 880 1266 950 Ra·

102 991 236 1076 vclstio,
265 992 382 1061 aiebat
407 991 490 1076 ille,
521 1013 623 1084 qnam
650 990 783 1060 Paulus
804 996 911 1079 negat
937 988 1079 1078 delego
1103 986 1266 1078 gentibus

101 1098 246 1188 cognita,
267 1120 337 1166 non
352 1106 407 1168 est
426 1098 499 1167 alia
513 1099 583 1167 nisi
606 1097 775 1168 revelatio
799 1096 971 1183 Mosaioa3
998 1117 1082 1186 crgo
1099 1117 1161 1186 pro
1185 1117 1266 1184 gen-

100 1206 190 1274 tibus
205 1207 419 1297 supponitur
442 1207 500 1276 vel
523 1212 638 1298 potest
661 1206 809 1298 supponi
826 1205 996 1275 revelatio
1011 1204 1165 1294 positiva
1179 1203 1263 1288 alia,

101 1311 229 1381 scilicet
251 1311 317 1381 iila
340 1314 437 1382 facta
450 1313 573 1403 primis
595 1312 797 1404 parentibus
816 1317 853 1380 et
874 1334 936 1402 per
950 1310 1174 1380 traditionem
1189 1332 1266 1400 pro·

100 1426 224 1510 pagata
245 1420 290 1489 ad
314 1443 430 1490 omnes
453 1427 594 1512 gentes,
620 1445 662 1490 ex
686 1444 755 1512 qua
777 1420 946 1489 docentur
965 1425 1002 1487 et
1023 1419 1097 1486 sine
1120 1439 1190 1510 qua
1213 1440 1266 1486 ec-

100 1549 259 1616 guoscere
291 1551 361 1596 non
395 1535 537 1618 possent
566 1527 678 1618 legem
714 1525 887 1595 moralem.
925 1525 1029 1595 Esset
1059 1547 1143 1614 erge
1175 1524 1266 1616 apud

101 1633 302 1722 Apostolum
325 1634 499 1725 oppositio
520 1659 588 1702 non
611 1635 704 1704 inter
727 1633 972 1704 revelationem
996 1632 1184 1723 positivam
1204 1654 1266 1723 pro

100 1739 232 1810 Iudaeis
255 1748 293 1810 et
315 1742 392 1810 eius
414 1743 633 1830 negationem
657 1763 719 1830 pro
742 1741 929 1831 gentibus;
955 1741 1015 1810 sed
1046 1739 1140 1808 inter
1170 1760 1265 1810 reve·

101 1849 235 1917 lotionis
259 1851 406 1918 formam
429 1871 533 1918 unam
556 1849 742 1920 Moesicam
765 1856 801 1918 et
823 1848 970 1918 alteram
994 1847 1223 1938 primitivam.

158 1956 209 2025 st
242 1979 287 2024 ne
311 1977 439 2049 quaeso
468 1957 613 2026 iuventa
642 1962 765 2026 nostra
794 1955 1037 2045 philosophica
1064 1955 1101 2022 in
1128 1959 1265 2023 textum

102 2063 195 2133 Pauli
216 2065 435 2152 inseramus;
455 2064 512 2134 sed
537 2065 638 2134 unice
662 2071 864 2157 quaeratur,
890 2065 974 2157 qnid
993 2063 1193 2154 Apostolus¹
1207 2065 1264 2133 do·

102 2171 280 2240 centlum
306 2193 388 2240 vero
413 2173 487 2262 ipse
514 2195 581 2240 non
605 2171 716 2240 solnm
746 2178 852 2261 negat
875 2178 996 2261 gentes
1019 2171 1146 2240 habere
1169 2193 1265 2240 reve·

102 2275 257 2348 lationem
279 2279 384 2368 legis;
411 2279 598 2348 sedetiam
622 2278 787 2348 distincte
811 2278 921 2363 docet,
949 2279 1039 2347 uude
1062 2278 1174 2367 legem
1197 2301 1264 2346 mo·

101 2385 197 2454 ralem
213 2395 438 2477 cognoscant,
457 2389 513 2456 vel
536 2393 631 2457 certe
649 2408 854 2476 cognoscere
877 2385 1022 2476 possint.
1048 2385 1136 2475 Legi
1151 2387 1262 2470 enim,

102 2513 191 2582 qnam
211 2493 407 2563 revelatam
431 2495 532 2582 (adde
555 2495 586 2562 si
610 2494 718 2576 lubet,
738 2493 929 2562 revelatam
944 2515 1007 2583 per
1021 2492 1181 2581 Moysen)
1196 2516 1264 2561 non

101 2595 242 2684 habent,
268 2601 461 2690 Apostolus
484 2601 626 2692 opponit
648 2614 830 2666 naturam:
856 2599 917 2668 ubi
939 2599 1125 2668 manifesto
1149 2598 1265 2684 locum

101 2707 336 2792 revelationis,
364 2731 424 2796 per
448 2730 550 2800 quam
572 2707 629 2777 lex
653 2707 876 2798 promulgata
897 2714 951 2776 est
974 2707 1134 2790 Iudaeis,
1161 2729 1265 2796 penes

102 2821 210 2900 entes
234 2823 383 2904 occupat
404 2816 502 2885 aliud
527 2816 738 2906 principium
755 2815 976 2905 cognitionis;
995 2836 1057 2905 pro
1081 2815 1264 2884 revelatio·

101 2942 136 2988 na
154 2922 248 3012 legis
270 2924 426 3013 positiva
449 2923 503 3012 (si
525 2924 642 3013 placet
670 2923 845 3008 Mosaios)
869 2929 924 2992 est
946 2923 997 2991 eie
1020 2937 1172 3002 actara,
1196 2945 1264 2990 non

102 3051 172 3097 vem
193 3053 260 3120 pro
283 3030 499 3099 revelatione
521 3053 591 3099 una
614 3031 785 3102 revelatio
808 3031 932 3100 altera.
958 3031 1033 3100 Hoc
1055 3031 1187 3100 Penius
1203 3031 1262 3100 ad-

102 3134 158 3206 huc
178 3139 351 3207 disertius
374 3139 557 3225 declarat;
583 3161 662 3206 nam
686 3141 823 3233 quando
857 3145 986 3208 natura
1017 3139 1154 3208 faciunt
1177 3161 1265 3231 quae

103 3241 309 3332 legissent,
338 3275 355 3310 a
373 3246 572 3316 huiusmodi
596 3248 701 3338 legem
724 3272 792 3313 non
817 3248 986 3330 habentes,
1006 3251 1077 3334 ipsi
1092 3249 1162 3314 siti
1184 3261 1264 3312 sunt

105 3349 193 3418 ism
222 3351 326 3422 Sicut
349 3354 386 3421 in
410 3354 521 3442 priori
544 3353 655 3422 inciso
682 3354 890 3424 revelationi
913 3354 1004 3445 legis
1034 3354 1265 3423 substituitur

105 3473 233 3541 nomm,
249 3460 303 3528 ita
317 3461 356 3528 in
371 3460 436 3529 hoc
452 3461 580 3545 altero,
599 3463 691 3552 qnod
707 3469 761 3531 est
777 3463 907 3552 prioris
922 3462 1132 3546 declaratio,
1151 3461 1264 3531 locum

104 3567 318 3638 revelationis
346 3568 438 3658 legis
465 3576 635 3660 occupant
662 3573 732 3659 ipsi
760 3573 907 3637 homines
939 3571 1140 3638 rationales.
1173 3569 1263 3652 Quo-

105 3675 186 3742 uodo
200 3683 319 3746 autern
334 3677 491 3766 intelligi
506 3683 621 3766 potest
633 3677 704 3746 alia
719 3677 873 3769 positiva
887 3679 978 3768 legis
989 3678 1171 3762 revelatio,
1187 3701 1264 3746 cum

105 3779 280 3868 Apostolus
304 3787 341 3854 in
371 3785 587 3874 oppositione
609 3785 654 3854 ad
677 3786 924 3856 revelationem
956 3786 1040 3855 licet
1078 3785 1263 3854 Moesicam

155 3979 194 4053 (l)
203 3986 284 4040 Hane
297 3987 418 4054 primam
433 3990 542 4054 partem
555 3988 649 4041 nostrl
662 3991 804 4041 tractatus
815 3991 874 4040 tum
889 3986 1099 4053 lithographics
1113 3985 1186 4038 editi
1199 4001 1263 4040 ano-

107 4083 192 4132 fitius
215 4076 267 4128 ille
293 4077 414 4143 putavit
442 4077 577 4130 directam
602 4080 703 4130 contra
722 4077 998 4130 traditionalismnm
1017 4075 1260 4140 Levaniensinm,

109 4166 221 4223 sturia
239 4182 292 4220 nos
311 4168 388 4220 nihil
411 4169 470 4220 nisi
490 4169 642 4221 veritatem
662 4171 834 4235 quaerentes
852 4171 953 4220 cenna
972 4167 1112 4219 namium
1131 4165 1262 4230 singilla-

108 4248 150 4302 ὅ·
166 4257 295 4318 polonice
308 4257 567 4324 disputaverimus.
582 4257 684 4310 Edidit
697 4273 763 4322 ergo
776 4273 852 4311 anno
864 4257 957 4309 1862·
971 4256 1209 4309 Dissertationem
1229 4255 1263 4308 de

110 4345 262 4398 »mines
277 4345 472 4400 revelationis
491 4345 630 4399 adversus
653 4346 815 4400 incredulos
827 4367 841 4394 n
854 4345 1033 4412 inscriptam,
1056 4344 1106 4397 sed
1124 4342 1261 4410 scriptun

109 4423 157 4481 ¹¹¹·
170 4433 306 4501 intem
325 4437 428 4490 eontra
447 4439 561 4488 nostras
580 4436 632 4490 has
650 4436 756 4488 theses.
