3262 5076
897 389 934 402 ..
956 358 1016 418 ⁴88
1036 389 1073 402 ..

401 467 537 550 ceptum
561 467 615 528 est
637 481 751 530 coram
767 461 851 544 Deo,
871 462 955 553 quia
970 463 1066 530 Deus
1081 461 1162 530 vult
1184 483 1302 528 omues
1326 459 1475 530 homiues
1495 459 1552 526 sal·

401 591 464 636 vos
487 568 577 650 lieri,
603 575 639 636 et
662 567 706 636 ad
729 569 944 657 agnitionem
961 571 1125 638 veritatis
1148 570 1280 639 venire.
1307 569 1348 638 Si
1370 575 1480 636 antem
1502 569 1553 634 iu·

400 675 577 764 probabile
594 675 749 759 videtur,
767 675 832 744 hoc
847 677 997 746 innisum
1012 680 1050 746 iu
1066 679 1180 767 prima
1195 699 1357 767 persona:
1376 707 1393 740 ι
1405 685 1445 743 ut
1457 677 1556 742 titan

400 803 545 872 agamus
569 784 606 850 iu
629 785 721 852 omui
743 785 895 873 pietate,
918 811 935 844 n
960 785 1004 851 ad
1028 785 1118 852 alios
1141 785 1283 853 extendi
1305 806 1411 875 quam
1434 782 1477 850 ad
1496 805 1556 862 eos,

399 889 460 981 qni
484 891 553 958 iam
577 897 659 958 actu
682 900 767 958 sunt
788 890 996 975 Christiani,
1013 893 1161 961 incisum
1178 893 1341 960 alterum:
1370 923 1386 954 ι
1401 890 1464 958 hoc
1478 891 1557 958 enim

399 1004 579 1088 acceptum
597 1007 652 1067 est
674 1021 789 1067 coram
803 999 888 1084 Deo,
908 1025 925 1060 ι
950 1022 1018 1066 non
1041 1007 1157 1089 potest
1178 1000 1307 1068 referri
1329 999 1374 1066 ad
1397 998 1486 1066 illud
1507 998 1558 1064 im-
1607 1054 1612 1063 .

399 1104 548 1174 mediate
572 1105 777 1174 antecedens
793 1106 1045 1192 tantummodo,
1064 1106 1124 1174 sed
1139 1105 1242 1174 debet
1255 1105 1384 1174 referri
1398 1105 1446 1172 ad
1459 1111 1559 1171 totum
1604 1086 1620 1174 ἶ,

398 1217 597 1282 contextum
620 1213 880 1282 antecedentem
896 1236 958 1281 seu
974 1215 1094 1304 potius
1116 1213 1160 1282 ad
1183 1213 1455 1304 propositionem
1476 1219 1560 1279 aute·
1619 1277 1620 1280 ,

265 1329 268 1336 “
398 1321 575 1390 cedentem
599 1319 838 1410 principalem:
864 1324 1035 1388 orationes
1051 1323 1145 1410 fiunt
1162 1345 1228 1410 pro
1253 1321 1409 1412 umidae
1430 1321 1561 1384 domini·

399 1428 500 1496 lue...
526 1428 591 1496 hoo
613 1429 705 1496 enim
729 1433 909 1518 acceptum
932 1437 987 1497 est
1010 1451 1124 1497 coram
1138 1429 1224 1512 Deo,
1241 1430 1303 1520 qui
1324 1451 1442 1496 omnes
1466 1427 1561 1494 homi·

397 1557 458 1604 nes
482 1535 562 1604 vult
577 1536 695 1604 salvos
712 1537 790 1606 fieri
805 1545 842 1606 et
856 1537 901 1606 ad
916 1537 1131 1627 agnitionem
1148 1537 1314 1605 veritatis
1331 1537 1467 1604 venire.
1483 1535 1563 1603 Saue

397 1643 588 1732 propositio
619 1644 801 1734 princeps,
827 1667 929 1736 quam
952 1645 1085 1712 Paulus
1109 1644 1190 1712 vult
1217 1643 1447 1736 persuadere,
1473 1651 1563 1710 etex
1606 1642 1621 1716 '1

397 1771 466 1841 qne
490 1755 627 1818 ceterae
650 1751 686 1818 iu
711 1752 970 1820 constructione
994 1753 1225 1840 grammatica
1240 1752 1406 1844 pendent,
1424 1759 1482 1820 est
1495 1748 1562 1816 illa:
1620 1801 1621 1804 ι

399 1887 416 1920 e
434 1857 574 1926 obsecro
596 1858 712 1948 igitur
734 1861 885 1950 primum
909 1859 1060 1926 omnium
1083 1859 1160 1927 lieri
1191 1859 1471 1942 obsecrationes,
1499 1879 1563 1924 ora·

319 2053 323 2062 ¹
396 1965 530 2051 tiones,
556 1966 828 2055 postulationes,
858 1967 1057 2056 gratiarum
1086 1966 1242 2034 actiones
1269 1962 1490 2056 (ἑυχαμστιας)
1512 1987 1564 2056 pro

396 2073 556 2140 omnibus
579 2073 786 2143 homiuibus.
811 2101 827 2136 n
853 2075 946 2142 Huic
971 2073 1167 2142 universali
1189 2073 1314 2142 deiude
1342 2073 1564 2162 particularis

395 2179 559 2271 quamvis
574 2181 610 2246 in
630 2179 695 2248 illa
711 2181 779 2248 iam
799 2181 1045 2272 comprehensa
1067 2181 1258 2248 subiicitur
1279 2203 1324 2248 ex
1345 2182 1487 2248 ratione
1502 2202 1564 2268 spe

395 2286 501 2356 ciali:
533 2317 550 2352 a
576 2311 638 2378 pro
661 2289 804 2378 regibus
827 2297 865 2357 et
888 2291 949 2380 qui
972 2289 1009 2356 in
1033 2288 1251 2357 sublimitate
1282 2297 1386 2372 suut,
1412 2297 1454 2356 ut
1479 2297 1563 2356 trau·

395 2394 542 2486 quillam
567 2397 677 2464 vitam
699 2418 889 2486 agamus.»
915 2396 1064 2478 Quando
1086 2419 1170 2486 ergo
1193 2395 1299 2463 datur
1322 2396 1417 2464 ratio
1432 2397 1564 2464 uuiver-

395 2499 571 2570 salissima
594 2503 707 2570 totius
730 2501 1039 2572 commendationis
1060 2509 1098 2572 et
1120 2503 1315 2571 suasionis:
1351 2533 1369 2566 e
1393 2501 1459 2570 hoc
1484 2501 1563 2570 euim
1622 2545 1623 2582 1

394 2615 575 2700 acceptam
597 2615 653 2678 est
674 2633 787 2679 eoram
809 2612 893 2694 Deo,
910 2637 927 2672 n
953 2618 1047 2680 recte
1069 2610 1289 2700 intelligitur
1312 2609 1379 2680 hoc
1400 2625 1564 2698 occepta·
1608 2606 1623 2690 i¹

395 2716 465 2783 Deo
488 2739 563 2786 esse
585 2725 699 2786 totum
722 2717 814 2809 quod
837 2718 1051 2809 praecessit,
1077 2727 1114 2787 et
1136 2719 1227 2810 quod
1254 2717 1465 2808 persuadere
1496 2715 1565 2784 vult

393 2823 596 2914 Apostolus,
622 2825 686 2894 hoc
710 2827 848 2894 scilieet
870 2833 1049 2916 acceptum
1073 2835 1129 2896 est
1151 2849 1265 2896 coram
1288 2827 1374 2911 Deo,
1394 2826 1475 2895 lieri
1499 2848 1563 2894 ora·

394 2931 510 3000 tiones
539 2955 602 3023 pro
633 2933 792 3002 omuibus
822 2933 1023 3002 hominibus
1044 2941 1112 3004 eto.
1138 2933 1322 3002 Rationem
1349 2957 1414 3002 cur
1441 2933 1494 3002 sit
1519 2955 1563 3000 ue·

392 3045 530 3130 ceptum
554 3040 687 3109 Paulus
716 3041 854 3125 subdit,
890 3071 907 3106 a
932 3042 1017 3134 quia
1038 3043 1135 3111 Deus
1159 3042 1240 3110 vult
1266 3065 1384 3110 omues
1414 3041 1565 3108 homiues

393 3145 511 3216 salvos
537 3147 615 3215 fieri
637 3147 740 3216 etad
762 3149 978 3238 agnitionem
1002 3148 1167 3218 veritatis
1190 3149 1323 3217 venire.
1344 3177 1360 3210 ι
1389 3147 1468 3218 Hoc
1491 3168 1563 3236 ergo

394 3254 507 3345 ipsum
525 3265 591 3340 est,
610 3279 674 3324 our
689 3256 859 3325 orandum
882 3265 919 3326 et
941 3258 1032 3348 quod
1056 3257 1223 3326 orandum
1248 3281 1312 3347 pro
1334 3259 1500 3326 omnibus
1513 3257 1562 3322 ho

394 3363 558 3446 minibus,
576 3373 616 3430 nt
633 3363 778 3432 veniant
799 3363 844 3432 ad
868 3365 1083 3454 agnitionem
1104 3366 1271 3434 veritatis
1294 3373 1331 3434 et
1353 3365 1450 3434 salvi
1470 3366 1560 3432 fiant.

459 3469 607 3552 Quando
629 3493 714 3561 crgo
736 3471 869 3540 dicitur
892 3473 929 3540 iu
953 3472 1158 3556 obiectione,
1176 3472 1386 3563 Apostolum
1403 3493 1560 3540 commen·

392 3575 477 3645 dare
500 3575 704 3661 orationem,
726 3585 767 3646 ut
789 3577 1018 3670 tranquillam
1044 3579 1155 3646 vitam
1179 3601 1284 3668 agere
1305 3579 1416 3648 liceat
1440 3579 1477 3646 iu
1502 3577 1560 3667 pie·

393 3689 490 3768 tata,
523 3685 810 3775 distinguendum
841 3695 918 3754 est:
953 3687 985 3755 si
1016 3687 1094 3755 vila
1121 3687 1158 3756 iu
1186 3687 1317 3778 pietate
1349 3685 1561 3774 intelligitur

392 3793 569 3860 exoranda
592 3815 654 3881 pro
677 3793 837 3860 omuibus
859 3793 1070 3878 homiuibus,
1096 3795 1237 3862 concedo
1261 3795 1317 3862 vel
1343 3789 1560 3875 transcensi

389 3897 610 3989 intelligitur
633 3900 800 3968 restricta
821 3899 866 3968 ad
882 3923 939 3968 eos
956 3899 1060 3984 solos,
1081 3901 1140 3991 qui
1157 3909 1240 3969 actu
1258 3909 1343 3968 suut
1357 3899 1558 3978 Christiani,

391 4003 657 4094 subdistinpno:
683 4007 768 4076 haec
794 4015 849 4076 est
876 4007 967 4076 ratio
990 4005 1155 4096 specialis
1177 4007 1301 4075 orandi
1324 4031 1387 4098 pro
1411 4009 1557 4098 regibus,

391 4111 545 4196 concedo,·
569 4113 654 4182 haec
677 4120 734 4182 est
757 4115 851 4182 ratio
873 4114 1051 4204 generalis
1073 4115 1157 4184 data
1179 4116 1224 4183 ab
1245 4115 1418 4206 Apostolo
1445 4111 1558 4184 orandi

393 4243 456 4310 pro
473 4221 632 4290 omuibus
647 4220 859 4304 homiuibus,
878 4245 976 4312 nepo.
1345 4293 1351 4304 ‚

460 4329 494 4414 b)
518 4328 557 4396 Si
580 4329 722 4397 dubium
747 4327 889 4421 aliquod
914 4351 1052 4399 manere
1082 4337 1219 4420 posset,
1244 4329 1282 4398 id
1305 4353 1404 4399 omna
1426 4329 1558 4400 tollitur

392 4457 434 4504 ex
460 4436 579 4519 modo,
608 4459 677 4529 quo
703 4437 898 4527 Apostolus
928 4437 1004 4528 ipse
1034 4438 1340 4508 universalitatem
1370 4433 1557 4508 voluntatis
