3394 5056
924 351 963 368 ..
984 319 1025 382 80
1046 351 1085 368 ..

482 428 665 520 Explicita
688 428 826 498 demum
848 433 885 497 et
908 426 1142 497 disertissima
1164 426 1337 519 oppositio
1353 433 1410 497 est
1424 428 1527 498 Rom.
1541 427 1594 496 11.

417 539 511 607 inter
535 535 767 626 cognitionem
789 535 882 626 legis
906 534 1047 603 moralis
1071 557 1132 624 per
1161 545 1322 603 naturam
1353 543 1389 604 et
1411 559 1473 626 per
1496 557 1596 604 reve·

417 647 583 715 lationem
607 645 807 735 positivam,
833 651 876 712 ut
898 644 934 711 in
952 643 1191 734 superioribus
1208 643 1367 711 thesibus
1383 643 1521 712 abunde
1538 643 1597 712 de·

417 761 648 822 monstratum
671 760 736 822 est.
762 752 804 820 In
828 751 905 841 lege
928 761 1045 820 antem
1068 752 1220 820 omnium
1243 752 1392 840 primum
1415 758 1452 820 et
1480 753 1598 820 totius

416 863 508 952 legis
531 861 794 930 fundamentum
818 869 872 928 est
894 859 998 928 illud:
1027 881 1125 948 nego
1148 859 1317 928 Dominus
1340 859 1435 927 Dens
1457 863 1561 926 tuus.
1579 887 1595 920 e

418 971 512 1054 Quin
525 970 627 1038 immo
639 969 743 1037 etiam
757 968 834 1058 lege
850 967 973 1036 morali
990 967 1182 1058 generatim
1199 990 1260 1057 per
1276 991 1312 1037 se
1329 973 1499 1056 spectata,
1511 966 1599 1034 dum

417 1077 509 1168 legis
533 1077 730 1146 formaliter
745 1085 786 1144 ut
801 1075 1049 1165 obligationem
1067 1076 1267 1144 inducentis
1283 1073 1521 1165 promulgatio
1538 1074 1599 1142 de·

418 1185 575 1256 claretur
597 1205 672 1253 esse
695 1205 756 1273 per
778 1189 942 1250 naturam
966 1183 1003 1250 in
1027 1181 1242 1273 oppositione
1265 1182 1309 1250 ad
1329 1180 1595 1264 revelationem,

418 1315 456 1362 eo
480 1292 556 1382 ipso
579 1314 647 1359 non
671 1292 786 1358 minus
809 1290 1049 1359 manifestatio
1072 1291 1137 1359 Dei
1154 1290 1356 1359 declaratur
1370 1311 1445 1357 esse
1459 1311 1523 1378 per
1537 1311 1598 1356 na

417 1405 536 1469 turam
559 1399 597 1466 in
620 1399 738 1466 eadem
762 1397 976 1488 oppositione
1000 1399 1044 1468 ad
1068 1398 1329 1482 revelationem,
1355 1398 1439 1490 qnia
1461 1397 1500 1464 in
1525 1419 1597 1465 ma·

417 1506 644 1576 niiestatione
667 1505 895 1594 obligationis
911 1505 1055 1574 moralis
1071 1505 1116 1574 ad
1132 1505 1318 1573 humanam
1334 1505 1506 1574 rationem
1523 1504 1597 1572 iam

417 1615 592 1706 implicita
626 1614 827 1684 continetur
860 1614 1101 1686 manifestatio
1130 1615 1197 1683 Dei
1226 1613 1444 1704 legislatoris
1478 1611 1594 1698 modo,

418 1746 486 1816 qno
510 1721 673 1812 superius
696 1721 829 1791 dictum
853 1731 919 1790 est.

484 1829 531 1898 3⁰.
558 1829 725 1900 Probatio
749 1851 792 1896 ear
814 1828 1039 1896 distinctione
1061 1830 1153 1896 inter
1178 1830 1330 1918 primam
1364 1827 1598 1918 cognitionem

417 1941 485 2010 De·
508 1939 700 2028 consanam,
718 1962 807 2030 quae
828 1953 947 2026 sponte
968 1937 1062 2006 velut
1084 1961 1147 2004 arca
1170 1939 1337 2004 humanae
1358 1939 1493 2003 rationi
1517 1957 1597 2002 amo-

415 2051 523 2128 ra'tur,
541 2062 573 2114 et
588 2049 815 2136 cognitionem
826 2045 1088 2128 distinctiones,
1107 2071 1195 2138 quac
1207 2045 1430 2136 diligentiori
1443 2040 1597 2110 consida-

416 2157 554 2221 rctione
565 2155 760 2242 comparari
770 2167 895 2242 potest.
906 2153 1001 2222 Haec
1011 2153 1194 2222 distinctio
1206 2175 1228 2220 a
1240 2152 1406 2222 Patribus
1423 2147 1597 2220 disertius

417 2263 607 2345 declarata,
627 2269 669 2330 nt
690 2262 728 2329 in
744 2261 969 2353 sequentibus
985 2262 1192 2348 videbimus,
1225 2263 1294 2331 iam
1321 2262 1359 2330 in
1382 2259 1594 2351 scripturis,

417 2369 459 2438 da
483 2393 631 2462 quarum
654 2367 814 2438 doctrina
842 2393 935 2439 nunc
966 2369 1188 2462 quaerimus,
1214 2370 1389 2461 reperitur
1420 2368 1592 2437 indicata.

416 2476 560 2546 Dicitur
584 2499 666 2547 vero
689 2499 758 2545 non
781 2477 880 2546 medo
903 2478 1089 2564 excultior,
1116 2478 1176 2548 sed
1199 2477 1305 2548 etiam
1327 2477 1511 2570 primitiva
1528 2476 1597 2546 ille

417 2735 615 2800 cognoverunt
638 2735 727 2787 Deum
750 2748 802 2800 per
819 2735 994 2802 sapientiam
1015 2749 1050 2786 aa
1073 2735 1159 2788 rebus
1181 2733 1281 2788 mnndi
1305 2735 1465 2802 acceptam,
1486 2736 1517 2786 et
1539 2735 1596 2788 hoe

417 2825 449 2878 in
468 2825 521 2876 Dei
539 2825 694 2890 sapientia.
710 2825 818 2877 Divina
829 2825 905 2876 enim
919 2825 1064 2892 sapientia
1077 2825 1186 2879 iaciens
1203 2825 1347 2890 mnndum,
1362 2839 1414 2878 ena
1432 2824 1543 2878 indicia
1561 2826 1595 2877 in

417 2915 503 2968 rebus
519 2914 616 2968 mnndi
630 2915 755 2967 instruit
766 2915 918 2968 secundnm
931 2915 1006 2968 iliud
1018 2915 1137 2970 Eccleai.
1150 2917 1176 2969 I:
1191 2917 1293 2981 affudit
1305 2917 1383 2968 iliona
1395 2931 1477 2982 anper
1495 2915 1597 2969 anania

417 3019 501 3072 opera
511 3021 571 3068 aaa,
587 3003 632 3057 ita
644 3003 718 3071 qnod
732 3006 812 3072 ipsae
833 3011 980 3058 creaturae
1000 3021 1051 3074 per
1065 3008 1239 3075 sapientiam
1253 3008 1306 3061 liei
1323 3007 1426 3072 iactae,
1441 3005 1595 3058 astabant

418 3093 452 3148 ad
470 3095 522 3147 Dei
534 3095 717 3161 sapientiam,
729 3097 811 3147 cuiue
830 3095 939 3150 indicia
951 3099 1066 3162 gerunt,
1081 3097 1158 3150 sieut
1180 3097 1268 3150 verba
1283 3096 1408 3150 hominis
1426 3095 1462 3148 ad
1479 3097 1594 3164 sapien-

418 3184 488 3236 tiam
502 3183 574 3249 eins,
585 3197 668 3250 qnam
679 3183 854 3248 significant.
868 3185 906 3236 Et
918 3186 994 3238 sicui
1004 3183 1163 3252 discipulus
1173 3185 1308 3253 parvenit
1320 3183 1356 3238 ad
1368 3183 1593 3250 cognoscendum

419 3273 553 3339 magistri
573 3273 747 3340 sapientiam
760 3289 812 3341 per
821 3276 919 3341 verba,
933 3291 1005 3342 qnae
1021 3275 1057 3328 ab
1073 3275 1137 3342 ipsc
1151 3275 1249 3328 audit:
1266 3275 1310 3328 ita
1326 3275 1406 3328 homo
1419 3278 1535 3344 potarat
1554 3277 1593 3330 ad

416 3362 639 3428 cognoscendum
661 3363 713 3416 Del
737 3364 911 3430 sapientiam
932 3369 1146 3432 percreaturaa
1166 3366 1283 3432 abipso
1305 3365 1398 3420 iactae
1423 3365 1592 3432 incipiendo

416 3453 569 3522 pervenite
584 3452 737 3506 secundnm
746 3454 820 3507 illuri
834 3455 915 3508 Rom.
928 3457 958 3508 l:
974 3456 1142 3510 invisibilia
1152 3457 1204 3509 Dei
1220 3471 1272 3524 per
1284 3471 1317 3509 ea
1331 3456 1495 3524 quaefacta
1507 3459 1588 3524 anni,

416 3542 568 3596 intellecta
590 3544 818 3610 conspiciuntur.
839 3545 894 3598 Sed
906 3546 987 3600 homo
1008 3561 1059 3614 per
1071 3546 1116 3600 sni
1136 3546 1231 3600 cordia
1252 3547 1414 3600 vanitatem
1428 3561 1446 3600 a
1461 3547 1589 3599 rectitu-

416 3629 484 3684 rilna
503 3631 619 3685 divinae
639 3633 815 3698 cognitionis
834 3633 975 3688 deviavit.
994 3635 1075 3688 Unde
1092 3635 1201 3690 dicitnr
1212 3637 1253 3690 Io.
1263 3637 1287 3689 1:
1303 3637 1334 3688 in
1353 3637 1456 3690 mundo
1469 3640 1543 3704 erat,
1559 3641 1589 3690 et

417 3719 539 3774 mundns
564 3735 615 3787 per
636 3721 728 3789 ipsam
746 3721 840 3776 iactus
860 3727 915 3790 eat,
938 3727 968 3776 et
991 3724 1112 3778 mundns
1134 3739 1196 3778 curu
1218 3740 1275 3780 non
1295 3726 1441 3793 cognovit.
1464 3727 1503 3779 lit
1524 3725 1589 3782 idco

417 3811 493 3865 Deua
505 3827 556 3880 par
568 3811 705 3879 quaedam
725 3813 784 3865 alia
795 3813 830 3866 ad
850 3815 895 3867 sni
915 3815 1109 3880 cognitionem
1129 3815 1311 3871 salutiferam
1329 3817 1429 3872 fideles
1446 3816 1588 3884 adduxit,

417 3916 489 3970 qnae
510 3901 541 3953 in
561 3903 636 3970 ipaia
660 3903 823 3956 rationibus
842 3890 1039 3958 creaturarum
1061 3921 1117 3960 non
1141 3907 1347 3974 inveniuntur,
1372 3911 1491 3976 propter
1513 3909 1591 3976 qnod

417 4007 434 4046 a
451 3989 604 4044 mundanis
622 3993 796 4060 hominibus,
815 3997 864 4062 qni
885 3999 960 4049 aclas
981 3997 1166 4050 humanarum
1181 4013 1275 4051 rernm
1294 3999 1479 4054 considerant
1492 4001 1590 4052 ratio·

416 4095 478 4148 nes,
499 4085 673 4148 reputantur
694 4085 796 4138 stulta.
822 4086 860 4138 Et
881 4085 1044 4140 huiusmodi
1065 4091 1134 4142 sunt
1150 4087 1319 4148 documenta
1336 4089 1414 4142 ndei.
1427 4091 1466 4142 Et
1484 4096 1531 4144 est
1550 4091 1592 4144 ai·

416 4171 500 4237 mila,
527 4171 603 4224 aient
622 4173 648 4224 sl
673 4173 782 4240 aliquis
804 4177 943 4240 magister
961 4177 1157 4244 considerans,
1182 4194 1295 4231 sensnm
1315 4181 1451 4233 suamab
1473 4179 1588 4233 andito·

415 4261 496 4313 ribus
515 4275 571 4312 non
584 4261 675 4328 accipi
699 4265 857 4328 perventa
878 4281 950 4332 qnae
973 4267 1108 4332 protulit,
1129 4267 1229 4320 studet
1250 4269 1319 4322 aliie
1339 4269 1436 4321 verbis
1458 4270 1513 4333 nti,
1537 4287 1590 4337 per

415 4365 487 4417 qnae
508 4351 601 4416 possit
619 4351 820 4421 maniieatare,
843 4355 919 4422 qnod
940 4355 1028 4409 habet
1050 4356 1182 4411 lucardo
1201 4377 1214 4406 a
1234 4357 1374 4412 Mirm
1394 4359 1426 4411 in
1441 4359 1466 4412 1.
1480 4359 1546 4414 (ior.
1559 4363 1585 4416 1.

415 4443 482 4496 leot.
496 4443 551 4496 111.
