<?xml version="1.0" encoding="UTF-8"?>
<!DOCTYPE html PUBLIC "-//W3C//DTD XHTML 1.0 Transitional//EN"
    "http://www.w3.org/TR/xhtml1/DTD/xhtml1-transitional.dtd">
<html xmlns="http://www.w3.org/1999/xhtml" xml:lang="en" lang="en">
 <head>
  <title>
</title>
<meta http-equiv="Content-Type" content="text/html;charset=utf-8" />
  <meta name='ocr-system' content='tesseract 3.04.00' />
  <meta name='ocr-capabilities' content='ocr_page ocr_carea ocr_par ocr_line ocrx_word'/>
</head>
<body>
  <div class='ocr_page' id='page_1' title='image "./ioannisbaptfran01frangoog_0138.png"; bbox 0 0 3292 5062; ppageno 0'>
   <div class='ocr_carea' id='block_1_1' title="bbox 90 343 1243 844">
    <p class='ocr_par' dir='ltr' id='par_1_1' title="bbox 90 343 1243 844">
     <span class='ocr_line' id='line_1_1' title="bbox 566 343 746 404; baseline 0 0"><span class='ocrx_word' id='word_1_1' title='bbox 566 374 605 390; x_wconf 91' lang='lat'><em>-</em></span> <span class='ocrx_word' id='word_1_2' title='bbox 628 343 685 404; x_wconf 81' lang='lat'>121</span> <span class='ocrx_word' id='word_1_3' title='bbox 708 375 746 390; x_wconf 91' lang='lat'>-·</span> 
     </span>
     <span class='ocr_line' id='line_1_2' title="bbox 148 447 1242 540; baseline 0.003 -23"><span class='ocrx_word' id='word_1_4' title='bbox 148 447 394 518; x_wconf 75' lang='lat' dir='ltr'>intellectualis</span> <span class='ocrx_word' id='word_1_5' title='bbox 414 448 534 540; x_wconf 82' lang='lat' dir='ltr'>itaque</span> <span class='ocrx_word' id='word_1_6' title='bbox 557 453 594 516; x_wconf 89' lang='lat' dir='ltr'>et</span> <span class='ocrx_word' id='word_1_7' title='bbox 614 449 891 539; x_wconf 77' lang='lat' dir='ltr'>supernaturalis</span> <span class='ocrx_word' id='word_1_8' title='bbox 918 449 1080 539; x_wconf 68' lang='lat' dir='ltr'>coquitio&#39;</span> <span class='ocrx_word' id='word_1_9' title='bbox 1093 450 1242 522; x_wconf 84' lang='lat' dir='ltr'>existen·</span> 
     </span>
     <span class='ocr_line' id='line_1_3' title="bbox 92 554 1242 649; baseline 0 -22"><span class='ocrx_word' id='word_1_10' title='bbox 92 559 150 627; x_wconf 87' lang='lat' dir='ltr'>tiae</span> <span class='ocrx_word' id='word_1_11' title='bbox 163 557 223 626; x_wconf 90' lang='lat' dir='ltr'>Dei</span> <span class='ocrx_word' id='word_1_12' title='bbox 239 557 449 648; x_wconf 76' lang='lat' dir='ltr'><strong>supponitur</strong></span> <span class='ocrx_word' id='word_1_13' title='bbox 466 555 563 626; x_wconf 86' lang='lat' dir='ltr'>actui</span> <span class='ocrx_word' id='word_1_14' title='bbox 575 557 668 642; x_wconf 85' lang='lat' dir='ltr'>fidei,</span> <span class='ocrx_word' id='word_1_15' title='bbox 686 579 752 649; x_wconf 90' lang='lat' dir='ltr'>qno</span> <span class='ocrx_word' id='word_1_16' title='bbox 766 554 931 624; x_wconf 77' lang='lat' dir='ltr'>credimus</span> <span class='ocrx_word' id='word_1_17' title='bbox 941 557 1008 625; x_wconf 91' lang='lat' dir='ltr'>Dei</span> <span class='ocrx_word' id='word_1_18' title='bbox 1019 557 1242 626; x_wconf 76' lang='lat' dir='ltr'><strong>existentiam</strong></span> 
     </span>
     <span class='ocr_line' id='line_1_4' title="bbox 90 663 1243 758; baseline 0.002 -26"><span class='ocrx_word' id='word_1_19' title='bbox 90 681 211 758; x_wconf 74' lang='lat' dir='ltr'>propter</span> <span class='ocrx_word' id='word_1_20' title='bbox 233 667 473 732; x_wconf 77' lang='lat' dir='ltr'>auctoritatem</span> <span class='ocrx_word' id='word_1_21' title='bbox 487 664 555 731; x_wconf 83' lang='lat' dir='ltr'>Dei</span> <span class='ocrx_word' id='word_1_22' title='bbox 570 687 668 733; x_wconf 86' lang='lat' dir='ltr'>suam</span> <span class='ocrx_word' id='word_1_23' title='bbox 684 663 906 733; x_wconf 85' lang='lat' dir='ltr'>existentiam</span> <span class='ocrx_word' id='word_1_24' title='bbox 926 664 1131 735; x_wconf 88' lang='lat' dir='ltr'>revelantis.</span> <span class='ocrx_word' id='word_1_25' title='bbox 1150 665 1243 750; x_wconf 77' lang='lat' dir='ltr'>Quia</span> 
     </span>
     <span class='ocr_line' id='line_1_5' title="bbox 91 772 1241 844; baseline 0.002 -2"><span class='ocrx_word' id='word_1_26' title='bbox 91 798 157 844; x_wconf 85' lang='lat' dir='ltr'>vero</span> <span class='ocrx_word' id='word_1_27' title='bbox 167 796 326 844; x_wconf 78' lang='lat' dir='ltr'>assensus</span> <span class='ocrx_word' id='word_1_28' title='bbox 337 773 375 842; x_wconf 90' lang='lat' dir='ltr'>in</span> <span class='ocrx_word' id='word_1_29' title='bbox 387 772 572 842; x_wconf 86' lang='lat' dir='ltr'>veritatem</span> <span class='ocrx_word' id='word_1_30' title='bbox 584 795 626 842; x_wconf 85' lang='lat' dir='ltr'>ex</span> <span class='ocrx_word' id='word_1_31' title='bbox 639 795 708 841; x_wconf 92' lang='lat' dir='ltr'>uno</span> <span class='ocrx_word' id='word_1_32' title='bbox 724 773 855 843; x_wconf 88' lang='lat' dir='ltr'>motivo</span> <span class='ocrx_word' id='word_1_33' title='bbox 870 795 939 840; x_wconf 89' lang='lat' dir='ltr'>non</span> <span class='ocrx_word' id='word_1_34' title='bbox 956 773 1115 843; x_wconf 85' lang='lat' dir='ltr'>excludit</span> <span class='ocrx_word' id='word_1_35' title='bbox 1125 795 1241 844; x_wconf 85' lang='lat' dir='ltr'>assen-</span> 
     </span>
    </p>
   </div>
   <div class='ocr_carea' id='block_1_2' title="bbox 85 879 1240 1297">
    <p class='ocr_par' dir='ltr' id='par_1_2' title="bbox 85 879 1240 1297">
     <span class='ocr_line' id='line_1_6' title="bbox 90 879 1240 969; baseline 0.002 -19"><span class='ocrx_word' id='word_1_36' title='bbox 90 905 152 950; x_wconf 86' lang='lat' dir='ltr'>sum</span> <span class='ocrx_word' id='word_1_37' title='bbox 164 881 271 950; x_wconf 86' lang='lat' dir='ltr'>alium</span> <span class='ocrx_word' id='word_1_38' title='bbox 285 881 325 948; x_wconf 90' lang='lat' dir='ltr'>in</span> <span class='ocrx_word' id='word_1_39' title='bbox 340 879 481 948; x_wconf 86' lang='lat' dir='ltr'>eandem</span> <span class='ocrx_word' id='word_1_40' title='bbox 500 879 686 950; x_wconf 79' lang='lat' dir='ltr'>veritatem</span> <span class='ocrx_word' id='word_1_41' title='bbox 703 903 745 950; x_wconf 82' lang='lat' dir='ltr'>ex</span> <span class='ocrx_word' id='word_1_42' title='bbox 761 879 832 948; x_wconf 89' lang='lat' dir='ltr'>alio</span> <span class='ocrx_word' id='word_1_43' title='bbox 848 879 979 949; x_wconf 89' lang='lat' dir='ltr'>motivo</span> <span class='ocrx_word' id='word_1_44' title='bbox 993 880 1144 969; x_wconf 88' lang='lat' dir='ltr'>divorso;</span> <span class='ocrx_word' id='word_1_45' title='bbox 1163 881 1240 952; x_wconf 86' lang='lat' dir='ltr'>ideo</span> 
     </span>
     <span class='ocr_line' id='line_1_7' title="bbox 87 987 1239 1080; baseline 0.002 -24"><span class='ocrx_word' id='word_1_46' title='bbox 87 989 273 1059; x_wconf 73' lang='lat' dir='ltr'>antecedens</span> <span class='ocrx_word' id='word_1_47' title='bbox 295 995 333 1058; x_wconf 92' lang='lat' dir='ltr'>et</span> <span class='ocrx_word' id='word_1_48' title='bbox 355 989 537 1080; x_wconf 86' lang='lat' dir='ltr'>supposita</span> <span class='ocrx_word' id='word_1_49' title='bbox 559 989 625 1058; x_wconf 86' lang='lat' dir='ltr'>illa</span> <span class='ocrx_word' id='word_1_50' title='bbox 648 988 901 1058; x_wconf 82' lang='lat' dir='ltr'>intellectualis</span> <span class='ocrx_word' id='word_1_51' title='bbox 925 987 1080 1078; x_wconf 75' lang='lat' dir='ltr'>cognitio</span> <span class='ocrx_word' id='word_1_52' title='bbox 1102 1011 1171 1056; x_wconf 90' lang='lat' dir='ltr'>non</span> <span class='ocrx_word' id='word_1_53' title='bbox 1186 1013 1239 1058; x_wconf 84' lang='lat' dir='ltr'>ex-</span> 
     </span>
     <span class='ocr_line' id='line_1_8' title="bbox 87 1096 1240 1188; baseline 0.001 -24"><span class='ocrx_word' id='word_1_54' title='bbox 87 1097 183 1166; x_wconf 79' lang='lat' dir='ltr'>cludit</span> <span class='ocrx_word' id='word_1_55' title='bbox 205 1097 384 1166; x_wconf 80' lang='lat' dir='ltr'>formalem</span> <span class='ocrx_word' id='word_1_56' title='bbox 398 1103 515 1167; x_wconf 86' lang='lat' dir='ltr'>aetum</span> <span class='ocrx_word' id='word_1_57' title='bbox 530 1097 612 1165; x_wconf 88' lang='lat' dir='ltr'>fidei</span> <span class='ocrx_word' id='word_1_58' title='bbox 629 1097 667 1165; x_wconf 91' lang='lat' dir='ltr'>in</span> <span class='ocrx_word' id='word_1_59' title='bbox 683 1097 824 1165; x_wconf 85' lang='lat' dir='ltr'>eandem</span> <span class='ocrx_word' id='word_1_60' title='bbox 839 1096 906 1166; x_wconf 90' lang='lat' dir='ltr'>Dei</span> <span class='ocrx_word' id='word_1_61' title='bbox 921 1096 1158 1182; x_wconf 79' lang='lat' dir='ltr'>existentiam,</span> <span class='ocrx_word' id='word_1_62' title='bbox 1179 1097 1240 1188; x_wconf 89' lang='lat' dir='ltr'>qui</span> 
     </span>
     <span class='ocr_line' id='line_1_9' title="bbox 85 1203 1239 1297; baseline 0.002 -26"><span class='ocrx_word' id='word_1_63' title='bbox 85 1209 269 1292; x_wconf 83' lang='lat' dir='ltr'>praestatur</span> <span class='ocrx_word' id='word_1_64' title='bbox 291 1225 335 1272; x_wconf 85' lang='lat' dir='ltr'>ex</span> <span class='ocrx_word' id='word_1_65' title='bbox 358 1204 473 1274; x_wconf 86' lang='lat' dir='ltr'>debito</span> <span class='ocrx_word' id='word_1_66' title='bbox 496 1204 650 1273; x_wconf 88' lang='lat' dir='ltr'>absoluti</span> <span class='ocrx_word' id='word_1_67' title='bbox 673 1204 829 1297; x_wconf 87' lang='lat' dir='ltr'>obsequii</span> <span class='ocrx_word' id='word_1_68' title='bbox 845 1210 1026 1274; x_wconf 85' lang='lat' dir='ltr'>creaturae</span> <span class='ocrx_word' id='word_1_69' title='bbox 1053 1203 1239 1273; x_wconf 86' lang='lat' dir='ltr'>rationalis</span> 
     </span>
    </p>
   </div>
   <div class='ocr_carea' id='block_1_3' title="bbox 85 1311 1239 1836">
    <p class='ocr_par' dir='ltr' id='par_1_3' title="bbox 85 1311 1239 1836">
     <span class='ocr_line' id='line_1_10' title="bbox 86 1311 1239 1405; baseline 0.003 -27"><span class='ocrx_word' id='word_1_70' title='bbox 86 1333 158 1401; x_wconf 84' lang='lat' dir='ltr'>erga</span> <span class='ocrx_word' id='word_1_71' title='bbox 168 1335 360 1403; x_wconf 87' lang='lat' dir='ltr'>supremam</span> <span class='ocrx_word' id='word_1_72' title='bbox 376 1312 562 1382; x_wconf 81' lang='lat' dir='ltr'>veritatem</span> <span class='ocrx_word' id='word_1_73' title='bbox 575 1319 612 1381; x_wconf 91' lang='lat' dir='ltr'>et</span> <span class='ocrx_word' id='word_1_74' title='bbox 626 1313 872 1383; x_wconf 74' lang='lat' dir='ltr'>auctoritatem</span> <span class='ocrx_word' id='word_1_75' title='bbox 887 1313 1097 1405; x_wconf 88' lang='lat' dir='ltr'>loquentem.</span> <span class='ocrx_word' id='word_1_76' title='bbox 1115 1313 1159 1380; x_wconf 85' lang='lat' dir='ltr'>Iu</span> <span class='ocrx_word' id='word_1_77' title='bbox 1173 1311 1239 1382; x_wconf 91' lang='lat' dir='ltr'>hoc</span> 
     </span>
     <span class='ocr_line' id='line_1_11' title="bbox 85 1421 1238 1514; baseline 0.005 -28"><span class='ocrx_word' id='word_1_78' title='bbox 85 1426 186 1488; x_wconf 87' lang='lat' dir='ltr'>antem</span> <span class='ocrx_word' id='word_1_79' title='bbox 206 1421 325 1490; x_wconf 86' lang='lat' dir='ltr'>debito</span> <span class='ocrx_word' id='word_1_80' title='bbox 348 1421 504 1514; x_wconf 89' lang='lat' dir='ltr'>obsequii</span> <span class='ocrx_word' id='word_1_81' title='bbox 527 1422 726 1491; x_wconf 79' lang='lat' dir='ltr'>continetur</span> <span class='ocrx_word' id='word_1_82' title='bbox 750 1422 855 1491; x_wconf 82' lang='lat' dir='ltr'>simul</span> <span class='ocrx_word' id='word_1_83' title='bbox 878 1421 1056 1512; x_wconf 85' lang='lat' dir='ltr'>responsio</span> <span class='ocrx_word' id='word_1_84' title='bbox 1075 1423 1120 1491; x_wconf 86' lang='lat' dir='ltr'>ad</span> <span class='ocrx_word' id='word_1_85' title='bbox 1136 1444 1238 1514; x_wconf 89' lang='lat' dir='ltr'>quae·</span> 
     </span>
     <span class='ocr_line' id='line_1_12' title="bbox 85 1527 1239 1622; baseline 0.004 -28"><span class='ocrx_word' id='word_1_86' title='bbox 85 1527 226 1612; x_wconf 76' lang='lat' dir='ltr'>ationem,</span> <span class='ocrx_word' id='word_1_87' title='bbox 252 1528 334 1620; x_wconf 89' lang='lat' dir='ltr'>quis</span> <span class='ocrx_word' id='word_1_88' title='bbox 357 1529 407 1598; x_wconf 88' lang='lat' dir='ltr'>sit</span> <span class='ocrx_word' id='word_1_89' title='bbox 429 1551 565 1619; x_wconf 85' lang='lat' dir='ltr'>scopus,</span> <span class='ocrx_word' id='word_1_90' title='bbox 591 1551 680 1622; x_wconf 88' lang='lat' dir='ltr'>quae</span> <span class='ocrx_word' id='word_1_91' title='bbox 695 1529 886 1599; x_wconf 75' lang='lat' dir='ltr'>necessitas</span> <span class='ocrx_word' id='word_1_92' title='bbox 902 1530 960 1600; x_wconf 88' lang='lat' dir='ltr'>vel</span> <span class='ocrx_word' id='word_1_93' title='bbox 976 1529 1117 1599; x_wconf 88' lang='lat' dir='ltr'>utilitas</span> <span class='ocrx_word' id='word_1_94' title='bbox 1132 1529 1239 1599; x_wconf 89' lang='lat' dir='ltr'>huius</span> 
     </span>
     <span class='ocr_line' id='line_1_13' title="bbox 85 1633 1238 1728; baseline 0.005 -27"><span class='ocrx_word' id='word_1_95' title='bbox 85 1633 155 1702; x_wconf 85' lang='lat' dir='ltr'>fidei</span> <span class='ocrx_word' id='word_1_96' title='bbox 174 1635 211 1703; x_wconf 91' lang='lat' dir='ltr'>in</span> <span class='ocrx_word' id='word_1_97' title='bbox 233 1636 458 1704; x_wconf 86' lang='lat' dir='ltr'>existentiam</span> <span class='ocrx_word' id='word_1_98' title='bbox 479 1637 557 1722; x_wconf 89' lang='lat' dir='ltr'>Dei,</span> <span class='ocrx_word' id='word_1_99' title='bbox 583 1637 613 1704; x_wconf 89' lang='lat' dir='ltr'>si</span> <span class='ocrx_word' id='word_1_100' title='bbox 636 1657 678 1706; x_wconf 87' lang='lat' dir='ltr'>ea</span> <span class='ocrx_word' id='word_1_101' title='bbox 700 1637 769 1705; x_wconf 88' lang='lat' dir='ltr'>iam</span> <span class='ocrx_word' id='word_1_102' title='bbox 786 1637 928 1726; x_wconf 87' lang='lat' dir='ltr'>cognita</span> <span class='ocrx_word' id='word_1_103' title='bbox 945 1638 1168 1728; x_wconf 89' lang='lat' dir='ltr'>supponitur,</span> <span class='ocrx_word' id='word_1_104' title='bbox 1187 1637 1238 1707; x_wconf 90' lang='lat' dir='ltr'>id·</span> 
     </span>
     <span class='ocr_line' id='line_1_14' title="bbox 85 1743 967 1836; baseline 0.008 -27"><span class='ocrx_word' id='word_1_105' title='bbox 85 1765 140 1832; x_wconf 86' lang='lat' dir='ltr'>que</span> <span class='ocrx_word' id='word_1_106' title='bbox 159 1766 198 1812; x_wconf 84' lang='lat' dir='ltr'>ex</span> <span class='ocrx_word' id='word_1_107' title='bbox 220 1743 328 1814; x_wconf 84' lang='lat' dir='ltr'>dictis</span> <span class='ocrx_word' id='word_1_108' title='bbox 352 1745 549 1835; x_wconf 81' lang='lat' dir='ltr'>cognitione</span> <span class='ocrx_word' id='word_1_109' title='bbox 571 1745 710 1816; x_wconf 88' lang='lat' dir='ltr'>elevata</span> <span class='ocrx_word' id='word_1_110' title='bbox 726 1769 786 1836; x_wconf 88' lang='lat' dir='ltr'>per</span> <span class='ocrx_word' id='word_1_111' title='bbox 803 1746 967 1835; x_wconf 82' lang='lat' dir='ltr'>gratiam.</span> 
     </span>
    </p>
   </div>
   <div class='ocr_carea' id='block_1_4' title="bbox 0 0 1650 5062">
    <p class='ocr_par' dir='ltr' id='par_1_4' title="bbox 0 0 1650 5062">
     <span class='ocr_line' id='line_1_15' title="bbox 0 0 1650 5062; baseline 0 4"><span class='ocrx_word' id='word_1_112' title='bbox 0 0 1650 5062; x_wconf 95' lang='lat' dir='ltr'> </span> 
     </span>
    </p>
   </div>
  </div>
 </body>
</html>
