3280 5070
890 362 927 374 ..
949 329 1010 392 600
1030 361 1067 374 ..

394 463 533 528 requam
564 461 585 502 a
612 436 855 502 constitutione
877 433 1010 516 maadi,
1029 461 1045 496 a
1064 441 1100 503 at
1122 433 1196 502 siue
1214 455 1281 525 quo
1296 433 1391 501 sion
1404 455 1475 500 non
1490 455 1559 522 poe·

393 544 575 614 ridendum
598 543 641 610 ab
657 541 719 626 eis,
739 541 792 610 ita
815 566 873 608 aaa
897 545 946 608 aia
969 543 1012 608 ab
1036 557 1171 608 artemo
1195 555 1359 631 paratura
1378 555 1475 608 earet.

458 651 667 722 Adversarii
691 672 806 718 omnes
829 649 888 719 bio
911 657 1086 740 eoguntur
1109 651 1296 739 coningere
1319 649 1365 718 ad
1395 649 1561 738 interpre

390 761 569 844 tationem,
595 758 696 828 ouius
719 757 852 826 nullam
877 757 983 826 aliam
1006 765 1153 846 possunt
1175 757 1257 826 dare
1281 757 1473 840 rationem,
1497 757 1561 822 nisi

390 867 480 960 quod
511 869 578 935 iam
611 866 763 956 positum
787 864 916 934 habent
935 868 1239 956 praeparationem
1258 867 1361 954 repas·
1384 887 1463 933 esse
1485 868 1561 931 ante

388 975 550 1065 praevisa
573 974 709 1042 merita.
736 973 852 1042 Aiunt
875 972 1024 1058 scilieet,
1051 994 1192 1042 oausam
1209 972 1426 1040 meritoriam
1442 972 1561 1038 subne-

387 1104 465 1150 xam
490 1083 526 1150 in
550 1081 725 1150 sententia
746 1080 887 1149 iudicis:
914 1082 1042 1146 aurini
1061 1083 1150 1146 enim
1172 1085 1239 1148 eto.
1257 1079 1387 1148 referri
1409 1083 1560 1148 tantum·

388 1189 484 1258 modo
507 1189 551 1257 ed
575 1187 782 1257 sententiam
807 1187 988 1256 direotam:
1003 1186 1173 1276 possidete
1186 1186 1561 1276 repaua5nullatenus

387 1301 502 1364 antem
525 1295 700 1384 pertinere
724 1293 834 1379 adid,
853 1295 944 1386 quod
960 1294 1103 1364 additur
1118 1295 1155 1362 in
1173 1293 1385 1384 praedieato:
1396 1307 1561 1382 pas-atae

384 1426 407 1467 a
428 1403 671 1468 constitutione
692 1400 822 1468 maadi.
840 1401 893 1470 Ab
907 1400 1080 1492 imprimis
1103 1401 1135 1468 si
1158 1422 1318 1493 umquam
1335 1400 1432 1468 alias
1458 1400 1561 1468 verba

385 1509 590 1600 Scripturas
613 1510 780 1578 sumenda
803 1515 888 1577 sunt
911 1509 949 1576 in
972 1532 1076 1578 sensu
1099 1531 1162 1578 sno
1185 1508 1310 1592 obvio,
1338 1507 1375 1576 id
1392 1513 1492 1576 nerto
1506 1529 1558 1574 ne-

385 1618 534 1688 cessario
564 1623 727 1685 servetur
756 1623 894 1708 oportet
924 1616 961 1684 in
986 1617 1162 1686 sententia
1184 1615 1323 1684 iudiois.
1351 1615 1473 1697 Quam
1496 1636 1560 1682 non

385 1733 486 1795 vaoat
508 1725 664 1816 periculo
687 1724 776 1792 hano
800 1725 959 1814 regulam
983 1724 1277 1794 fundamentalem
1293 1723 1494 1814 negligere,
1511 1723 1560 1790 nl·

383 1838 439 1902 tro
469 1833 677 1916 rausedone,
711 1831 772 1924 qui
796 1833 1019 1908 meminerint
1042 1832 1156 1916 modi,
1182 1855 1250 1925 qno
1278 1855 1320 1900 ex
1351 1831 1478 1899 verbis
1507 1829 1559 1896 his

382 1941 509 2010 eisdem
526 1963 635 2031 poena
651 1943 747 2030 ipaia
762 1941 903 2032 probari
919 1947 1081 2032 potestat
1092 1941 1204 2010 debet.
1220 1941 1295 2008 Iam
1310 1963 1396 2010 vero
1423 1939 1559 2031 qnando

317 2059 320 2066 ’
382 2047 510 2138 duplex
533 2053 635 2116 aetus
665 2046 799 2116 relatus
828 2047 873 2116 ad
904 2048 994 2116 idem
1029 2048 1201 2118 obieatnm
1232 2051 1246 2133 (
1258 2047 1318 2117 hia
1350 2047 1499 2114 wilario
1526 2051 1558 2112 et

376 2155 603 2243 praeparatio
628 2153 750 2243 regni)
782 2155 991 2224 enuntiatur
1013 2178 1084 2224 nne
1107 2154 1284 2246 complexa
1307 2155 1502 2238 sententia,
1526 2159 1558 2218 et

380 2261 504 2332 deinde
529 2263 693 2332 subditur
721 2263 828 2332 huius
859 2264 1055 2334 sententiae
1084 2263 1195 2350 ratio;
1226 2262 1349 2353 negari
1381 2285 1455 2330 nnn
1491 2267 1556 2352 pot·

380 2375 452 2453 est,
486 2392 590 2437 sensu
613 2369 716 2438 obvio
739 2368 830 2438 beno
854 2369 1026 2439 rationem
1049 2369 1177 2438 referri
1206 2369 1250 2438 ad
1279 2375 1397 2438 aetum
1423 2377 1555 2440 utrun-

380 2497 458 2567 que,
486 2474 544 2542 aui
571 2474 803 2544 subnectitur.
842 2475 1055 2544 Praesertim
1089 2475 1166 2544 sine
1200 2475 1398 2544 detorsione
1436 2496 1554 2544 sensns

379 2581 475 2672 plani
498 2589 534 2650 et
557 2581 651 2650 obvii
676 2581 842 2651 affirmari
858 2605 927 2650 non
943 2587 1068 2672 potest,
1086 2582 1258 2652 rationem
1273 2583 1470 2651 subnexam
1484 2603 1552 2672 per·

378 2687 490 2756 tinere
513 2693 651 2756 tantum
674 2687 719 2756 ad
743 2687 791 2773 id,
817 2688 908 2780 quod
931 2688 969 2756 in
992 2693 1156 2758 oontextn
1179 2696 1233 2758 est
1255 2689 1446 2778 remotius;
1480 2687 1552 2756 nul·

377 2795 518 2864 latenue
540 2801 656 2864 autem
679 2795 723 2864 ad
739 2795 789 2879 id,
808 2795 899 2887 quod
914 2801 969 2864 est
983 2795 1214 2888 propinquius
1228 2803 1264 2865 st
1279 2796 1483 2866 immediate
1497 2817 1551 2862 an·

378 2901 549 2987 teredens,
576 2909 617 2970 ut
639 2902 753 2970 nostri
776 2901 973 2970 adversarii
997 2901 1071 2970 eine
1086 2901 1160 2970 ullo
1175 2903 1401 2972 fundamento
1417 2903 1458 2970 in
1474 2923 1552 2970 suae

377 3009 550 3100 opinionis
573 3010 775 3101 obsequium
799 3017 976 3099 eoguntur
992 3009 1220 3101 interpretari
1232 3009 1317 3080 haee
1330 3011 1443 3080 verba
1456 3009 1550 3078 Chri·

377 3118 425 3186 sti
448 3117 601 3187 indicis:
623 3117 833 3208 «possidete
857 3125 1018 3209 paratum
1042 3119 1141 3188 vobis
1165 3141 1309 3209 regnum
1334 3140 1355 3185 a
1383 3119 1550 3188 eonstitu-

375 3224 469 3292 tione
481 3223 621 3311 mundi;
640 3223 776 3294 esurivi
793 3226 882 3291 enim
898 3231 934 3294 et
949 3223 1098 3294 dedistis
1113 3224 1201 3292 mihi
1215 3225 1426 3294 manducare
1443 3251 1461 3286 a
1485 3229 1547 3293 eto.

375 3329 609 3400 Confirmatur
632 3337 753 3402 nostra
776 3332 1023 3422 interpretatio
1047 3331 1232 3402 collatione
1251 3355 1328 3400 enm
1345 3330 1465 3400 altera
1480 3353 1549 3400 sen·

375 3439 488 3506 tentia
510 3438 639 3507 indicis
663 3439 700 3506 in
723 3440 886 3529 reprobos
911 3463 945 3508 v.
972 3439 1029 3526 41,
1055 3439 1116 3508 ubi
1132 3440 1300 3508 motivum
1317 3437 1548 3506 ammosa

376 3547 414 3610 ia
431 3548 640 3612 enarratione
655 3568 724 3614 non
742 3546 856 3614 minus
872 3547 1028 3616 refertur
1040 3548 1085 3617 ad
1092 3551 1546 3638 poenaepraeparate'om,

375 3661 417 3722 ut
439 3676 555 3722 omnes
579 3653 753 3724 Catholici
777 3656 883 3724 fateri
899 3656 1036 3725 debent:
1058 3655 1257 3726 adisoedite
1275 3678 1296 3723 a
1311 3677 1363 3724 me
1380 3655 1419 3723 in
1436 3657 1545 3746 ignem

374 3766 567 3847 aeternum,
587 3762 647 3853 qui
665 3767 809 3852 paratus
832 3768 887 3832 est
909 3763 1046 3832 diabolo
1070 3769 1106 3833 et
1128 3763 1266 3854 angelis
1288 3763 1365 3832 eins
1388 3761 1454 3850 (1);
1479 3783 1545 3831 esn-

373 3867 445 3937 rivi
470 3870 569 3951 anim,
587 3875 625 3938 et
640 3892 708 3937 non
732 3869 880 3938 dedistis
904 3869 992 3939 mihi
1015 3871 1227 3942 manducare
1246 3897 1263 3934 a
1281 3876 1347 3940 ete.
1372 3869 1545 3938 Postremo

373 3997 429 4044 res
451 3975 529 4066 ipsa
552 3977 725 4063 ostendit,
758 3977 796 4046 id
826 3977 917 4070 quod
941 3979 1089 4048 effertur
1111 3985 1154 4048 ut
1184 3979 1354 4049 motivum
1383 3976 1544 4048 moralis

373 4089 614 4172 praeparatae,
640 4107 708 4152 non
732 4085 847 4153 minus
871 4085 994 4154 debers
1017 4085 1175 4176 intelligi
1199 4092 1240 4155 ut
1262 4087 1434 4154 rationem
1457 4083 1541 4150 aaa

434 4241 477 4318 (1)
496 4245 781 4314 comprehenduntur
800 4248 853 4301 boa
871 4247 984 4300 nomine
1010 4263 1119 4315 omnes,
1145 4249 1195 4316 qni
1222 4248 1252 4301 ln
1273 4245 1435 4300 desertione
1456 4263 1474 4300 a
1489 4245 1539 4297 Du

373 4339 532 4400 sequnntur
548 4325 702 4389 diabolum.
718 4335 762 4390 (ll.
775 4336 845 4390 Gen.
860 4336 975 4404 111.15;
991 4337 1032 4390 Io.
1046 4339 1126 4391 VIII.
1141 4338 1190 4404 443
1214 4335 1240 4390 1.
1254 4337 1295 4390 lo.
1309 4337 1364 4389 111.
1378 4337 1407 4388 8.
1423 4335 1465 4400 1⁰3
1481 4333 1536 4386 aa

373 4421 453 4476 xm.
470 4425 513 4492 10;
531 4426 556 4478 1.
572 4426 646 4479 Ilm.
661 4427 716 4478 111.
728 4425 754 4490 e;
774 4423 860 4494 Apoo.
874 4427 941 4479 XII.
952 4427 980 4479 9.
