3394 5056
931 330 970 348 ..
991 298 1032 362 84
1052 332 1090 348 ..

425 407 576 500 supponi
598 405 720 476 debera
743 406 813 474 iam
836 413 1033 496 conceptum
1056 405 1157 475 velut
1187 403 1420 476 necessarium
1454 403 1611 474 elemen-
1661 467 1676 486 ,

424 523 500 586 tum
522 515 567 584 ad
582 512 808 584 sufficientem
821 513 1089 604 explicationem
1105 513 1257 584 rationis
1268 514 1453 600 humanae,
1471 517 1510 582 et
1524 535 1610 604 pro·

424 631 544 716 pterea
566 623 738 690 rationem
761 627 883 711 utpote
906 623 1058 692 nondum
1080 623 1138 692 sui
1160 628 1348 714 compotem
1370 621 1415 690 ad
1431 622 1612 712 coguitio-

423 755 501 802 nem
525 731 592 800 Dei
613 729 796 822 pervenire
819 753 887 798 non
910 753 1028 821 posse,
1055 731 1126 800 nisi
1149 732 1234 800 haec
1257 731 1335 820 ipsa
1357 730 1515 821 cognitio
1539 731 1613 800 Dei

423 862 485 931 per
508 837 739 908 extrinsecam
762 837 1010 906 revelationem
1026 844 1062 907 et
1077 831 1335 908 institutionein
1351 839 1383 908 ei
1399 839 1608 928 ingeratur.

423 949 492 1019 Est
503 947 594 1016 enim
606 945 743 1014 omnino
759 951 903 1030 certum,
917 946 1086 1016 Patreset
1098 945 1245 1016 Scholee
1261 945 1421 1038 deinceps
1433 945 1614 1016 Doctores

426 1057 535 1126 verba
558 1054 594 1122 S.
620 1053 724 1122 Pauli
747 1053 800 1122 ita
823 1053 1053 1140 intellexisse,
1071 1061 1113 1124 ut
1127 1054 1174 1123 iis
1190 1055 1343 1124 facultas
1356 1053 1530 1122 humanae
1550 1077 1611 1122 ra·

426 1164 534 1234 tionis
557 1169 736 1232 asseratur
758 1163 867 1232 Deum
892 1185 934 1232 cx
959 1163 1033 1232 sola
1056 1163 1339 1233 manifestatione
1355 1163 1607 1252 cognoscendi,

427 1294 516 1366 quae
540 1273 577 1340 in
593 1271 767 1340 creaturis
783 1271 927 1356 relucet,
954 1293 1022 1340 nou
1046 1277 1163 1342 autem
1185 1271 1339 1342 facultas
1361 1271 1612 1340 tantummodo

426 1405 469 1452 ex
492 1381 676 1474 primitiva
697 1380 911 1450 revelatione
934 1403 974 1450 ac
998 1381 1188 1450 traditione
1210 1379 1425 1471 suscipiendi
1439 1379 1613 1450 notitiam

426 1491 493 1562 Dei
516 1488 702 1559 existentis
728 1517 744 1553 a
769 1511 831 1578 per
854 1488 990 1558 modum
1014 1489 1096 1559 fidei
1118 1517 1160 1575 n,
1187 1497 1230 1558 ut
1260 1488 1457 1558 adversarii
1478 1488 1609 1577 aiunt3

428 1619 515 1690 quae
528 1595 651 1664 deinde
663 1595 749 1664 fides
765 1601 1068 1687 praesupponatur
1083 1603 1261 1690 tamquam
1273 1595 1508 1666 necessarium
1524 1597 1611 1666 fun·

427 1705 626 1774 dementum
649 1709 685 1771 et
707 1703 873 1788 conditio,
899 1703 974 1776 siue
997 1725 1067 1794 qua
1089 1703 1190 1772 nulla
1212 1704 1324 1795 possit
1346 1725 1420 1772 esse
1448 1703 1613 1794 cognitio

427 1818 462 1880 et
485 1809 734 1880 demonstratio
756 1809 965 1879 existentiae
988 1810 1055 1880 Dei
1076 1835 1119 1880 ex
1143 1813 1327 1882 creaturis.

493 1917 696 1988 Doctrinam
718 1919 863 1986 Petrum
886 1919 1169 2011 insequentibus
1197 1941 1435 2011 proponemus,
1465 1919 1611 1988 interea

429 2027 583 2098 sufficiat
614 2025 830 2095 consuluisse
861 2049 903 2096 ex
934 2027 1070 2116 graecis
1097 2027 1350 2118 interpretibus
1377 2027 1611 2119 praecipuum

428 2133 726 2223 chrysostomum,
741 2134 803 2224 qui
813 2134 879 2202 Dei
895 2135 1223 2222 manifestationem,
1249 2157 1318 2228 qua
1336 2135 1528 2227 Apostolus
1551 2135 1610 2204 di·
1681 2181 1682 2200 ,

429 2243 479 2312 cit
489 2238 720 2331 cognoscibile
732 2239 797 2308 Dei
810 2241 1031 2310 manifestum
1044 2243 1155 2311 fuisse
1181 2243 1408 2333 ingentibus,
1426 2247 1538 2311 totam
1551 2243 1609 2310 fa·

430 2352 497 2422 ctis
527 2357 562 2420 et
593 2349 755 2440 operibus
787 2357 946 2418 constare
970 2351 1152 2438 declaret,
1179 2353 1222 2420 ab
1245 2351 1310 2421 illa
1333 2351 1463 2422 diserte
1486 2351 1609 2421 exclu-

429 2459 513 2528 dens
535 2455 709 2548 positivae
743 2455 921 2526 doctrinae
955 2457 1192 2528 traditionem.
1219 2459 1368 2543 Quaerit
1391 2458 1429 2530 S.
1458 2459 1606 2530 Doctor:

432 2565 551 2660 equid
573 2570 628 2634 ost
649 2564 752 2650 illud,
780 2565 871 2654 quod
894 2565 1049 2635 dicitur:
1075 2567 1159 2659 quie
1181 2567 1273 2660 quod
1296 2573 1416 2636 notum
1446 2574 1501 2636 est
1522 2569 1606 2654 Dei,

429 2675 654 2745 manifestum
677 2673 791 2742 estin
815 2673 922 2742 illis?
941 2701 958 2738 n
985 2675 1073 2744 'l'um
1097 2675 1204 2744 huius
1226 2675 1408 2746 doctrinae
1436 2677 1608 2766 apostoli-

429 2805 489 2852 cae
512 2804 651 2850 sensum
674 2779 832 2848 declarat
853 2779 918 2848 ita:
938 2780 1209 2870 o00gnitionem
1232 2783 1289 2852 sui
1311 2783 1407 2853 Deus
1428 2805 1450 2850 a
1472 2783 1608 2875 princi·

429 2888 487 2979 pio
510 2887 548 2955 in
570 2885 768 2954 hominibus
790 2887 964 2976 posuit...
991 2885 1039 2956 Et
1056 2887 1147 2956 unde
1171 2895 1309 2959 constat
1324 2913 1343 2958 o
1359 2889 1487 2975 Paule,
1513 2891 1609 2984 quod

427 2995 521 3066 Deus
543 2993 581 3063 in
603 2993 692 3084 ipsis
714 2994 833 3083 posuit
857 2995 1113 3085 cognitionem?
1137 2995 1242 3082 Quia,
1267 2997 1396 3090 inquit,
1424 2997 1514 3090 quod
1542 3021 1606 3066 no·

428 3111 504 3172 tum
527 3107 582 3171 est
603 3101 703 3186 eius,
728 3100 952 3170 manifestum
976 3101 1090 3172 estin
1113 3101 1200 3172 illis.
1227 3103 1295 3174 Sed
1318 3103 1403 3173 heco
1426 3109 1482 3174 est
1511 3105 1608 3174 affir-

429 3209 536 3279 matio
558 3231 627 3276 non
650 3209 911 3278 demonstratio.
939 3209 994 3278 Tu
1017 3233 1100 3280 vero
1124 3209 1212 3280 mibi
1240 3211 1348 3302 proba
1377 3217 1413 3281 et
1443 3213 1604 3300 ostende,

429 3317 520 3410 quod
543 3315 699 3406 cognitio
722 3317 764 3386 de
786 3317 858 3384 Deo
881 3317 1058 3388 illiserat
1081 3319 1280 3404 manifesta,
1306 3327 1343 3389 et
1366 3321 1457 3412 quod
1481 3328 1608 3411 sponte

429 3446 503 3495 eam
525 3424 768 3514 neglexerunt.
786 3424 886 3494 Unde
902 3425 1017 3516 igitur
1032 3427 1219 3496 manifesta
1231 3428 1247 3494 l
1261 3428 1418 3495 Vocemce
1429 3429 1506 3495 illio
1520 3433 1605 3496 emi-

430 3531 505 3600 sit?
528 3532 768 3622 Nequaquam·
791 3555 903 3600 oerum
927 3532 1019 3601 iliud
1036 3533 1142 3623 fecit,
1167 3535 1259 3626 qaod
1274 3538 1386 3626 mapis
1403 3536 1485 3603 illos
1500 3562 1606 3630 qaam

429 3663 495 3708 occe
518 3640 693 3705 uter-abere
720 3653 874 3728 poterat.-
897 3663 950 3708 res
973 3653 1105 3708 creatos
1132 3644 1171 3708 io
1197 3641 1306 3708 medio
1329 3646 1536 3731 proposuit,
1562 3653 1607 3714 ut

429 3749 552 3817 doctus
574 3751 610 3814 et
631 3745 805 3832 indoctus,
831 3747 970 3836 Scytha
992 3753 1028 3817 et
1051 3749 1222 3818 barbarus
1244 3749 1321 3840 ipso
1344 3751 1426 3820 visu
1448 3750 1605 3842 pulchri·

427 3853 584 3923 tudinem
607 3853 803 3922 visibilium
826 3877 1035 3944 cognoscens
1057 3854 1102 3924 ad
1124 3857 1237 3926 Deum
1259 3879 1446 3948 assurgere
1469 3868 1600 3949 posset.

427 3963 615 4052 Propterea
636 3962 701 4029 eit:
718 3961 916 4032 invisibilia
931 3963 1007 4032 eius
1022 3985 1044 4031 a
1061 3971 1225 4033 creatura
1240 3965 1361 4034 mundi
1379 3993 1395 4027 n
1414 3969 1481 4038 etc.
1501 3967 1603 4038 Crea-

427 4077 588 4139 turerum
619 4069 920 4159 magnitudinem,
945 4071 1267 4163 pulchritudinem,
1294 4075 1448 4144 ordinem
1479 4075 1604 4146 deinde

429 4176 624 4246 describere
646 4175 764 4267 pergit
785 4177 1068 4268 Chrysostomus,
1095 4180 1252 4273 hancque
1275 4181 1328 4250 ait
1350 4203 1424 4252 esse
1449 4211 1466 4246 o
1484 4205 1604 4254 vocem

429 4285 558 4354 elatius
580 4284 665 4352 tuba
687 4283 903 4370 clamantem,
929 4309 1002 4356 esse
1018 4287 1312 4378 praedicationem
1328 4290 1510 4377 creatoris,
1530 4315 1604 4362 esse

430 4411 592 4482 magnam
625 4391 819 4462 doctrinam
853 4395 1065 4486 propositam
1088 4419 1127 4466 eo
1150 4397 1242 4484 fine,
1269 4405 1310 4468 ut
1339 4403 1461 4488 gentes
1491 4399 1605 4470 Deum
