3424 5076
894 406 932 420 ..
954 373 1015 434 482
1036 404 1074 418 -

395 478 504 547 lutam
528 437 680 548 omniuni
705 479 900 563 hominum,
926 478 962 546 id
995 478 1176 547 voluntate
1203 501 1331 544 arcana
1361 477 1438 546 ficri
1459 477 1555 546 nolit.

395 588 436 654 In
453 587 598 656 eundem
614 611 752 656 censum
770 588 869 656 veuit
884 587 1067 656 distinctio
1090 585 1231 654 Ioannis
1258 586 1448 655 Piscatoris
1470 585 1559 652 inter

397 694 612 763 voluntatem
636 696 829 762 naturalem
852 694 1128 784 improbationis,
1154 715 1223 784 qua
1245 693 1339 762 Daue
1361 692 1439 762 odio
1460 692 1562 760 habet

395 807 548 890 peccata,
573 807 609 870 et
633 801 851 871 voluntatem
875 801 1030 882 liberam,
1057 823 1125 891 qua
1146 800 1311 868 decernat
1333 807 1369 868 et
1391 797 1499 881 velit,
1525 805 1564 864 nt

395 907 483 976 fiant
505 915 656 998 peccata.
677 908 767 978 Vide
790 909 913 976 Petav.
932 908 957 976 l.
976 907 1023 976 X.
1041 931 1071 976 c.
1091 906 1146 974 10.
1165 931 1200 976 n.
1219 909 1252 975 5.

865 1131 1019 1200 CAPUT
1042 1131 1092 1200 H.

592 1283 635 1326 DE
653 1283 709 1325 DEI
727 1281 917 1326 VOLUNTA'PE
936 1282 1103 1327 sammon
1122 1283 1363 1328 ermerannus.

839 1455 983 1514 THESIS
1005 1445 1120 1516 XLIX.

421 1599 424 1607 ⁴
535 1582 690 1642 Voluntas
713 1581 942 1660 Deirsalaifica
963 1583 1162 1640 aniversalis
1182 1582 1431 1644 demonstratur

850 1697 892 1740 eac
911 1679 1102 1757 Scriptnris.

453 1855 637 1906 avoluntate
653 1853 840 1906 antecedente
868 1853 955 1906 Deum
974 1853 1005 1906 in
1025 1854 1076 1906 hoc
1095 1853 1195 1906 ordine
1219 1855 1334 1920 generis
1351 1857 1468 1910 humaui
1489 1858 1563 1924 lapsi

388 1966 400 1990 r
417 1948 446 1996 st
465 1943 593 2010 reparati
604 1959 661 1996 nan
680 1957 775 1995 eorum
793 1942 888 2004 modo,
911 1944 960 2009 qui
982 1943 1151 2009 salvantur;
1172 1943 1220 1996 sed
1239 1945 1362 1998 aliorum
1382 1947 1466 1999 etiam
1489 1948 1563 1998 velle

387 2056 399 2081 a
415 2037 560 2086 aeternam
573 2035 704 2099 salutem,
717 2033 800 2085 immo
817 2035 996 2086 voluntatem
1009 2034 1083 2086 hanc
1097 2035 1277 2087 salutiferam
1289 2035 1325 2087 ad
1343 2051 1437 2088 omues
1449 2038 1562 2089 omnino

386 2145 398 2170 a
415 2123 544 2176 homines
555 2121 690 2189 protendi
707 2123 832 2175 rationis
852 2123 908 2175 iarn
921 2125 1073 2190 compotes,
1093 2139 1127 2175 ex
1145 2139 1184 2176 ss.
1198 2123 1412 2192 scripturarum
1434 2125 1563 2180 doctrina

387 2234 399 2260 a
416 2193 637 2266 demonstratur.
654 2232 666 2258 n

450 2398 527 2467 Non
542 2403 596 2466 est
612 2397 713 2463 nobis
731 2419 843 2466 sermo
859 2397 900 2465 de
917 2397 1102 2466 voluntate
1117 2399 1290 2487 simplicis
1302 2400 1564 2488 complacentiae

383 2507 421 2574 in
445 2504 599 2573 bonitate
624 2503 762 2588 obiecti,
790 2525 877 2594 quae
901 2503 938 2572 in
961 2505 1033 2572 Deo
1057 2505 1257 2594 concipitur
1281 2528 1350 2574 ncn
1373 2513 1446 2574 tum
1466 2507 1564 2577 velut

383 2613 567 2696 voluntas,
594 2634 696 2703 quam
721 2611 821 2680 velut
844 2611 1014 2680 iudicium
1038 2612 1271 2680 neceesarium
1297 2613 1338 2682 de
1362 2615 1490 2705 quavis
1513 2639 1564 2684 ra

382 2721 476 2790 tione
499 2719 580 2788 boni
602 2718 706 2786 etiam
732 2741 822 2786 mere
838 2717 1030 2806 possibilia
1047 2719 1109 2806 'sed
1127 2718 1342 2788 voluntatem
1358 2722 1563 2804 asserimus.

384 2849 471 2920 quae
493 2849 536 2894 ex
560 2848 634 2894 sese
661 2824 751 2892 velit
781 2825 896 2914 ipsum
925 2825 1053 2892 salutis
1084 2827 1246 2894 effectum
1274 2827 1358 2896 licet
1380 2851 1449 2898 non
1474 2833 1564 2900 citra

383 2934 613 3005 conditionem
629 2955 669 3000 ex
687 2937 788 3021 parte
804 2932 936 3000 liberae
953 2933 1208 3020 cooperationis
1224 2933 1399 3022 hominum
1425 2936 1560 3007 salvan·

382 3045 515 3113 dorum.
542 3043 636 3110 Haec
658 3047 776 3110 autem
800 3041 931 3108 salutis
964 3041 1131 3109 voluntas
1161 3041 1315 3111 includit
1346 3045 1562 3116 voluntatem

382 3150 567 3220 exhibendi
590 3149 788 3217 homiuibus
812 3147 952 3235 (saltem
981 3148 1228 3217 antecedenter
1251 3150 1295 3218 ad
1318 3150 1562 3242 impedimenta

383 3261 441 3327 vel
463 3257 572 3325 libere
595 3257 638 3324 ab
661 3255 797 3324 homine
821 3254 878 3323 vel
901 3253 1044 3322 aliunde
1067 3277 1137 3324 nou
1160 3263 1275 3325 autem
1293 3256 1424 3326 directe
1447 3281 1470 3326 a
1492 3261 1561 3328 Deo

382 3365 604 3455 interposita)
627 3364 742 3432 omnia
765 3385 806 3432 ea
829 3363 1016 3453 praesidia,
1036 3363 1110 3432 sine
1136 3365 1264 3454 quibus
1290 3365 1388 3433 salus
1412 3367 1559 3438 obtineri

382 3473 520 3564 nequit,
547 3479 583 3542 et
605 3493 693 3564 qnae
716 3494 757 3540 ex
783 3495 857 3542 sese
881 3471 1081 3556 sufficiunt,
1107 3477 1149 3539 ut
1171 3472 1217 3541 iis
1240 3479 1379 3542 nantes
1405 3473 1560 3544 homiues

382 3580 531 3647 salutem
554 3580 693 3670 assequi
718 3581 866 3668 possint.
894 3577 995 3660 Quod
1018 3579 1112 3646 Deus
1138 3577 1223 3647 haec
1246 3579 1362 3646 omnia
1385 3583 1560 3670 praesidia

382 3687 579 3756 hominibus
599 3689 826 3778 praeparavit
850 3709 892 3756 ex
916 3687 1141 3755 antecedente
1165 3687 1359 3773 voluntate,
1378 3695 1421 3757 ut
1437 3713 1499 3780 per
1522 3713 1559 3758 ea

383 3795 537 3864 homiues
561 3795 756 3880 salventur,
777 3795 813 3862 id
830 3793 1026 3884 significari
1050 3794 1150 3880 solet,
1171 3797 1308 3888 quando
1324 3795 1470 3884 dicitur,
1489 3821 1559 3868 esse

382 3904 419 3970 in
442 3904 514 3972 Deo
537 3907 705 3972 sincerans
722 3903 940 3972 voluntatem
956 3901 1212 3970 antecedentem
1229 3903 1359 3972 salutis
1376 3903 1556 3976 humanae.

380 4009 499 4100 Neque
523 4033 605 4080 vero
627 4011 665 4077 iu
688 4013 760 4081 Deo
784 4010 952 4080 voluntas
976 4010 1052 4078 ulla
1075 4033 1149 4078 esse
1172 4015 1300 4100 potest,
1319 4033 1407 4102 quae
1424 4014 1557 4082 sincera

380 4137 449 4182 non
471 4115 533 4183 eit.

448 4219 615 4302 Quaestio
631 4242 746 4310 porro,
765 4229 886 4291 utrum
903 4222 1069 4290 voluntas
1086 4223 1293 4292 antecedens
1309 4223 1438 4292 salutis
1454 4226 1554 4293 etiam

380 4325 491 4395 relate
514 4327 558 4396 ad
582 4351 658 4413 coe,
685 4328 747 4418 qui
770 4335 852 4398 actu
875 4351 944 4396 non
968 4327 1175 4414 salvantur,
1202 4329 1251 4398 eit
1274 4330 1441 4400 voluntas
1466 4333 1554 4410 dene·

376 4431 566 4520 planitien
583 4433 747 4502 voluntas
764 4438 872 4524 siqni,
891 4435 1003 4504 locum
1020 4437 1156 4504 omniuo
1173 4437 1309 4506 nullum
1326 4438 1443 4507 habet.
1463 4437 1552 4524 Quid
