3280 5070
852 372 890 387 -
911 339 971 402 540
992 373 1029 389 -

424 443 470 512 2⁰.
497 443 590 513 Sunt
615 444 709 513 inter
739 451 930 514 assertores
953 445 1283 536 praedestinationis
1307 445 1354 516 ad
1382 445 1543 536 gloriam

356 557 438 619 ante
463 551 626 640 praevisa
650 551 777 621 merita
799 552 876 638 alii,
893 553 956 645 qui
979 553 1091 646 quoad
1114 553 1472 644 praedestinationem
1498 560 1546 621 et

358 658 634 748 reprobationem
649 659 851 750 angelorum
867 661 1027 731 absolute
1037 663 1296 732 anteradentam
1308 661 1547 731 consentiunt

360 765 499 857 quidem
523 765 617 850 illis,
650 788 797 858 qnorum
827 766 1036 836 sententiam
1065 767 1244 859 hueusque
1271 768 1544 852 enarravimus;

360 872 536 942 hominnm
548 879 664 942 anum
677 873 1029 962 praedestinationem
1043 881 1080 944 et
1093 875 1373 965 reprobationem
1389 880 1547 943 censent

358 979 463 1070 paulo
480 979 585 1049 aliter
600 979 840 1070 explicandam
856 1002 943 1050 asse.
961 981 1062 1052 Hane
1077 981 1244 1050 nimirum
1260 982 1386 1052 dicunt
1400 982 1546 1050 factam

359 1109 434 1156 esse
466 1101 703 1177 consequenter
724 1085 771 1154 ad
788 1090 1040 1178 praevisionem
1065 1093 1202 1179 peccati
1231 1089 1424 1178 cripinolt'e
1435 1139 1448 1170 ,
1475 1087 1548 1156 aed

359 1191 593 1260 antecedenter
608 1208 640 1260 et
657 1191 920 1283 independenter
936 1220 959 1262 a
970 1199 1188 1286 praevisione
1207 1198 1355 1262 omnium
1378 1195 1548 1262 clins-un

359 1302 532 1368 actionum
555 1299 689 1368 ordinis
712 1293 832 1384 crecti,
856 1308 893 1371 et
914 1302 1119 1371 nominatim
1142 1305 1292 1369 omnium
1317 1315 1461 1370 conane
1483 1326 1546 1369 nc-

354 1409 648 1500 pernotarclc‘cm.
662 1407 812 1478 Genaent
825 1409 865 1476 bi
880 1409 1048 1500 theologi,
1068 1432 1184 1479 omnes
1200 1411 1368 1496 homines,
1383 1410 1451 1502 qui
1467 1433 1548 1478 non

360 1517 557 1602 salvantur,
571 1537 617 1610 pc
632 1517 776 1607 proinde
800 1517 905 1586 etiam
920 1517 1002 1587 illos
1017 1519 1145 1610 quibus
1161 1523 1340 1609 peceatum
1354 1517 1547 1607 originale

358 1623 604 1693 remittendum
627 1629 664 1693 et
685 1625 869 1694 remissum
892 1630 991 1710 erat,
1016 1625 1082 1694 boo
1103 1626 1202 1696 modo
1225 1625 1337 1695 fuisse
1361 1625 1547 1714 negative

359 1730 559 1820 reprobatos
583 1733 620 1796 in
640 1734 940 1821 poenampecoati
962 1733 1241 1823 oripinuls‘e.1ta
1263 1755 1340 1802 cum
1361 1731 1452 1799 aliis
1478 1732 1545 1800 do-

360 1843 440 1906 cent
451 1836 532 1906 Did.
549 1837 641 1906 Ruia
653 1837 695 1907 de
706 1837 883 1908 Praedast.
895 1837 986 1929 disp.
996 1838 1096 1909 XIV.
1108 1863 1198 1932 sqq.;
1210 1838 1365 1908 Genetes
1377 1838 1479 1928 disp.
1490 1839 1543 1908 V.

360 1965 394 2013 a.
413 1943 446 2012 3.
464 1950 531 2013 etc.

426 2053 547 2122 Potest
568 2053 706 2145 quidem
730 2053 815 2124 baec
839 2055 1015 2124 sententia
1037 2055 1217 2124 confutari
1239 2054 1455 2145 specialibus
1481 2077 1546 2124 ar·

361 2159 551 2252 gementis,
569 2161 775 2251 praesertim
792 2166 965 2252 quatenus
985 2149 1147 2252 loquitur
1167 2161 1209 2230 de
1232 2160 1412 2251 negatione
1428 2183 1545 2250 prae·

361 2266 608 2338 destinationis
624 2269 662 2333 in
673 2290 819 2356 poenam
834 2267 967 2357 peceati
984 2267 1171 2357 originalis
1193 2266 1394 2337 remittendi
1414 2277 1460 2336 at
1485 2292 1543 2338 re

361 2375 478 2460 missi,
512 2397 590 2444 cnm
620 2396 663 2444 ex
693 2376 895 2446 definitione
924 2375 1073 2446 Conoilii
1097 2377 1197 2446 Trid.
1215 2399 1301 2446 aeas.
1317 2375 1361 2445 V.
1395 2403 1412 2438 ι
1433 2375 1542 2444 nihil

360 2481 595 2550 damnationis
618 2480 667 2550 ait
688 2480 746 2567 iis,
773 2482 834 2574 qui
857 2503 940 2552 vere
962 2482 1158 2574 consepulti
1180 2489 1265 2551 sunt
1286 2503 1362 2552 oum
1384 2479 1542 2552 Christo

360 2611 422 2680 per
445 2589 617 2679 baptisma
639 2589 677 2658 in
700 2597 888 2660 mortemzn
908 2589 1038 2660 sufficit
1051 2597 1167 2659 tamen
1182 2590 1228 2660 ad
1242 2591 1319 2661 cius
1335 2589 1540 2660 falsitatem

361 2696 663 2766 demonstrandam
686 2697 777 2766 idem
800 2719 977 2767 commune
1000 2697 1231 2788 principium,
1257 2698 1341 2790 quia
1362 2696 1543 2766 voluntas

360 2803 426 2874 Dei
448 2808 490 2872 ut
512 2826 627 2872 omnes
650 2803 806 2874 homines
828 2804 922 2874 salvi
945 2805 1052 2890 fiant,
1077 2827 1145 2874 non
1174 2804 1286 2874 solum
1316 2804 1540 2906 universalis

361 2917 417 2981 est
430 2911 675 2981 antecedenter
686 2909 731 2979 ad
741 2910 942 3002 praevisum
953 2917 1132 3001 peecatum
1144 2911 1328 3002 originale,
1346 2909 1540 2980 sedetiam

362 3025 611 3112 consequenter
623 3019 668 3088 ad
683 3019 774 3088 illud
791 3019 827 3087 in
844 3017 909 3089 boc
920 3019 1097 3110 praesenti
1113 3019 1233 3088 ordine
1248 3025 1395 3088 naturae
1409 3017 1538 3108 lapsae

361 3135 399 3199 et
421 3127 556 3197 maritis
578 3125 714 3196 Christi
736 3126 978 3218 Redemptoris
1001 3133 1195 3218 reparatae;
1214 3125 1318 3196 immo
1339 3125 1382 3196 de
1405 3125 1537 3196 volnu-

361 3238 436 3304 tate
459 3233 620 3304 salvifica
635 3233 831 3303 universali
845 3255 914 3302 non
930 3234 1004 3302 alia
1018 3256 1121 3326 qnam
1137 3256 1200 3324 pro
1215 3234 1280 3304 boc
1295 3233 1415 3303 ordine
1430 3256 1535 3322 prae·

362 3347 459 3410 sente
481 3347 518 3410 et
540 3341 578 3409 in
600 3339 770 3410 relatione
796 3341 841 3409 ad
868 3339 1024 3410 homines
1047 3340 1085 3409 in
1108 3339 1219 3430 primo
1241 3345 1384 3431 parente
1409 3339 1535 3430 lapsos

361 3447 569 3538 Scripturas
583 3453 620 3518 et
633 3447 755 3516 Patres
779 3447 910 3518 dmectc
932 3447 1138 3540 loquuntur,
1165 3447 1266 3516 utin
1289 3448 1536 3538 superioribus

363 3556 430 3644 (th.
442 3555 591 3626 XLVII.
605 3555 735 3626 XLIX.
751 3560 843 3650 sqq.)
866 3555 1047 3626 evidenter
1069 3555 1340 3625 demonstratum
1356 3559 1423 3624 eet.
1437 3555 1535 3626 Hinc

360 3665 399 3733 in
421 3669 543 3732 nostra
572 3663 832 3753 disputatione,
858 3669 899 3731 nt
921 3662 1091 3732 brevitati
1121 3661 1367 3746 consulamus,
1397 3659 1533 3731 directe

362 3795 445 3864 prae
476 3769 587 3840 oculis
617 3769 819 3840 habebimus
848 3770 1118 3860 reprobationem
1146 3772 1344 3858 cepaticum
1370 3793 1393 3836 a
1418 3768 1534 3836 educ

363 3895 514 3962 uterne,
532 3885 706 3971 qnatenus
721 3876 895 3946 tribuitur
910 3876 1091 3946 absolutae
1110 3875 1288 3946 voluntati
1310 3875 1533 3945 antecedenti

363 4009 495 4056 omnem
522 3983 776 4076 praevisionem
803 4005 944 4074 operum
968 3989 1004 4052 et
1027 3983 1286 4068 conditionum,
1319 3981 1468 4050 maxime
1490 3987 1533 4050 nt

364 4114 447 4185 prae
462 4093 590 4162 ceteris
607 4091 738 4162 Suarez
758 4111 833 4160 eam
852 4089 1009 4160 emollire
1032 4090 1185 4178 studuit;
1202 4096 1411 4180 argumenta
1425 4090 1530 4174 enim,

364 4223 452 4293 quae
475 4205 599 4268 contra
620 4200 710 4269 bano
733 4198 941 4269 sententiam
964 4198 1136 4268 mitiorem
1158 4203 1333 4288 pugnant,
1352 4219 1374 4265 a
1390 4197 1531 4266 fortiori

364 4305 534 4375 valebunt
547 4304 716 4375 adversus
732 4305 864 4374 formae
880 4304 972 4374 aliae
986 4304 1159 4374 duriores.

431 4412 481 4482 11.
506 4413 573 4482 His
600 4413 802 4503 praemissis
823 4412 1019 4484 accedimus
1040 4413 1112 4482 iarn
1134 4411 1179 4480 ad
1201 4411 1528 4482 demonstrationem
