3230 5072
535 382 714 443 -359-

55 489 214 579 plicatam
239 488 396 558 divinam
418 487 687 556 immensitatem
711 485 867 554 absolute
904 491 1094 576 spectatam
1123 487 1224 556 nulla

52 597 197 684 amplius
222 601 430 685 potestesse
454 593 657 662 difficultas.
676 592 728 660 Eo
751 593 827 682 ipso
850 592 957 676 enim,
979 593 1069 684 quod
1086 601 1223 663 creatu·

52 725 107 770 ree
131 711 213 771 actu
236 703 405 785 existunt,
423 702 518 769 Deus
541 700 678 768 ratione
702 721 785 768 suae
809 700 1057 768 immensitatis
1088 705 1142 769 est
1173 702 1224 769 eis

51 809 242 878 necessario
265 808 387 876 intime
410 827 593 897 praesens;
619 830 682 875 nec
717 805 1011 894 omnipraesentie
1036 807 1224 876 secundm

53 917 227 984 formalem
252 939 354 984 suum
378 920 580 1004 conceptum
598 915 635 982 in
651 915 722 982 Deo
746 913 845 981 aliud
861 921 926 997 est,
945 935 1048 1004 quam
1067 915 1145 1004 ipsa
1162 916 1224 982 im-

53 1025 215 1092 mensitas
230 1025 307 1093 cum
324 1022 627 1112 adsignificatione
645 1020 871 1090 coexistentis
887 1029 1083 1089 creaturae.
1103 1021 1224 1090 Solent

54 1153 132 1198 vero
152 1131 311 1219 theologi
325 1127 513 1198 et'asoetae
529 1150 606 1196 cum
621 1127 795 1216 Magistro
812 1126 844 1193 1.
864 1127 947 1195 dist.
967 1127 1022 1194 37.
1043 1135 1079 1196 et
1091 1127 1222 1196 arho-

54 1259 105 1303 ma
127 1239 160 1304 1.
180 1263 213 1328 q.
232 1238 266 1304 8.
284 1259 316 1304 a.
335 1235 368 1304 3.
388 1236 608 1325 distinguere
631 1235 808 1324 triplicem
831 1235 1019 1317 rationem,
1046 1257 1115 1326 qua
1129 1236 1224 1305 Deus

54 1355 104 1412 est
125 1345 163 1412 iu
187 1344 345 1412 omnibus
367 1344 540 1412 creaturis
555 1365 616 1432 per
633 1345 825 1423 essentiam,
848 1345 1093 1432 praesentiam,
1115 1347 1152 1412 et
1161 1367 1223 1432 po·

56 1455 232 1518 tentiam.'

117 1558 218 1640 Quod
240 1557 278 1624 in
301 1557 367 1626 hac
400 1556 628 1625 distinctione
659 1555 879 1646 potissimum
909 1561 1107 1646 spectatur,
1134 1557 1224 1624 illud

56 1675 121 1748 est,
147 1671 190 1734 ut
211 1665 410 1734 declaretur
431 1665 543 1732 Deum
567 1687 634 1732 non
658 1664 769 1732 solum
802 1664 838 1730 in
871 1665 1028 1732 omnibns
1060 1687 1134 1733 esee
1164 1687 1225 1754 per

56 1773 284 1860 operationem
318 1771 492 1862 aliquam,
519 1771 581 1862 qui
612 1771 845 1860 gravissimus
874 1771 1120 1839 nonnullorum
1153 1772 1226 1840 fuit

57 1901 159 1963 error,
184 1879 342 1948 sedasse
366 1878 494 1968 ubique
518 1878 676 1946 divinam
700 1879 810 1968 ipsam
834 1885 998 1946 naturam
1014 1887 1049 1947 et
1065 1879 1224 1947 substau—
1333 1885 1335 1892 ’

57 1987 155 2072 tiam;
182 1991 224 2054 ut
246 1986 369 2054 deinde
397 1984 562 2074 explicite
588 1985 753 2053 doceatur
785 1984 874 2052 hauc
905 1985 1126 2054 existentiam
1159 1986 1225 2055 Dei

59 2093 90 2159 in
112 2095 269 2161 omnibu·
292 2117 360 2160 non
383 2115 457 2161 esse
484 2092 583 2160 velut
618 2091 765 2160 otiosam
797 2098 833 2159 et
864 2091 1034 2177 inertem,
1061 2093 1121 2160 sed
1151 2115 1246 2188 esse⁴

58 2201 198 2268 maxime
222 2207 397 2268 actuosam
422 2198 651 2287 praesentiam
677 2198 809 2287 primae
833 2219 957 2267 caueae
982 2199 1092 2266 omnis
1101 2221 1175 2288 Nesse
1190 2205 1226 2265 et

60 2308 161 2376 omnis
183 2307 276 2376 boni.
303 2306 463 2374 Ceterum
478 2328 547 2373 non
563 2327 678 2374 omnes
693 2304 851 2394 theologi
868 2306 983 2374 eodem
1000 2306 1097 2374 modo
1115 2306 1224 2395 expli·

59 2421 154 2497 eant,
180 2434 267 2504 quar
290 2411 479 2480 distinctas
501 2411 656 2479 rationes
680 2416 716 2478 et
738 2409 927 2479 relationes
951 2411 1046 2480 hisce
1077 2413 1224 2483 nomini-

61 2519 118 2586 bus
138 2519 358 2608 significatas
380 2518 505 2586 velint.
527 2517 563 2586 S.
584 2517 735 2585 Thomas
766 2518 840 2606 ipse
875 2518 979 2608 paulo
1014 2519 1119 2586 aliter
1153 2542 1225 2587 rem

61 2625 202 2716 explicat
224 2626 263 2692 in
287 2625 531 2694 commentario
556 2624 599 2692 ad
616 2623 649 2691 1.·
668 2623 751 2692 dist.
772 2625 828 2692 37.
847 2651 883 2718 q.·
900 2625 932 2693 1.
951 2647 983 2693 a.
1000 2626 1036 2715 2,
1062 2631 1098 2694 et
1120 2625 1225 2693 aliter

62 2732 93 2798 in
114 2733 253 2801 Summa
278 2733 310 2799 1.
331 2757 364 2822 q.
380 2733 413 2798 8.
431 2755 463 2800 a.
483 2731 517 2798 3.
536 2731 761 2820 Ambiguitas
784 2733 857 2800 iere
885 2737 961 2799 tota
983 2739 1037 2800 est
1059 2732 1097 2798 in
1116 2732 1224 2821 expli-

61 2839 210 2922 catione,
241 2839 327 2930 quid
351 2839 528 2928 siguificat
555 2862 629 2908 esse
653 2840 691 2906 in
715 2839 874 2907 omnibus
897 2861 959 2928 per
980 2841 1222 2926 praesentiam,

62 2953 155 3032 prout
177 2935 416 3034 distinguitur
440 2967 462 3012 a
486 2945 582 3014 modo
605 2946 779 3014 existendi
802 2947 839 3013 iu
863 2945 1020 3013 omnibus
1043 2967 1104 3035 per
1119 2969 1224 3011 meen-

64 3053 138 3117 a‘am
166 3058 202 3120 et
227 3055 432 3141 potentiam.
468 3052 663 3141 Angelicus
699 3053 735 3118 in
768 3052 908 3119 Summa
938 3052 963 3118 l.
990 3076 1019 3120 c.
1046 3051 1221 3141 explicat:

66 3164 143 3226 caet
160 3181 225 3247 per
246 3161 477 3246 praesentiam
500 3157 537 3224 in
561 3157 731 3242 omuibus,
751 3157 787 3224 in
811 3164 978 3248 quantum
1002 3157 1117 3226 omnia
1131 3159 1225 3226 nuda

63 3273 135 3332 sunt
156 3271 192 3332 et
214 3270 335 3354 aperta
357 3263 469 3332 oculis
492 3263 580 3350 eins;
603 3291 618 3326 n
638 3264 675 3332 in
692 3263 934 3332 commentario
951 3285 1033 3332 vero
1048 3263 1074 3331 l.
1095 3287 1125 3332 o.
1143 3293 1159 3328 a
1177 3287 1227 3334 se.

65 3371 200 3439 cundum
224 3371 302 3455 hoc,
328 3371 459 3462 iuquit,
486 3371 576 3460 quod
600 3376 764 3460 operatur
787 3371 825 3436 iu
847 3392 906 3454 re,
933 3370 1067 3439 dieitur
1090 3394 1163 3441 esse
1187 3373 1224 3439 iu

66 3496 95 3542 re
111 3501 171 3564 per
189 3480 483 3567 praesentiam...
501 3484 537 3546 et
553 3477 638 3568 quis
652 3475 808 3566 operatio
823 3497 891 3544 non
907 3476 1040 3546 deserit
1055 3479 1224 3549 virtutem

67 3579 226 3668 divinum,
252 3605 274 3650 a
297 3583 485 3673 quaerit,
512 3583 589 3652 ideo
612 3583 745 3652 dicitur
768 3605 842 3652 esse
874 3583 910 3650 in
944 3607 982 3652 re
1015 3609 1077 3672 per
1105 3599 1222 3672 poren-
1269 3639 1273 3648 .

68 3689 151 3770 tiam,
167 3696 203 3758 et
225 3691 310 3782 qnia
334 3689 449 3758 virtue
471 3699 526 3759 est
541 3690 619 3780 ipsa
642 3690 805 3775 essentia,
831 3691 907 3760 ideo
924 3691 1159 3784 consequitur,
1183 3697 1224 3760 ut

70 3790 152 3864 iure
173 3797 278 3865 etiam
297 3819 362 3884 per
385 3799 565 3863 essentiam
591 3796 652 3865 sit.
673 3822 689 3858 n

68 4005 135 4075 locis,
151 4025 212 4063 cum
229 4011 305 4063 huuc
320 4009 498 4064 intellectum
518 4011 602 4064 atrei
618 4011 728 4064 veritae
741 4010 886 4077 exhibent,
902 4013 932 4062 ot
948 4011 1014 4076 ipse
1026 4009 1126 4062 localis
1141 4009 1221 4062 verbi

71 4099 215 4164 proprietas
231 4115 411 4166 nequaquam
430 4101 610 4167 prohibeett
621 4101 748 4154 Solemus
768 4115 890 4168 nemque
909 4101 1014 4154 localia
1030 4101 1119 4186 ¹verba
1138 4115 1221 4166 saepe

73 4191 352 4261 irreprehensibiliter
364 4199 522 4252 attribuere
543 4200 637 4266 rebus,
651 4215 722 4267 quse
741 4215 792 4252 uec
810 4201 870 4252 loco
893 4201 970 4265 suut,
983 4214 1034 4252 uec
1047 4199 1220 4252 circumseri-

74 4283 154 4344 ptione
167 4287 251 4339 locali
264 4288 458 4355 continentur,
480 4289 561 4341 velut
580 4289 606 4340 si
625 4287 725 4354 dicem,
740 4289 784 4339 iba·
801 4303 864 4341 esse
883 4288 1061 4340 intellectum
1072 4288 1102 4339 in
1116 4288 1222 4354 anime,

74 4371 113 4419 all
130 4378 171 4426 eet
187 4376 372 4428 rationaliter
384 4397 397 4424 n
418 4377 447 4430 S.
458 4377 584 4430 Auealm.
596 4377 701 4430 llouol.
713 4393 737 4429 a.
748 4377 792 4430 23.
806 4375 938 4431 Notnude
957 4377 1026 4431 hnec
1045 4381 1113 4430 sunt
1132 4377 1224 4444 potie-

75 4457 157 4515 einum
174 4466 284 4518 mtione
302 4467 484 4533 praesentiae
503 4468 556 4520 Dei
574 4468 604 4520 iu
623 4468 764 4521 creaturis
784 4467 998 4535 spiritualibus.
