3224 5068
907 367 1085 430 -350-

407 472 630 542 considerant
653 495 768 542 rerum
793 472 1029 558 existentiam,
1049 479 1222 566 quatem
1237 479 1293 542 est
1308 471 1601 552 fundamentum}

407 602 470 646 our
493 603 550 647 res
573 585 750 671 tamquam
774 580 965 648 existentes
980 580 1055 649 sint
1070 579 1333 670 cognoscibiles,
1353 583 1389 647 et
1403 577 1471 646 hoc
1486 598 1583 644 sensu
1600 561 1601 620 i

406 689 544 754 ratione
564 687 661 778 prior
687 694 742 756 est
772 688 906 757 veritas
936 689 1147 758 existentiae
1178 711 1241 779 pro
1272 687 1394 779 aliqua
1424 685 1585 774 temporis

407 794 621 879 differentia,
640 816 742 885 quam
766 794 919 863 eiusdem
942 795 1102 864 intuitio:
1122 795 1333 886 proindeque
1350 815 1408 862 res
1428 815 1500 860 non
1515 792 1585 859 ideo

407 905 502 985 sont,
528 900 611 992 qnia
632 901 811 988 videntur,
838 901 898 970 sed
922 903 1006 994 quie
1029 901 1219 994 aliquando
1244 907 1340 986 sunt,
1367 899 1445 968 ideo
1468 899 1514 965 ab
1536 919 1601 963 ae*

407 1013 507 1076 terno
530 1008 710 1078 videntur.

473 1115 560 1184 Post
582 1115 667 1186 haec
683 1115 799 1184 omnia
813 1117 1039 1185 manifestum
1053 1139 1128 1187 esse
1144 1124 1241 1208 pnto,
1260 1117 1361 1185 illius
1378 1113 1580 1184 sententiae:

411 1245 497 1291 ores
520 1246 636 1293 omnes
659 1229 745 1292 sunt
760 1223 902 1292 divinae
918 1225 1122 1294 aeternitati
1147 1229 1359 1316 praesentes,
1376 1251 1393 1287 n
1412 1245 1482 1290 non
1499 1220 1581 1286 bano

394 1351 504 1420 ¹posse
528 1330 668 1398 admitti
694 1331 1030 1421 interpretationem,
1051 1339 1092 1403 ut
1107 1333 1334 1423 intelligatur
1358 1327 1580 1402 coexistentia

407 1459 524 1506 rerum
547 1439 591 1506 ab
613 1444 766 1508 aeterno.
787 1439 854 1509 Sed
877 1441 1058 1531 supposita
1074 1443 1238 1526 varitate,
1257 1441 1349 1533 quod
1369 1463 1426 1509 res
1449 1435 1580 1530 quando

408 1551 503 1629 sunt,
522 1545 722 1615 coexistunt
736 1549 942 1617 aeternitati
957 1549 1055 1618 modo
1072 1573 1180 1639 supra
1195 1549 1382 1640 explicato,
1400 1545 1577 1616 dissidium

407 1658 520 1722 totum
543 1652 588 1720 ad
611 1654 675 1722 hoc
698 1659 896 1724 revocatur:
923 1663 1042 1724 utrum
1066 1657 1249 1726 dicendum
1273 1655 1334 1740 eit,
1354 1651 1577 1746 praesentiam

408 1783 524 1830 rerum
547 1759 583 1826 in
608 1760 818 1828 aeternitate
841 1761 932 1829 nihil
961 1785 1035 1832 esse
1058 1763 1176 1848 aliud,
1203 1785 1307 1856 quam
1332 1761 1424 1852 qnod
1455 1781 1510 1827 res
1532 1779 1577 1824 oo·

407 1873 626 1958 gnoscontur
641 1867 745 1936 aDeo
768 1869 966 1958 cognitione
989 1877 1143 1956 aeterne,
1163 1871 1200 1939 in
1220 1893 1290 1962 qua
1312 1868 1414 1938 nulla
1437 1873 1491 1936 est
1511 1886 1576 1931 suc·

408 1976 529 2062 csseio;
544 1999 588 2044 an
605 1978 722 2065 potius
738 1979 946 2069 loquendum
964 1982 1016 2050 ita
1031 1983 1092 2050 sit:
1106 1981 1198 2050 illud
1214 1982 1329 2071 ipsum
1344 2002 1420 2048 esse
1435 1974 1574 2054 actuale,

409 2085 500 2177 quod
515 2088 702 2156 secundnm
718 2089 845 2157 realem
857 2091 1083 2161 existentiam
1100 2093 1229 2182 incipit
1240 2093 1277 2159 in
1289 2099 1455 2180 tempore,
1469 2107 1576 2156 secun·

408 2192 491 2261 dum
509 2194 845 2282 cognoscibilitatem
861 2218 959 2264 suam
975 2199 1019 2264 ab
1034 2205 1175 2268 aeterno
1188 2199 1309 2266 subest
1320 2196 1464 2265 divinae
1480 2187 1574 2260 intui·

409 2299 511 2370 tioni.
521 2301 560 2368 Si
572 2302 640 2386 illi,
656 2303 715 2395 qui
729 2304 841 2392 primo
860 2304 959 2372 modo
974 2305 1180 2397 loquuntur,
1195 2305 1302 2374 simul
1317 2303 1518 2384 defendunt,
1529 2323 1574 2368 res

410 2410 650 2500 contingentes
666 2417 702 2480 at
715 2412 921 2481 nominatim
937 2420 1038 2483 actus
1061 2414 1191 2483 liberos
1213 2436 1281 2482 non
1305 2411 1468 2502 cognosci
1482 2411 1572 2478 aDeo

409 2519 452 2586 ab
475 2524 636 2602 aeterno,
662 2525 834 2612 quatenus
858 2521 998 2589 suntin
1022 2544 1059 2590 se
1081 2522 1187 2612 ipsis,
1214 2521 1275 2589 sed
1298 2525 1473 2612 quatenus
1493 2517 1572 2583 Dens

409 2625 669 2716 comprehendit
683 2632 793 2696 totam
808 2628 995 2698 efficaciam
1020 2651 1156 2714 causae,
1175 2633 1217 2696 ot
1235 2625 1418 2695 nonnullis
1441 2621 1569 2717 placuit-3

409 2733 596 2804 discrimen
627 2735 720 2803 inter
750 2735 900 2826 priorem
931 2743 968 2806 et
998 2735 1223 2826 posteriorem
1255 2735 1467 2804 sententiam
1494 2733 1570 2798 osset

408 2841 515 2910 reale:
541 2842 573 2910 si
597 2865 680 2912 vero
703 2843 919 2928 conceditur,
938 2844 1031 2936 quod
1053 2867 1115 2912 nos
1138 2843 1236 2912 infra
1258 2841 1567 2918 demonstrabimus,

411 3104 440 3152 et
461 3103 579 3153 aeterne
596 3099 769 3154 declaranda
788 3104 958 3168 praesertim
979 3101 1071 3170 qnoed
1095 3103 1223 3155 actiones
1248 3099 1436 3168 procedentes
1458 3116 1476 3153 ι
1491 3095 1567 3150 ursis

410 3189 543 3244 secundis
563 3205 619 3244 non
637 3208 655 3245 a
669 3191 758 3258 priori
781 3191 982 3245 detormlnetis
1001 3191 1037 3244 ad
1057 3207 1159 3258 unum,
1182 3191 1231 3244 sed
1258 3205 1319 3244 sese
1340 3191 1434 3244 libere
1454 3185 1566 3242 determi-

409 3280 547 3333 memfibos
566 3278 602 3332 ed
622 3280 808 3345 alterutrum,
831 3295 890 3332 non
912 3282 986 3334 sotis
1009 3296 1072 3333 esse
1091 3279 1272 3334 considerare
1291 3278 1373 3332 ideas
1395 3279 1567 3346 practicasse

410 3369 565 3422 effectrices
578 3369 640 3422 slve
659 3369 788 3422 rationes
802 3373 934 3422 aeternas
949 3371 980 3422 in
993 3371 1067 3435 Deo;
1088 3368 1136 3422 sed
1151 3373 1282 3436 oportere
1294 3368 1400 3423 bebere
1412 3382 1480 3434 pree
1493 3363 1566 3418 oeulis

410 3461 557 3511 oeternum
577 3461 630 3512 Dei
650 3460 788 3513 intuitum
810 3476 896 3526 super
909 3477 989 3514 omne
1002 3466 1125 3527 tempus,
1147 3475 1203 3527 quo
1217 3459 1409 3514 constituitur
1421 3454 1565 3526 proesentis

411 3563 505 3602 rernm
527 3549 680 3603 secundum
699 3566 753 3602 esee
772 3549 964 3616 cognoscibile
982 3550 1013 3602 in
1033 3551 1218 3603 aeternitate.
1239 3549 1293 3602 llic
1310 3552 1356 3601 est
1370 3564 1473 3602 senens
1485 3543 1564 3600 cleris-

411 3639 500 3690 sienne
521 3639 604 3692 illins
625 3639 690 3706 loci,
714 3656 795 3708 quem
813 3643 948 3694 nonnulli
968 3657 1029 3695 conr
1046 3639 1152 3694 Didaco
1167 3639 1291 3694 Alveree
1310 3640 1332 3692 1.
1341 3655 1365 3693 c.
1380 3639 1418 3692 ed
1430 3653 1485 3692 non
1498 3634 1563 3689 intel-

411 3727 553 3793 ligibllem
580 3729 799 3784 coexistentiem
828 3731 952 3784 omniurn
972 3747 1067 3784 rernm
1096 3746 1158 3783 cum
1188 3731 1364 3783 aeternitate
1390 3726 1563 3781 detorserunt·

410 3819 500 3872 Locus
522 3819 611 3872 habet
628 3817 688 3870 ita:
712 3820 834 3872 «omnia
848 3835 920 3886 quae
944 3821 1012 3872 sunt
1030 3819 1062 3871 iu
1088 3823 1228 3885 tempore,
1249 3821 1319 3870 snnt
1337 3818 1395 3871 Deo
1417 3817 1453 3871 ab
1470 3819 1563 3870 setomo

410 3908 589 3975 praesentia,
615 3923 672 3962 non
692 3909 784 3961 solum
813 3924 846 3962 ee
865 3910 988 3977 ratione,
1016 3923 1073 3976 qna
1092 3908 1181 3961 hebet
1199 3907 1327 3960 rationes
1344 3921 1440 3959 rernm
1462 3901 1528 3971 spnd
1542 3913 1564 3950 se

411 4001 587 4065 praesentes,
608 4003 642 4052 nt
664 3997 780 4067 quidam
794 3997 901 4064 dieunt,
920 3998 970 4052 sed
984 4001 1053 4066 quio
1071 4000 1135 4052 eins
1154 3999 1283 4050 intuitos
1302 3996 1397 4050 sertor
1414 3997 1450 4049 ab
1469 3997 1563 4047 aeterno

411 4103 498 4154 eopse
516 4089 619 4154 omnle,
641 4091 727 4157 prout
746 4093 816 4142 sont
828 4089 859 4142 in
874 4104 926 4142 eus
945 4089 1210 4155 praesentialitate.
1224 4086 1306 4141 Unde
1326 4087 1504 4141 menifestum
1519 4081 1560 4140 eet

411 4177 486 4242 qnod
506 4179 707 4244 contingentia
729 4179 933 4232 inlellibiliter
953 4195 970 4232 a
987 4181 1045 4234 Deo
1071 4182 1289 4246 cognoscuntur,
1311 4179 1343 4232 ia
1362 4179 1493 4244 qnantum
1511 4169 1561 4224 sub·

411 4267 520 4321 duntur
537 4267 638 4322 divino
657 4271 821 4338 conspectui
841 4269 995 4322 secundom
1009 4285 1089 4323 eoem
1103 4269 1386 4336 praesentialieaseee,
1402 4273 1432 4320 et
1449 4265 1509 4319 sont
1521 4261 1560 4325 sc·

410 4365 476 4411 earo
493 4359 692 4425 oontlngentle
710 4361 772 4414 suis
785 4361 881 4414 causis
900 4360 1041 4429 proximis
1059 4362 1223 4427 componete
1236 4378 1249 4406 n
1262 4358 1288 4410 1.
1300 4372 1328 4424 q.
1342 4357 1386 4409 14.
1400 4372 1427 4408 ι.
1439 4353 1479 4406 1³.
1492 4349 1557 4404 orn

410 4449 437 4501 1.
452 4447 523 4502 dist.
535 4447 582 4501 ³8.
596 4462 623 4500 a.
635 4447 662 4500 5.
