3424 5076
873 379 910 394 -·
932 347 993 408 506
1014 378 1052 392 -

381 477 423 523 ex
447 453 710 544 Scripturornm
734 452 894 522 doctrine
917 452 1111 522 clarissime
1134 461 1361 526 asseruerunt
1385 478 1425 526 uc
1443 457 1556 526 vindi-

381 567 517 632 carunt.
535 561 659 630 Patres
670 559 772 646 enim,
791 567 828 630 et
844 561 1069 650 Augustinus
1086 560 1213 652 ipsein
1230 562 1320 632 locis
1335 563 1429 648 eliis,
1448 570 1560 654 egunt

382 671 423 739 de
448 669 632 740 voluntate
652 667 718 740 Dei
740 666 956 737 antecedente
979 683 1012 736 et
1035 669 1287 754 conditionata,
1313 691 1398 764 quae
1414 677 1470 741 est
1483 671 1559 740 nni·

382 779 550 866 versalis3
575 777 662 847 locis
685 783 801 847 nutem
825 778 1077 868 posterioribus
1093 779 1320 867 Augustinus
1336 779 1427 849 idem
1442 780 1560 869 dispu-

382 891 438 956 tat
460 885 503 956 de
526 884 712 954 voluntate
736 883 897 955 salvifice
920 884 1078 952 obsoleto
1103 900 1135 952 et
1158 901 1236 952 actu
1261 887 1433 976 efficiente
1456 909 1560 954 suum

382 995 580 1079 terminum,
599 1015 687 1086 quae
702 1016 785 1061 sane
800 999 855 1062 est
870 994 1099 1084 particularis
1115 995 1178 1080 (1).
1198 994 1312 1085 Atqui
1328 994 1461 1064 veritas
1477 1019 1558 1078 una,

383 1098 474 1190 qnod
496 1097 663 1168 voluutas
688 1097 844 1184 effecte-icc
868 1111 946 1162 octe
969 1120 1037 1166 nnn
1061 1098 1214 1188 pertinet
1237 1098 1309 1167 nisi
1333 1099 1378 1168 ed
1401 1121 1470 1184 eos,
1498 1099 1561 1190 qni

383 1231 420 1276 rs
443 1207 521 1296 ipse
544 1205 749 1289 salvantur,
782 1226 851 1272 non
875 1204 1032 1273 excludit
1056 1205 1242 1274 veritatem
1265 1205 1436 1288 alterum,
1471 1205 1560 1297 quod

383 1313 549 1382 voluntas
572 1311 699 1380 salutis
722 1309 918 1377 antecedens
942 1310 1186 1400 complectitur
1208 1333 1324 1380 omnes
1347 1311 1513 1380 honines.

449 1421 499 1490 11.
526 1419 694 1509 Superest
716 1424 758 1488 nt
784 1419 940 1487 dicemus
971 1418 1013 1487 de
1044 1437 1167 1504 sensu,
1203 1441 1303 1511 quem
1333 1419 1560 1509 Augustinus

384 1528 502 1599 verbis
524 1525 688 1615 Apostoli
712 1524 743 1592 1.
771 1524 861 1592 rim.
882 1525 932 1593 Π.
950 1525 985 1592 4.
1004 1526 1142 1593 subesse
1160 1526 1355 1616 putaverit.
1373 1526 1452 1596 Non
1469 1526 1560 1595 enim

382 1640 558 1727 repugnet
572 1657 634 1726 per
650 1657 698 1719 se,
719 1639 760 1703 ut
773 1634 993 1703 voluntatem
1008 1634 1205 1704 salvificam
1221 1635 1287 1704 Dei
1302 1636 1560 1704 antecedentem

381 1769 459 1815 cnm
483 1743 608 1812 ceteris
629 1742 698 1810 PP.
724 1738 920 1811 defenderit
934 1764 1007 1810 esse
1023 1743 1270 1828 universalem,
1288 1749 1455 1812 ettamen
1471 1743 1559 1811 exis-

382 1853 564 1935 timesset,
595 1849 632 1916 in
663 1848 728 1916 hoc
759 1853 859 1918 textu
882 1848 1046 1939 Apostoli
1069 1849 1111 1918 de
1135 1850 1319 1918 voluntate
1343 1851 1505 1919 absoluta
1527 1855 1562 1918 et

382 1965 464 2028 ectu
480 1957 656 2027 effectriee
672 1957 824 2048 adeoque
838 1957 1051 2047 particulari
1067 1958 1170 2027 unice
1186 1979 1375 2026 sermonem
1387 1981 1474 2027 esse.
1484 1957 1561 2028 Non

382 2066 525 2158 inquom
548 2065 585 2133 id
609 2087 670 2154 per
694 2088 730 2133 se
752 2070 947 2154 repugnnt5
974 2071 1110 2134 certum
1134 2072 1251 2134 temen
1281 2071 1355 2151 est,
1389 2065 1494 2134 etiem
1524 2065 1561 2132 in

382 2172 672 2264 interpretatione
695 2172 802 2242 huius
826 2173 1018 2242 testimonii
1042 2173 1208 2244 Patribus
1232 2155 1371 2264 grnedis
1387 2182 1423 2243 et
1438 2173 1562 2241 latinis

383 2280 658 2364 vetustioribus,
685 2279 745 2371 qni
769 2302 885 2348 omnes
906 2279 1021 2349 locum
1048 2281 1090 2350 de
1121 2282 1307 2350 vuluntate
1338 2281 1561 2350 antecedente

384 2389 653 2472 intellexeruut,
686 2386 932 2476 Augustinum
955 2410 1023 2455 uon
1048 2389 1287 2459 contradicere
1313 2389 1472 2478 negando
1502 2387 1557 2472 id,

384 2495 475 2589 quod
497 2494 554 2564 illi
578 2494 814 2582 affirmarunt;
842 2493 901 2564 sed
925 2497 969 2562 ab
992 2495 1068 2563 illis
1091 2496 1204 2564 solum
1228 2497 1353 2566 differt
1381 2519 1440 2580 eo,
1472 2494 1560 2587 quod

382 2603 456 2692 ipse
478 2624 546 2670 non
562 2623 670 2670 unum
685 2623 822 2670 sensum
838 2601 1075 2671 immediatum
1093 2602 1346 2688 tantummodo,
1364 2602 1425 2671 sed
1439 2625 1560 2671 sensns

382 2708 501 2800 plnres
524 2731 566 2778 ex
590 2731 693 2778 seusu
716 2707 915 2777 immediato
939 2715 1186 2800 consequentes
1201 2708 1374 2800 explicat,
1390 2716 1497 2802 atque
1510 2710 1560 2778 ito

383 2815 522 2884 collutis
545 2815 702 2884 omnibus
718 2815 795 2884 eius
811 2814 898 2884 locis
914 2815 1240 2906 interpretationem
1257 2817 1460 2906 suppeditet
1483 2817 1559 2886 ube-

381 2923 511 2994 riorem
534 2930 570 2992 et
593 2923 808 3014 ampliorem.

451 3031 541 3101 Sane
565 3035 601 3118 α)
624 3030 852 3120 Augustinus
876 3030 950 3120 ipse
966 3035 1102 3099 textum
1118 3029 1222 3098 Pauli
1239 3030 1435 3100 clarissime
1452 3031 1558 3122 expli·

384 3145 442 3208 cut
464 3139 505 3207 de
529 3137 712 3208 voluntate
735 3137 896 3206 salvifica
919 3137 1144 3206 antecedente
1157 3143 1194 3206 ct
1209 3137 1404 3208 universali
1420 3139 1458 3208 in
1476 3139 1502 3206 l.
1520 3137 1558 3206 de

384 3247 501 3336 spirit.
527 3252 563 3314 et
584 3246 659 3316 litt.
685 3271 720 3315 u.
747 3247 802 3314 57.
829 3245 884 3313 58.
913 3247 946 3330 t)
961 3245 1128 3315 Declernt
1143 3245 1307 3336 pluribus
1323 3247 1434 3316 modis
1450 3247 1559 3316 locum

308 3359 311 3365 '
385 3354 530 3422 eundem
552 3377 650 3443 posse
673 3353 844 3443 intelligi.
866 3351 1024 3420 elliultie
1047 3351 1157 3421 modis
1180 3352 1338 3442 intelligi
1360 3360 1495 3444 potest,
1520 3377 1559 3423 ex

386 3459 513 3551 quibus
544 3461 581 3526 in
613 3460 695 3528 aliie
726 3460 904 3550 opusculis
933 3460 1065 3529 nostris
1095 3459 1234 3553 aliquos
1264 3461 1556 3531 commemoraui»

386 3567 429 3636 de
451 3567 607 3658 corrept.
634 3575 670 3636 et
692 3576 787 3659 gret.
812 3591 848 3637 n.
873 3568 930 3638 44.
947 3567 1046 3638 luter
1061 3567 1124 3636 hos
1141 3567 1270 3636 multos
1287 3569 1404 3639 modos
1420 3576 1457 3637 et
1472 3570 1560 3639 inter

384 3673 522 3768 aliquos
534 3677 578 3744 ab
593 3675 669 3768 ipso
683 3675 888 3765 Augustino
904 3679 1185 3746 commemoratos
1200 3679 1255 3744 est
1269 3677 1426 3765 proiecto
1457 3675 1558 3744 etiem

450 3910 493 3989 (1)
509 3913 699 3986 unicornium,
720 3913 795 3984 quod
814 3913 968 3970 secundnm
979 3915 1181 3971 Demoscennm
1195 3911 1237 3986 (et
1250 3915 1325 3970 elios
1337 3913 1561 3972 innnmmbilee

383 4006 538 4074 ipsumque
554 4002 759 4076 Augustlnnm)
777 4003 896 4060 verbnm
913 4001 1047 4074 Apostoli
1066 4002 1112 4078 (1.
1131 4001 1203 4062 Tim.
1217 4004 1257 4060 11.
1271 3999 1314 4075 4.)
1327 4003 1511 4070 intelligitur
1529 4003 1560 4055 de

386 4089 539 4150 voluntate
561 4091 747 4150 antecedente
759 4097 789 4146 et
799 4109 854 4149 nou
872 4093 906 4147 de
917 4095 1120 4163 consequente.
1134 4090 1188 4146 Sed
1203 4091 1356 4148 secundum
1369 4091 1561 4160 Angunlinnm

384 4181 428 4258 (in
444 4183 516 4240 locis
530 4200 618 4255 supro
632 4180 800 4257 declaretis)
809 4183 990 4250 intelligitur
1004 4183 1038 4238 de
1051 4187 1251 4255 consequente.
1263 4181 1345 4238 Unde
1364 4183 1486 4251 exponit
1504 4197 1560 4236 eam

382 4269 559 4344 dupliciter:
580 4291 638 4331 nnn
655 4274 737 4330 motio
753 4279 786 4329 ut
798 4273 840 4329 stt
859 4273 1028 4329 distributio
1040 4271 1216 4328 accommode
1230 4289 1281 4344 pro
1295 4273 1426 4329 omnibus
1442 4273 1492 4342 qni
1506 4271 1558 4324 sei-

383 4368 539 4421 entes...
559 4364 617 4422 nilo
636 4365 717 4422 mede
735 4371 769 4420 ut
788 4366 829 4421 eii
847 4363 1018 4420 distributio
1036 4380 1089 4435 pro
1108 4364 1261 4432 generibus
1281 4362 1461 4432 singulorum
1463 4399 1515 4416 .....
1529 4363 1557 4413 et

386 4471 442 4512 nou
461 4471 513 4527 pre
532 4454 658 4524 singulis
679 4471 813 4524 generum
829 4477 842 4507 u
863 4455 892 4512 S.
904 4453 957 4512 rh.
970 4456 996 4509 1.
1018 4455 1088 4510 diet.
1100 4453 1145 4510 tt.
1161 4469 1190 4524 q.
1203 4455 1228 4510 1.
1240 4471 1267 4512 e.
1280 4455 1306 4508 1.
1321 4451 1356 4508 od
1368 4455 1394 4508 1.
