3224 5068
532 380 569 394 ..
590 347 650 408 283
674 379 711 394 ..

53 461 85 522 et
104 453 187 522 nihil
207 453 246 522 in
273 475 309 522 ee
337 452 461 537 habet,
491 453 582 545 quod
608 453 771 545 cuiquam
799 451 904 522 alteri
928 473 1105 522 commune
1127 473 1204 522 esse

53 567 154 651 queat.

107 667 331 736 corollarium
352 677 387 738 2.
411 669 482 752 Qui
505 676 690 761 quaerunt,
709 675 829 738 utrum
845 668 926 759 plus
942 671 1029 737 entis
1047 667 1096 737 sit
1111 668 1206 736 Deus

49 797 195 845 unacum
219 778 404 862 creaturis,
424 797 528 870 quam
546 777 640 846 Deus
665 778 792 869 absque
816 777 1000 861 creaturis,
1019 775 1206 844 absurdius

46 885 235 973 loquuntur,
254 907 356 976 quam
374 886 435 976 qui
457 891 653 976 quaereret,
676 889 794 954 utrum
818 885 898 974 plus
921 884 1012 952 artis
1028 884 1077 952 sit
1093 887 1206 952 mente

45 991 211 1082 Aligherii
234 998 270 1061 et
291 993 416 1068 divina
438 993 611 1062 comoedia
641 993 746 1062 simul
778 995 1011 1082 computatis,
1038 1013 1141 1083 quam
1174 990 1206 1058 si

44 1121 94 1166 ars
113 1100 149 1167 in
172 1105 285 1168 mente
307 1105 427 1191 poetae
449 1124 512 1191 per
534 1123 571 1170 se
594 1106 781 1191 spectetur.
807 1101 885 1170 Non
917 1099 1206 1168 animadvertunt

43 1205 178 1291 scilicet,
202 1231 326 1276 nomen
350 1212 439 1276 entis
461 1228 544 1298 prae
559 1216 637 1278 ente
653 1209 813 1278 absoluto
835 1213 872 1276 et
886 1213 965 1276 ente
989 1205 1203 1296 participato

43 1336 102 1380 non
123 1336 195 1382 esse
220 1314 407 1384 univocum
431 1315 490 1383 sed
513 1313 713 1403 analogum,
732 1321 768 1382 et
782 1313 860 1382 ideo
876 1313 941 1381 'nlla
968 1313 1036 1382 duc
1056 1313 1120 1380 sub
1135 1333 1206 1380 una

44 1425 121 1486 ertia
149 1422 287 1490 ratione
317 1421 559 1490 connumerari
589 1445 658 1489 non
689 1445 798 1512 posse.
826 1421 930 1490 Entis
961 1420 1114 1488 absoluti
1143 1441 1206 1488 nec

43 1529 113 1617 plns
133 1553 208 1599 esee
231 1538 347 1621 potest
368 1553 430 1600 nee
454 1531 580 1612 minus,
607 1553 683 1599 cum
715 1531 764 1600 eit
784 1531 965 1618 plenitudo
993 1530 1207 1598 intrinsecus

43 1646 76 1705 et
87 1638 240 1706 absolute
255 1639 470 1724 necessaria;
489 1645 526 1707 et
540 1637 617 1708 ideo
633 1639 737 1708 etiam
761 1627 916 1706 essentia
939 1645 975 1706 et
991 1635 1207 1726 possibilitas

45 1748 125 1814 entis
141 1745 350 1836 participati
373 1753 427 1814 eat
449 1746 606 1816 absolute
630 1746 838 1829 necessaria,
861 1767 948 1836 qnae
970 1751 1206 1833 tamenprae·

44 1859 92 1919 ter
111 1855 219 1942 ipsam
243 1853 402 1923 divinam
424 1855 610 1922 essentiam
626 1854 670 1924 ad
693 1861 794 1924 extra
809 1853 1015 1922 imitabilem
1037 1851 1130 1920 nihil
1153 1857 1208 1920 est

46 1960 183 2029 actualis
206 1961 397 2030 realitatis.
412 1961 500 2028 Esse
515 1969 630 2031 autem
654 1962 791 2030 actuale
805 1967 986 2030 creaturae
1003 1959 1207 2048 contingens

43 2073 89 2134 eat
108 2090 173 2136 non
196 2069 442 2152 necessarium,
468 2069 621 2160 adeoque
645 2069 721 2138 eius
745 2069 825 2157 plus
847 2091 921 2138 esee
945 2072 1060 2158 potest
1083 2073 1120 2136 et
1142 2067 1205 2134 mi·

45 2199 112 2243 nus.
135 2175 253 2258 Quare
275 2177 321 2245 ad
345 2177 580 2268 quaestionem
604 2199 649 2244 an
672 2176 753 2266 plus
776 2177 867 2246 entis
891 2176 940 2244 sit
960 2182 1039 2266 post
1062 2177 1208 2244 creatio·

46 2304 111 2348 nem
128 2305 231 2374 qnam
246 2290 329 2351 ante
344 2283 566 2368 creationem,
584 2283 859 2373 respondendum
875 2291 929 2352 est
944 2282 1204 2372 distinguendo:

45 2395 91 2457 est
102 2391 179 2480 plne
195 2392 300 2475 entia,
321 2392 352 2458 si
366 2391 549 2480 intelligas
565 2391 630 2458 hoo
649 2391 785 2459 nomine
800 2413 862 2458 ens
878 2389 1088 2473 absolutum,
1106 2413 1206 2478 nepa·

46 2503 92 2564 est
110 2497 190 2586 plus
213 2499 317 2581 entis,
336 2497 368 2565 si
390 2497 574 2587 intelligas
594 2520 655 2566 ens
671 2496 817 2601 alterins
834 2496 937 2586 plane
952 2495 1100 2564 rationis
1117 2497 1208 2588 qnod

47 2613 172 2692 praeter
195 2606 395 2675 absolutum
419 2606 552 2696 concipi
566 2612 692 2696 potest,
712 2605 870 2698 quodque
893 2605 970 2674 ideo
994 2628 1070 2673 cum
1087 2627 1125 2672 eo
1140 2627 1207 2672 non

47 2715 371 2782 connumerationem
388 2714 448 2782 sed
463 2713 680 2803 analogicum
693 2713 1025 2802 cognominationem
1036 2711 1206 2796 admittit,

47 2820 296 2910 subdistingue:
320 2828 374 2890 est
396 2821 475 2912 plns
498 2821 591 2889 entis
614 2821 639 2890 i.
666 2844 696 2889 e.
730 2821 809 2910 plus
832 2819 1062 2889 essentiarum
1090 2819 1127 2886 in
1157 2841 1210 2887 or·

47 2926 118 2996 dine
139 2927 401 3018 metaphysica,
427 2952 533 3018 παρη
557 2928 637 3017 plus
659 2927 751 2996 eutis
775 2929 799 2996 i.
819 2950 849 2996 e.
867 2927 949 3017 plue
972 2925 1124 2995 actualis
1141 2948 1209 2993 esse

49 3034 243 3124 participati
259 3035 296 3103 in
312 3035 432 3104 ordine
453 3035 615 3124 physico,
640 3033 789 3104 concedo.

104 3141 182 3211 Dici
204 3149 322 3210 tamen
338 3149 461 3212 contra
476 3142 560 3212 haec
577 3149 705 3233 posset:
731 3167 787 3210 ene
802 3143 903 3212 debet
927 3142 1062 3233 concipi
1077 3143 1210 3212 abstra-

49 3247 149 3318 hendo
179 3251 224 3318 ab
247 3251 336 3318 Eme
358 3251 518 3320 absoluto
542 3256 578 3318 et
608 3276 676 3318 esse
705 3251 939 3340 participato,
966 3252 1003 3320 in
1033 3251 1100 3320 hac
1127 3273 1210 3320 vero

49 3379 196 3443 suprema
218 3359 455 3428 abstractione
479 3359 783 3450 comprehenditur
800 3360 864 3427 sub
881 3373 955 3426 ente
970 3382 1031 3428 ens
1047 3358 1207 3426 divinum

49 3471 78 3530 et
98 3487 156 3532 ens
178 3465 442 3554 participatum
466 3487 549 3554 ergo
573 3465 694 3557 quaeri
711 3487 791 3534 sane
810 3464 923 3550 debet,
949 3472 1068 3534 utrum
1092 3463 1210 3551 (intel-

48 3568 177 3659 ligendo
200 3597 257 3640 ens
280 3575 469 3642 secundum
492 3573 591 3641 illam
614 3575 826 3643 abstractam
850 3574 1030 3656 rationem,
1050 3577 1086 3640 et
1108 3571 1210 3640 nulla

51 3677 153 3746 adhuc
175 3687 342 3769 concepta
365 3679 651 3748 determinatione
675 3680 720 3748 ad
743 3702 804 3748 ens
826 3680 987 3750 divinum
1010 3684 1047 3748 et
1069 3679 1210 3769 partici-

52 3791 173 3872 patum)
196 3786 278 3876 plns
301 3788 390 3852 entis
413 3787 520 3854 rectis
543 3809 604 3856 seu
620 3787 701 3876 plus
718 3810 785 3854 esse
808 3789 844 3852 in
862 3801 940 3854 acto
956 3787 1006 3854 sit
1021 3793 1101 3876 post
1117 3807 1211 3854 crea·

51 3891 165 3961 tionem
188 3915 292 3985 quam
316 3893 490 3962 creatione
514 3894 666 3962 nondum
690 3895 882 3984 supposita3
910 3895 1014 3984 idque
1037 3893 1209 3961 affirman-

54 3997 123 4066 dum
143 4008 214 4086 est,
240 4024 284 4069 ne
306 4024 424 4070 errore
447 4001 682 4092 pantheistico
706 4002 798 4070 entis
828 4001 1033 4092 participati
1063 4001 1211 4072 realiter

56 4103 181 4176 diversa
203 4110 247 4176 ab
270 4117 348 4178 ente
371 4109 530 4178 absoluto
554 4110 591 4178 in
614 4109 759 4178 dubium
783 4116 941 4178 vocetur.

111 4217 163 4285 Ad
185 4217 293 4285 buius
317 4215 537 4286 difficultatis
560 4217 828 4288 declarationem
857 4224 942 4286 sunt
964 4217 1084 4309 aliqua
1114 4238 1212 4307 pree·

58 4324 205 4394 monenda
227 4324 270 4392 de
292 4325 432 4392 notione
455 4323 640 4413 analogica
662 4328 762 4392 eneis.
781 4325 886 4394 Notio
902 4325 994 4394 entis
1010 4325 1078 4393 iam
1095 4323 1212 4392 inille

60 4449 200 4518 suprema
223 4433 471 4518 abstractione,
490 4431 551 4500 uhi
574 4455 637 4502 nec
661 4433 858 4502 absolutum
874 4455 937 4502 nec
960 4431 1211 4523 participatum
