3230 5072
538 377 575 392 ·-
597 344 657 406 413
677 377 714 392 -

38 450 133 519 sario
153 449 274 520 subest
303 448 472 520 scientiae
496 450 633 543 quidem
665 449 834 542 simplicis
865 449 1122 541 intelligentiae
1146 471 1209 542 pro

38 565 136 628 statu
157 557 419 649 possibilitatis,
437 559 603 629 scientiae
626 582 709 630 vero
732 558 880 628 visionis
903 581 965 650 pro
981 564 1078 628 statu
1102 561 1208 629 realis

36 665 257 734 existentiae.
275 665 461 734 Praeclare
476 665 647 736 Albertus
662 665 709 734 M.
728 695 744 730 u
758 665 926 756 Origenes
942 667 995 754 (in
1009 668 1085 743 loco
1101 689 1209 758 supra

37 796 59 840 a
84 775 181 842 nobis
203 773 327 858 citato)
349 773 515 859 intendit,
542 775 632 866 quod
656 776 829 860 futurum,
848 774 932 866 quia
955 775 1117 844 futurum
1140 783 1205 860 eet,

36 881 158 950 scibile
182 881 232 950 sit
253 903 275 948 a
296 882 388 968 Deo,
413 881 450 952 h.
473 906 502 952 e.
530 881 656 951 hebeat
678 881 913 973 aptitudinem
940 882 984 952 ad
1008 881 1205 973 sciendum3

35 997 74 1058 et
96 989 146 1057 sic
170 989 330 1060 futurum
353 989 486 1059 nullam
509 989 598 1059 dicit
620 1011 759 1059 cauum
790 988 959 1058 scientiae
987 989 1024 1058 iu
1055 989 1206 1078 sciente,

36 1095 97 1164 sed
118 1095 207 1166 dicit
229 1095 399 1166 rationem
422 1096 633 1187 aptitudinis
655 1097 692 1164 in
724 1095 841 1166 scibili
867 1123 883 1159 n
908 1095 1048 1166 Albert.
1074 1096 1204 1168 Summ.

35 1204 77 1271 P.
101 1202 131 1270 I.
151 1227 186 1294 q.
205 1201 261 1271 61.
285 1227 331 1272 m.
358 1202 392 1271 3.
417 1203 548 1274 Eadem
572 1203 665 1294 apud
688 1203 930 1272 Alexandrum
951 1203 1097 1272 Helene.
1115 1205 1155 1273 P.
1173 1205 1204 1274 I.

36 1338 71 1402 q.
98 1310 154 1380 24.
180 1334 226 1378 m.
252 1309 286 1378 3.
312 1311 460 1402 Insuper
489 1334 600 1404 neque
630 1311 835 1402 simpliciter
866 1334 986 1380 verum
1010 1318 1082 1398 est,
1117 1313 1206 1382 obie-

37 1409 130 1488 ctum
153 1419 321 1490 scientiae
344 1421 531 1492 secuudum
556 1444 623 1489 esse
646 1418 878 1511 cognoscibile
901 1419 1056 1510 incipere
1072 1419 1109 1488 iu
1125 1426 1207 1490 tem-

37 1553 128 1619 pore.
139 1529 320 1600 Obieotum
335 1530 426 1600 enim
439 1537 493 1600 est
508 1530 641 1601 veritas
657 1529 866 1600 existentiae
882 1529 1025 1620 protuli
1040 1532 1207 1621 temporis

37 1638 248 1728 differentia,
267 1640 368 1732 atqui
391 1639 482 1732 quod
496 1639 581 1708 talis
603 1645 705 1710 actus
721 1638 845 1708 existit
867 1661 929 1729 pro
952 1639 1019 1709 tali
1041 1645 1203 1731 tempore,

38 1748 79 1814 ab
100 1753 240 1816 aeterno
265 1752 342 1816 erat
365 1747 518 1835 veritas,
544 1769 629 1838 ergo
652 1748 823 1816 obiectum
846 1745 1014 1816 scientiae
1044 1754 1206 1820 aeternae

37 1853 221 1922 secundum
244 1877 311 1920 ecoe
332 1853 564 1944 cognoscibile
586 1876 656 1924 non
678 1852 806 1945 incipit
828 1852 866 1922 in
888 1858 1054 1944 tempore.
1072 1855 1206 1927 Pendet

38 1963 155 2054 utique
184 1984 207 2030 a
234 1961 348 2032 libera
376 1962 666 2035 determinatione
699 1967 901 2048 creaturae,
928 1984 1016 2056 quae
1046 1963 1085 2032 in
1115 1965 1205 2034 reali

38 2070 224 2140 existentia
253 2070 381 2162 incipit
402 2070 441 2140 in
463 2076 635 2162 tempore,
662 2075 703 2140 ut
725 2070 790 2139 hoo
820 2071 936 2162 potius
959 2069 1017 2140 vel
1047 2071 1139 2140 illud
1163 2073 1206 2141 ab

38 2183 174 2246 aeterno
189 2201 312 2248 verum
328 2178 389 2266 sit;
403 2200 472 2248 uon
489 2185 673 2248 esttamen
689 2178 938 2270 temporarium
954 2178 1068 2268 ipsum
1085 2203 1204 2250 varum

39 2283 275 2375 cognoscibile,
294 2285 384 2376 quod
406 2283 493 2354 talis
515 2289 616 2355 actus
639 2286 784 2354 futurus
806 2291 872 2370 est,
889 2291 926 2354 et
948 2285 1041 2356 alius
1063 2295 1206 2358 nonest

40 2393 189 2463 futurus.
215 2391 290 2462 Hoc
313 2391 493 2462 subtiliter
516 2391 673 2462 declarat
700 2393 806 2482 Hugo
829 2392 1035 2463 Victorinus
1058 2394 1115 2482 (de
1142 2395 1203 2466 Se·

41 2501 220 2570 mamantis
243 2500 326 2571 fidei
349 2502 388 2570 P.
412 2501 460 2570 Π.
482 2525 513 2570 c.
536 2500 591 2570 17.
618 2499 672 2570 18.
689 2501 730 2570 Τ.
758 2501 826 2570 ΠΙ.
845 2501 908 2570 iol.
930 2501 1038 2586 227.).
1063 2533 1080 2568 o
1100 2503 1204 2574 Nunc

41 2613 160 2693 autem,
180 2608 271 2702 quod
286 2610 330 2677 ab
346 2615 487 2678 aeterno
508 2609 720 2700 praescitum
736 2615 801 2695 ast,
820 2610 864 2677 ab
878 2615 1018 2679 aeterno
1042 2611 1202 2680 futurum

43 2722 101 2784 est:
124 2722 252 2786 utnon
275 2721 330 2786 est
351 2721 531 2786 aeternum
554 2719 669 2808 ipsum
690 2717 780 2810 quod
803 2719 963 2787 futurum
987 2724 1052 2804 est,
1071 2719 1202 2811 quiesi

42 2829 209 2893 aeternum
232 2829 342 2910 esset,
368 2823 528 2892 futurum
552 2845 619 2892 uon
649 2829 742 2894 esset
765 2824 825 2894 sed
848 2844 1022 2914 praesens.
1054 2823 1105 2894 Et
1133 2848 1202 2895 non

43 2932 131 3021 prius
153 2932 365 3022 praescitum
382 2930 465 3018 fuit,
485 2953 588 3024 quam
612 2933 773 3002 futurum
797 2932 878 3020 fuit,
898 2931 957 3001 sed
980 2932 1080 3022 prius
1104 2955 1200 3024 prae-

44 3041 160 3109 scitum
185 3040 260 3109 fuit
281 3047 317 3109 et
338 3042 439 3132 prius
463 3042 624 3111 futurum
648 3040 730 3126 fuit,
757 3061 859 3132 quam
883 3041 996 3110 fuit...
1013 3040 1063 3109 Et
1085 3063 1202 3112 curre·

45 3148 116 3216 bant
136 3149 242 3218 simul
264 3149 308 3216 ab
331 3154 472 3218 aeterno
495 3149 563 3219 duo
587 3148 684 3234 haec,
710 3147 801 3241 quod
824 3149 984 3218 futurum
1009 3148 1080 3217 fuit
1103 3153 1148 3236 (e.
1163 3174 1199 3240 g.

45 3257 219 3328 obstinatio
243 3256 377 3342 Iudae),
403 3263 440 3326 st
463 3257 554 3350 quod
583 3279 658 3328 esse
681 3255 799 3347 potuit
829 3256 920 3350 quod
946 3279 1015 3327 non
1039 3257 1198 3328 futurum

46 3364 105 3432 fuit
126 3370 169 3454 (e.
184 3390 222 3456 g.
242 3365 422 3434 conversio
438 3365 573 3453 Iudae).
592 3365 642 3434 Et
656 3365 689 3435 si
708 3365 840 3433 factum
865 3365 1002 3451 fuisset,
1021 3365 1112 3458 quod
1127 3389 1202 3437 esse

47 3474 146 3559 potuit
160 3479 198 3544 et
211 3480 328 3543 tamen
344 3473 504 3544 futurum
521 3497 589 3544 non
610 3474 682 3544 tuit
697 3473 918 3562 (conversio),
937 3475 1097 3544 futurum
1113 3476 1201 3546 fuis·

47 3585 89 3649 set
108 3589 142 3652 et
163 3581 396 3674 praescitum,
423 3582 513 3675 quod
537 3583 697 3653 futurum
720 3582 773 3670 (in
795 3583 973 3673 praesenti
995 3583 1201 3674 hypothesi)

48 3711 102 3758 nou
116 3691 198 3780 fuit,
216 3713 280 3762 nec
301 3691 534 3782 praescientia
556 3691 663 3760 buius
680 3691 796 3764 futuri
819 3697 955 3761 mutata
978 3691 1118 3778 inisset,
1140 3693 1199 3762 sed

47 3815 215 3889 numquam
239 3796 371 3883 habits,
391 3797 474 3889 quia
489 3798 649 3867 futurum
672 3821 741 3866 non
765 3797 904 3868 fuisset.
921 3824 937 3858 n
954 3796 1085 3866 Eodem
1101 3796 1200 3866 modo

48 3898 189 3995 loquitur
204 3904 241 3974 S.
254 3903 404 3973 'ihomas
428 3903 590 3994 pluribus
613 3905 650 3974 in
673 3905 770 3976 locis.
804 3905 936 3976 cSicut
958 3911 1076 3974 noster
1099 3903 1200 3974 visus

50 4033 103 4079 non
124 4013 261 4083 fallitur
285 4033 448 4106 umquam
474 4013 865 4103 vidensoontingentie,
884 4019 925 4082 ut
941 4017 1025 4082 suut
1040 4034 1199 4103 praesen·

51 4117 101 4204 tia,
116 4126 277 4190 ettamen
300 4142 343 4190 ex
367 4117 431 4190 hoo
445 4141 514 4190 uon
538 4127 748 4206 removetur,
767 4121 851 4214 quin
868 4119 933 4188 illa
956 4120 1200 4210 contingenter

53 4227 204 4316 stenima
223 4227 277 4298 ita
291 4229 386 4298 Deus
401 4228 642 4298 infallibiliter
658 4228 757 4299 videt
775 4227 890 4309 omnia
914 4226 1196 4317 contingentia...
1241 4217 1245 4226 ⁸

56 4333 121 4420 quia
134 4336 199 4404 sibi
214 4359 283 4407 non
300 4343 386 4406 sunt
402 4337 538 4424 futura,
556 4337 616 4406 sed
631 4358 673 4406 ea
688 4336 832 4427 inspicit
847 4358 922 4405 esse
945 4341 1041 4422 tunc,
1063 4335 1199 4428 quando

57 4449 131 4509 sunt:
154 4445 242 4514 unde
264 4467 306 4513 ex
332 4445 395 4515 hoc
419 4467 487 4513 non
510 4449 720 4528 removetur,
747 4443 831 4536 quin
855 4442 1100 4534 contingenter
1122 4466 1199 4512 eve-
