3280 5070
592 363 630 378 -
651 331 712 392 583
733 363 771 378 -

97 441 133 504 ct
154 437 240 528 qnia
263 436 418 505 vicissim
442 435 585 505 videbat
606 435 842 526 Augustinus,
868 435 935 505 hac
950 435 1112 526 gratuita
1128 435 1268 526 praede-

97 542 289 612 stinatione
304 547 432 633 negata
455 544 576 634 negari
593 546 756 634 gratiam,
776 543 892 636 qualis
907 544 943 611 in
961 543 1155 634 Scripturis
1172 567 1269 634 prae·

97 647 250 734 dicatur,
276 673 363 742 quae
386 652 521 720 scilicet
544 675 611 719 non
636 653 684 720 sit
707 673 836 720 merces
858 673 999 742 operum
1031 652 1267 740 naturalium

96 756 175 826 ideo
197 757 235 826 S.
250 759 380 828 Ductor
402 758 485 827 huic
515 758 826 849 praedestinationi
857 759 1043 828 insistebat
1070 759 1268 848 diligentis·

96 865 193 934 sime.
217 868 327 934 «Aut
349 867 459 952 enim,
484 867 619 959 inquit,
645 867 916 958 praedestinatio
946 867 1179 958 praedicanda
1201 877 1266 952 est,

95 975 380 1064 quemadmodum
403 995 477 1042 earn
502 975 539 1043 S.
566 975 751 1066 Scriptura
774 976 955 1046 evidenter
978 975 1179 1068 loquitur...
1205 981 1270 1044 aut

93 1079 247 1167 gratiam
260 1080 324 1149 Dei
337 1082 524 1150 secundum
540 1081 665 1150 merita
680 1090 800 1150 nostra
815 1083 893 1150 dari
916 1082 1159 1166 confitendum,
1178 1081 1268 1173 quod

94 1187 240 1277 sapiunt
261 1187 478 1276 Pelagiauin
503 1188 546 1259 de
568 1189 656 1257 Don.
682 1211 855 1278 persever.
881 1211 916 1256 n.
934 1190 990 1258 41.
1012 1189 1087 1256 Hac
1105 1189 1146 1258 de
1163 1209 1269 1257 causa

93 1316 131 1363 ae
155 1295 246 1364 dicit
268 1305 423 1366 coactum
447 1320 521 1366 esse
552 1298 601 1390 ad
627 1297 955 1387 praedestinationis
985 1298 1266 1370 declarationem.

95 1431 111 1466 s
131 1403 227 1485 Quid
250 1413 366 1472 autem
389 1407 504 1494 coegit
527 1393 602 1474 loca
625 1405 902 1494 Scripturarum,
928 1405 1054 1496 quibus
1076 1405 1269 1495 praedesti-

91 1512 192 1581 natio
216 1512 451 1581 commendata
474 1519 548 1596 est,
560 1513 733 1602 copiosius
756 1522 792 1582 et
814 1513 1033 1582 enucleatius
1056 1514 1125 1583 isto
1147 1520 1268 1583 trostro

89 1618 211 1688 labore
235 1619 388 1702 delendi,
413 1619 483 1687 nisi
507 1620 597 1710 quod
615 1619 796 1709 Pelagiani
811 1620 947 1704 dicunt,
965 1621 1117 1710 gratiam
1133 1621 1198 1690 Dei
1216 1643 1267 1690 se·

89 1728 243 1796 cundum
267 1727 392 1796 merita
414 1734 536 1796 nostra
559 1728 671 1796 duria
697 1727 783 1796 ibid.
802 1752 836 1796 u.
849 1729 904 1815 533
917 1730 962 1797 ci.
975 1729 1076 1798 nte.
1095 1729 1195 1798 Hanc
1210 1728 1266 1798 de·

88 1837 197 1928 nique
228 1835 421 1926 gratuitam
451 1835 803 1924 praedestinationem
833 1835 886 1903 ait
916 1857 1060 1926 prorsus
1091 1835 1133 1930 ad
1167 1835 1266 1905 fidem

87 1943 269 2033 pertinere
291 1942 496 2025 revelatam,
521 1943 605 2034 quia
627 1942 704 2012 eius
727 1942 940 2032 praedicatio
961 1942 1053 2010 nihil
1076 1950 1132 2012 est
1153 1941 1263 2026 aliud,

88 2073 194 2142 quam
219 2051 430 2141 praedicatio
460 2051 598 2140 gratiae
628 2052 820 2142 gratuitae.
848 2052 956 2120 «Hoc
980 2051 1071 2134 scio,
1097 2052 1265 2122 neminem

89 2163 215 2226 contra
238 2157 342 2225 istam
363 2157 715 2246 praedestinationem
738 2179 840 2250 quam
856 2160 1042 2227 secundum
1061 2157 1266 2248 Scripturas

88 2271 233 2335 sanctas
256 2265 491 2347 defendimus,
517 2266 588 2333 nisi
611 2266 759 2335 errando
775 2266 957 2355 disputare
981 2266 1149 2356 potuisse.
1174 2265 1265 2335 Puto

87 2381 208 2442 tamen
230 2373 283 2442 eis
306 2379 443 2442 sanctos
466 2373 681 2463 Cypriauum
705 2377 742 2441 et
756 2373 1035 2441 Ambrosium...
1054 2373 1177 2442 debere
1193 2373 1264 2442 suf·

88 2481 207 2564 licere,
233 2487 326 2549 utet
349 2481 501 2571 gratiam
525 2482 590 2550 Dei
614 2481 809 2571 gratuitam
832 2503 894 2572 per
917 2482 1032 2550 omnia
1054 2480 1211 2567 credaut,
1229 2489 1266 2552 et

88 2611 152 2678 per
176 2589 291 2656 omnia
315 2587 546 2678 praedicenti
566 2587 652 2656 ibid.
670 2611 706 2656 n.
723 2587 780 2657 48.

155 2695 203 2763 2“.
220 2694 323 2764 Sicut
341 2695 613 2784 praedestinatio
629 2717 719 2764 mera
736 2695 896 2785 gratuita
911 2693 1134 2784 praedicatur
1150 2694 1263 2788 quoad

87 2802 238 2893 primam
262 2802 426 2893 gratiam,
451 2804 504 2872 ita
527 2802 618 2871 ratio
641 2802 740 2871 illius
763 2802 972 2893 gratuitatis
993 2801 1196 2872 extenditur
1218 2801 1263 2872 od

87 2915 199 2978 totam
216 2910 352 2994 seriem,
371 2917 542 3001 quatenus
559 2910 719 2978 meritum
741 2933 837 2980 omne
857 2913 1070 3003 subsequens
1091 2910 1263 2980 fundatur

87 3016 124 3085 in
149 3017 282 3108 gratia.
305 3047 320 3082 a
339 3017 557 3109 Quicumque
579 3040 663 3108 ergo
685 3017 729 3086 ab
752 3017 816 3087 illa
846 3018 1013 3109 originali
1043 3017 1262 3088 damnatione

87 3126 159 3193 ista
172 3125 315 3194 divinae
331 3125 471 3215 gratiae
486 3125 654 3216 largitate
672 3125 818 3194 discreti
836 3135 920 3195 aunt
936 3126 1157 3216 (discretione
1174 3147 1261 3196 com·

88 3231 182 3322 plete
196 3237 382 3322 spectata);
399 3254 466 3300 uon
483 3235 537 3300 est
552 3231 706 3315 dubium,
722 3232 812 3324 quod
827 3242 1036 3322 procuratur
1052 3232 1103 3302 eis
1118 3232 1260 3302 audieu-

88 3337 172 3408 dum
195 3337 428 3429 evangelium,
454 3345 490 3406 et
513 3361 590 3407 cum
613 3339 765 3407 audiunt
786 3339 945 3423 credunt,
971 3339 1066 3409 etin
1089 3338 1157 3409 fide
1173 3359 1261 3432 quac

89 3469 148 3535 per
180 3446 400 3516 dilectionem
432 3453 615 3536 operatur,
642 3469 750 3537 usque
780 3445 943 3514 induem
974 3456 1257 3535 perseverant...

89 3555 245 3643 profecto
268 3560 305 3623 et
326 3553 428 3623 electi
451 3560 536 3622 aunt
555 3576 618 3642 per
641 3553 846 3633 electionem,
872 3561 914 3623 ut
936 3553 1068 3622 dictum
1093 3561 1159 3638 eat,
1179 3579 1260 3644 pra·

91 3663 173 3741 tior,
198 3683 265 3726 nort
281 3658 552 3749 praecedentium
568 3663 764 3726 meritorum
779 3684 927 3741 auorum,
946 3664 1032 3751 quic
1046 3663 1167 3750 pratia
1183 3661 1261 3729 illia

92 3782 137 3832 err
160 3791 255 3834 omne
276 3770 465 3834 meritumu
491 3767 532 3835 da
556 3767 712 3856 Corrept.
731 3777 766 3834 et
781 3775 875 3856 grat.
895 3791 929 3836 n.
950 3767 1004 3834 13.

153 3873 321 3942 Attamen
344 3872 519 3957 meritum,
539 3873 628 3964 quod
645 3880 699 3942 est
714 3874 832 3963 gratia
847 3882 883 3942 et
898 3895 957 3963 per
974 3871 1123 3962 gratiam
1141 3871 1258 3963 acqui·

93 3980 207 4064 situm,
233 4004 303 4049 non
325 4003 408 4050 sane
432 3988 585 4070 negatur
608 4003 682 4050 esse
713 4004 832 4049 verum
866 3980 1039 4048 meritum.
1068 3977 1258 4068 Supposita

94 4083 210 4179 itaque
234 4087 303 4154 iam
327 4087 440 4178 prima
463 4087 582 4178 gratia
606 4085 870 4176 supernaturali
894 4093 1008 4176 potest
1031 4084 1129 4153 homo
1153 4085 1257 4176 impe·

93 4198 183 4267 trare
208 4195 330 4266 merito
353 4218 505 4284 congruo
521 4194 657 4284 gratias
681 4195 867 4264 ulteriores
890 4201 925 4263 et
948 4193 1144 4277 uberiores,
1170 4214 1258 4285 quae

94 4300 157 4370 uisi
176 4301 419 4392 impetratione
435 4301 658 4372 antecedente
675 4324 742 4370 uon
759 4300 1041 4388 concederentur;
1059 4322 1164 4392 eoque
1183 4299 1258 4389 ipso

97 4409 366 4494 praedestinatae
385 4433 453 4480 nou
477 4419 560 4480 sunt
583 4410 653 4479 uisi
676 4410 740 4478 sub
762 4410 981 4504 praevisione
1012 4408 1129 4478 meriti
1153 4409 1257 4498 impe·
