3292 5062
900 395 938 410 -
963 365 1021 424 132
1040 397 1079 410 -

406 468 506 554 mini,
524 475 561 538 et
575 467 755 558 replentur
778 470 936 538 ubertate
960 469 1125 538 bonorum
1147 475 1184 538 et
1206 473 1415 538 saturantur
1437 469 1478 536 in
1504 491 1576 558 per-

406 585 530 666 petuas
552 575 792 644 aeternitates.
809 576 913 646 Nunc
936 585 1053 646 antem
1076 577 1272 668 quaeritur,
1298 598 1365 668 quo
1389 575 1492 645 modo
1523 597 1578 666 ap

406 681 624 771 prehendant
645 689 681 752 et
704 683 903 774 possideant
935 685 1046 754 Deum
1070 692 1111 754 ut
1133 684 1306 754 obiectum
1336 705 1420 753 suae
1458 683 1579 774 plenae

406 788 665 857 beatitudinis?
687 788 817 858 Eadem
840 790 1011 860 revelatio
1034 791 1072 859 iu
1096 811 1165 882 qua
1198 791 1298 859 nobis
1330 789 1581 860 manifestatur

404 902 442 964 et
457 895 676 985 promittitur
691 895 756 966 ilia
773 897 851 966 vita
866 906 1020 983 aeterna,
1035 897 1142 967 etiam
1158 921 1221 966 nos
1237 897 1337 968 docet
1352 898 1494 966 modum
1507 921 1579 987 pos·

405 1005 570 1072 sessionis
584 1011 622 1073 et
637 1005 820 1074 fruitionis
835 1028 909 1076 esse
935 1027 997 1096 per
1020 1005 1228 1076 intuitivam
1252 1005 1422 1075 visionem
1444 1006 1527 1092 Dei,
1543 1011 1582 1073 nt
1628 1059 1629 1066 κ

405 1111 443 1180 in
467 1135 505 1182 se
527 1119 592 1182 est.

471 1219 649 1290 Distinote
671 1221 805 1290 Paulus
828 1221 861 1290 1.
879 1221 958 1290 Cor.
976 1219 1079 1290 xm.
1099 1221 1199 1290 8-12.
1218 1221 1377 1291 declarat
1397 1221 1494 1290 hano
1531 1221 1579 1288 in·

404 1327 590 1397 tuitionem
606 1327 835 1418 comparando
856 1349 931 1398 eam
955 1351 1022 1396 non
1047 1328 1159 1397 solum
1183 1351 1261 1398 cum
1288 1329 1492 1420 cognitione
1523 1351 1579 1396 na-

403 1433 534 1519 turali,
551 1433 611 1503 sed
633 1434 740 1503 etiam
763 1457 841 1503 cum
865 1435 1013 1504 scientia
1040 1433 1134 1520 fidei,
1153 1435 1348 1505 cuiusmodi
1367 1437 1403 1504 in
1419 1436 1490 1506 hao
1506 1436 1579 1504 vita

403 1563 477 1610 esse
511 1547 679 1632 potesta
710 1541 867 1612 Scientia
903 1541 1025 1629 (huius
1056 1543 1251 1634 praesentis
1285 1543 1579 1634 imperfectionis)

404 1649 608 1720 destruetur
629 1641 791 1738 s(yooec
818 1645 1128 1740 καταργηθησεται).
1150 1651 1364 1720 Destruetur
1378 1657 1500 1720 autem
1515 1673 1579 1718 non

402 1757 601 1848 privatione
623 1757 860 1848 perfectionis,
879 1757 939 1826 aad
963 1758 1151 1827 secundum
1175 1758 1266 1851 quod
1289 1759 1499 1848 imperfecte
1514 1765 1577 1842 est,

403 1887 466 1954 per
487 1864 716 1932 elevationem
740 1863 786 1933 ad
808 1865 999 1954 perfectam
1022 1865 1256 1955 cognitionem
1272 1866 1310 1934 in
1324 1865 1396 1934 alio
1406 1866 1578 1956 superiori

402 1972 536 2041 ordines
556 2001 573 2036 u
591 1995 635 2041 ex
658 1977 759 2062 parte
781 1971 872 2040 enim
896 1973 1138 2062 cognoscimus
1159 1979 1197 2042 et
1218 1994 1261 2041 ex
1277 1979 1378 2064 parte
1394 1973 1578 2064 propheta·

402 2100 492 2165 mus;
510 2101 587 2148 cum
610 2085 727 2147 autam
750 2077 888 2148 venerit
911 2077 1003 2168 quod
1027 2079 1220 2168 perfectum
1243 2085 1321 2164 est,
1345 2080 1578 2148 evacuabitur

402 2189 494 2278 quod
517 2211 560 2256 ex
583 2195 682 2277 parte
698 2194 753 2256 eat
766 2187 831 2274 (1).
851 2213 868 2250 n
885 2189 981 2257 Haec
997 2187 1157 2274 scientia,
1177 2209 1264 2279 quae
1280 2195 1482 2278 comparate
1498 2209 1578 2278 prae

401 2297 527 2366 futura
556 2295 690 2363 dicitur
719 2295 923 2385 imperfecta
948 2289 994 2386 (a
1010 2291 1153 2388 μερους),
1175 2303 1231 2365 eat
1257 2283 1369 2364 omnia'
1402 2295 1574 2378 scientia,

400 2405 506 2472 etiem
530 2403 812 2493 supernaturalis
833 2409 871 2472 et
893 2403 1150 2495 perfectissima
1172 2403 1279 2472 huius
1301 2403 1417 2490 vitae;
1446 2401 1577 2472 dicitur

401 2512 493 2580 enim
515 2510 559 2578 ab
582 2508 752 2600 Apostolo
766 2509 818 2578 ita
835 2509 1045 2601 imperfecta
1061 2509 1210 2581 scientia
1225 2518 1320 2580 etex
1334 2517 1456 2602 parte,
1474 2511 1576 2580 etiam

402 2646 419 2681 a
437 2619 469 2685 ai
492 2617 646 2685 habuero
669 2615 908 2706 prophetiam,
936 2623 972 2686 et
1002 2617 1159 2686 noverim
1190 2618 1362 2708 mysteria
1392 2619 1513 2686 omnia
1544 2625 1577 2686 et

400 2746 532 2793 omnem
559 2723 760 2808 scientiam,
778 2729 815 2792 et
839 2723 870 2792 si
894 2723 1047 2794 habuero
1077 2747 1210 2794 omnem
1239 2725 1341 2794 fidem
1366 2749 1438 2794 ev.
1457 2725 1574 2794 a.1m-

398 2831 567 2923 perfectio
589 2839 706 2900 autem
729 2829 836 2900 huius
859 2838 895 2901 et
918 2833 1091 2922 perfectio
1114 2833 1258 2902 futurae
1287 2831 1504 2922 cognitionis
1526 2837 1576 2901 est

397 2939 592 3008 intrinseca
614 2961 657 3008 ax
680 2938 756 3029 ipso
779 2938 877 3007 modo
900 2938 1141 3030 cognoscendi.
1158 2939 1247 3010 Nam
1266 2967 1283 3004 a
1300 2939 1461 3010 videmus
1485 2961 1575 3008 nuno

401 3069 463 3138 per
485 3045 663 3138 speculum
686 3045 725 3114 in
747 3045 963 3137 aenigmate:
980 3051 1066 3116 tnnc
1089 3051 1206 3116 autem
1236 3046 1328 3118 fecie
1358 3046 1403 3116 ad
1436 3047 1571 3117 faciem.

400 3153 503 3223 Nune
527 3175 697 3242 cognosco
720 3173 762 3222 ex
786 3159 1000 3244 parte:th
1023 3160 1140 3224 autem
1167 3175 1383 3244 cognoscam,
1417 3153 1514 3225 mont
1541 3157 1575 3222 et

399 3261 563 3350 cognitus
587 3283 661 3329 sum
679 3259 731 3346 (2)
749 3287 780 3328 s.

465 3367 552 3436 iria
568 3367 737 3437 dicuntur
752 3367 794 3436 de
810 3366 1009 3458 cognitione
1024 3367 1221 3460 praesentis
1232 3369 1411 3459 temporis.
1430 3373 1469 3456 u)
1486 3370 1572 3438 'l'ota

398 3475 483 3544 haec
507 3474 708 3544 divinorum
731 3475 886 3564 cognitio
909 3475 994 3544 licet
1016 3472 1317 3565 supernaturalis,
1343 3479 1397 3543 est
1415 3499 1483 3566 per
1504 3499 1571 3567 cpe

399 3581 522 3664 calam,
546 3581 583 3650 h.
601 3605 631 3652 e.
651 3583 805 3674 cognitio
820 3605 937 3652 rerum
960 3606 1029 3652 non
1057 3583 1259 3653 immediata
1281 3585 1318 3653 in
1335 3605 1372 3652 se
1394 3583 1497 3674 ipsis,
1516 3581 1571 3652 aed

398 3690 552 3760 mediata
563 3713 626 3781 per
640 3690 738 3761 aliud
755 3691 919 3761 medium.
938 3691 1030 3760 Hinc
1048 3690 1132 3783 quia
1149 3705 1223 3758 toto
1238 3699 1359 3762 nostra
1375 3689 1571 3761 divinornm

398 3797 553 3888 cognitio
575 3805 630 3868 est
652 3821 715 3889 per
737 3798 929 3888 speculum,
948 3797 1013 3866 hoo
1037 3797 1216 3890 speculum
1239 3821 1309 3867 non
1331 3804 1480 3889 possunt
1500 3819 1571 3867 esse

396 3903 468 3971 nisi
490 3911 672 3974 creaturae
695 3904 943 3996 praecognitae
960 3906 1023 3990 (ci.
1042 3927 1150 3996 supra
1165 3903 1219 3974 th.
1233 3903 1284 3974 11.
1294 3905 1424 3992 xla).
1443 3906 1478 3992 t)
1493 3904 1570 3974 Pro·

396 4019 516 4102 pterea
538 4012 624 4082 haee
645 4021 767 4082 nostra
790 4011 945 4102 cognitio
977 4012 1179 4084 divinorum
1210 4019 1265 4083 est
1295 4015 1333 4079 ia
1358 4015 1570 4104 acciperem

459 4169 502 4248 (l)
517 4175 600 4230 ‘Orus
619 4181 646 4231 tr
666 4173 734 4250 iste
755 4197 784 4230 ru
806 4181 913 4240 seherus,
930 4197 990 4230 rore
1005 4195 1034 4230 ro
1051 4173 1080 4230 e'a
1100 4195 1197 4250 μιρους
1209 4175 1459 4252 ιατιργπθησιτω.

459 4260 502 4338 (2)
524 4268 659 4337 Βλιτομιν
672 4285 724 4336 γαρ
741 4263 800 4337 ipra
818 4259 847 4318 δι’
868 4263 998 4336 ι’σοπτρου
1019 4263 1045 4318 is
1065 4262 1213 4338 stappae,
1226 4285 1286 4319 rore
1307 4269 1334 4320 δι
1354 4283 1494 4338 προσηκον
1510 4283 1567 4338 προς

397 4373 447 4408 πο
468 4373 544 4408 orer.
559 4349 578 4408 ι’
595 4373 618 4406 τι
653 4374 748 4409 stans
770 4353 798 4409 ia
816 4375 926 4428 μιρους,
945 4373 1005 4408 ross
1023 4357 1050 4409 tr
1072 4353 1265 4428 ι’πιγνυσομιι,
1286 4353 1375 4418 ansas
1398 4377 1442 4412 aas
1463 4352 1566 4428 inps*
