<?xml version="1.0" encoding="UTF-8"?>
<!DOCTYPE html PUBLIC "-//W3C//DTD XHTML 1.0 Transitional//EN"
    "http://www.w3.org/TR/xhtml1/DTD/xhtml1-transitional.dtd">
<html xmlns="http://www.w3.org/1999/xhtml" xml:lang="en" lang="en">
 <head>
  <title>
</title>
<meta http-equiv="Content-Type" content="text/html;charset=utf-8" />
  <meta name='ocr-system' content='tesseract 3.04.00' />
  <meta name='ocr-capabilities' content='ocr_page ocr_carea ocr_par ocr_line ocrx_word'/>
</head>
<body>
  <div class='ocr_page' id='page_1' title='image "./ioannisbaptfran01frangoog_0658.png"; bbox 0 0 3360 5060; ppageno 0'>
   <div class='ocr_carea' id='block_1_1' title="bbox 49 344 1297 4624">
    <p class='ocr_par' dir='ltr' id='par_1_1' title="bbox 588 344 766 404">
     <span class='ocr_line' id='line_1_1' title="bbox 588 344 766 404; baseline -0.011 0"><span class='ocrx_word' id='word_1_1' title='bbox 588 373 625 388; x_wconf 92' lang='grc'>-</span> <span class='ocrx_word' id='word_1_2' title='bbox 648 344 705 404; x_wconf 81' lang='grc'><strong>641</strong></span> <span class='ocrx_word' id='word_1_3' title='bbox 730 375 766 388; x_wconf 91' lang='grc'>-</span> 
     </span>
    </p>

    <p class='ocr_par' dir='ltr' id='par_1_2' title="bbox 49 447 1297 3964">
     <span class='ocr_line' id='line_1_2' title="bbox 49 447 1256 540; baseline 0 -22"><span class='ocrx_word' id='word_1_4' title='bbox 49 457 136 522; x_wconf 86' lang='lat' dir='ltr'><strong>tum</strong></span> <span class='ocrx_word' id='word_1_5' title='bbox 166 456 219 518; x_wconf 90' lang='lat' dir='ltr'><strong>ut</strong></span> <span class='ocrx_word' id='word_1_6' title='bbox 248 471 445 531; x_wconf 87' lang='lat' dir='ltr'><strong>nnmerum,</strong></span> <span class='ocrx_word' id='word_1_7' title='bbox 471 469 546 516; x_wconf 85' lang='lat' dir='ltr'><strong>esse</strong></span> <span class='ocrx_word' id='word_1_8' title='bbox 562 447 700 540; x_wconf 89' lang='lat' dir='ltr'><strong>quidem</strong></span> <span class='ocrx_word' id='word_1_9' title='bbox 715 447 960 517; x_wconf 86' lang='lat' dir='ltr'><strong>antecedenter</strong></span> <span class='ocrx_word' id='word_1_10' title='bbox 976 447 1256 536; x_wconf 68' lang='lat' dir='ltr'><strong>determinatum</strong></span> 
     </span>
     <span class='ocr_line' id='line_1_3' title="bbox 50 554 1297 650; baseline 0 -23"><span class='ocrx_word' id='word_1_11' title='bbox 50 559 119 627; x_wconf 89' lang='lat' dir='ltr'><strong>sed</strong></span> <span class='ocrx_word' id='word_1_12' title='bbox 147 557 226 650; x_wconf 87' lang='lat' dir='ltr'><strong>qui</strong></span> <span class='ocrx_word' id='word_1_13' title='bbox 255 556 411 626; x_wconf 89' lang='lat' dir='ltr'><strong>homines</strong></span> <span class='ocrx_word' id='word_1_14' title='bbox 435 557 534 624; x_wconf 89' lang='lat' dir='ltr'><strong>beato</strong></span> <span class='ocrx_word' id='word_1_15' title='bbox 552 554 634 625; x_wconf 90' lang='lat' dir='ltr'><strong>huic</strong></span> <span class='ocrx_word' id='word_1_16' title='bbox 661 578 804 626; x_wconf 87' lang='lat' dir='ltr'><strong>numero</strong></span> <span class='ocrx_word' id='word_1_17' title='bbox 827 556 1039 643; x_wconf 85' lang='lat' dir='ltr'><strong>inserantur,</strong></span> <span class='ocrx_word' id='word_1_18' title='bbox 1057 578 1118 625; x_wconf 84' lang='lat' dir='ltr'><strong>seu</strong></span> <span class='ocrx_word' id='word_1_19' title='bbox 1134 562 1177 625; x_wconf 90' lang='lat' dir='ltr'><strong>ut</strong></span> <span class='ocrx_word' id='word_1_20' title='bbox 1190 556 1261 628; x_wconf 90' lang='lat' dir='ltr'><strong>dici</strong></span> <span class='ocrx_word' id='word_1_21' title='bbox 1288 635 1297 648; x_wconf 37' lang='lat' dir='ltr'><strong><em>s</em></strong></span> 
     </span>
     <span class='ocr_line' id='line_1_4' title="bbox 49 662 1261 753; baseline -0.002 -19"><span class='ocrx_word' id='word_1_22' title='bbox 49 665 168 750; x_wconf 87' lang='lat' dir='ltr'><strong>solet,</strong></span> <span class='ocrx_word' id='word_1_23' title='bbox 189 687 385 734; x_wconf 88' lang='lat' dir='ltr'><strong>numerum</strong></span> <span class='ocrx_word' id='word_1_24' title='bbox 413 663 644 734; x_wconf 73' lang='lat' dir='ltr'><strong>materialiter</strong></span> <span class='ocrx_word' id='word_1_25' title='bbox 659 669 853 753; x_wconf 84' lang='lat' dir='ltr'><strong>spectatum</strong></span> <span class='ocrx_word' id='word_1_26' title='bbox 869 662 1015 753; x_wconf 89' lang='lat' dir='ltr'><strong>pendere</strong></span> <span class='ocrx_word' id='word_1_27' title='bbox 1031 683 1072 730; x_wconf 86' lang='lat' dir='ltr'><strong>ex</strong></span> <span class='ocrx_word' id='word_1_28' title='bbox 1088 663 1261 752; x_wconf 77' lang='lat' dir='ltr'>praevisis</span> 
     </span>
     <span class='ocr_line' id='line_1_5' title="bbox 52 770 1260 863; baseline 0.002 -25"><span class='ocrx_word' id='word_1_29' title='bbox 52 772 216 842; x_wconf 84' lang='lat' dir='ltr'><strong>meritis</strong></span> <span class='ocrx_word' id='word_1_30' title='bbox 262 772 494 863; x_wconf 80' lang='lat' dir='ltr'><strong>singulorum.</strong></span> <span class='ocrx_word' id='word_1_31' title='bbox 520 773 611 843; x_wconf 90' lang='lat' dir='ltr'><strong>Hinc</strong></span> <span class='ocrx_word' id='word_1_32' title='bbox 646 773 752 842; x_wconf 89' lang='lat' dir='ltr'><strong>etiam</strong></span> <span class='ocrx_word' id='word_1_33' title='bbox 786 771 902 855; x_wconf 84' lang='lat' dir='ltr'><strong>docet,</strong></span> <span class='ocrx_word' id='word_1_34' title='bbox 936 770 1260 840; x_wconf 82' lang='lat' dir='ltr'><strong>consummationem</strong></span> 
     </span>
     <span class='ocr_line' id='line_1_6' title="bbox 50 877 1260 970; baseline -0.003 -21"><span class='ocrx_word' id='word_1_35' title='bbox 50 881 281 970; x_wconf 73' lang='lat' dir='ltr'><strong>praesentis</strong></span> <span class='ocrx_word' id='word_1_36' title='bbox 305 879 518 949; x_wconf 87' lang='lat' dir='ltr'><strong>oeconomiae</strong></span> <span class='ocrx_word' id='word_1_37' title='bbox 534 880 690 949; x_wconf 84' lang='lat' dir='ltr'><strong>futuram</strong></span> <span class='ocrx_word' id='word_1_38' title='bbox 707 900 838 948; x_wconf 82' lang='lat' dir='ltr'><strong>esocen</strong></span> <span class='ocrx_word' id='word_1_39' title='bbox 855 877 1000 947; x_wconf 92' lang='lat' dir='ltr'><strong>consilio</strong></span> <span class='ocrx_word' id='word_1_40' title='bbox 1016 878 1138 947; x_wconf 88' lang='lat' dir='ltr'><strong>divino</strong></span> <span class='ocrx_word' id='word_1_41' title='bbox 1154 879 1260 949; x_wconf 87' lang='lat' dir='ltr'><strong>citius</strong></span> 
     </span>
     <span class='ocr_line' id='line_1_7' title="bbox 52 983 1261 1076; baseline -0.002 -21"><span class='ocrx_word' id='word_1_42' title='bbox 52 987 115 1056; x_wconf 88' lang='lat' dir='ltr'><strong>vel</strong></span> <span class='ocrx_word' id='word_1_43' title='bbox 134 987 310 1072; x_wconf 85' lang='lat' dir='ltr'><strong>tardius,</strong></span> <span class='ocrx_word' id='word_1_44' title='bbox 328 991 434 1076; x_wconf 90' lang='lat' dir='ltr'><strong>prout</strong></span> <span class='ocrx_word' id='word_1_45' title='bbox 456 986 568 1075; x_wconf 85' lang='lat' dir='ltr'><strong>magis</strong></span> <span class='ocrx_word' id='word_1_46' title='bbox 596 985 754 1055; x_wconf 86' lang='lat' dir='ltr'><strong>minusve</strong></span> <span class='ocrx_word' id='word_1_47' title='bbox 771 983 925 1054; x_wconf 87' lang='lat' dir='ltr'><strong>sollicita</strong></span> <span class='ocrx_word' id='word_1_48' title='bbox 940 984 1053 1054; x_wconf 87' lang='lat' dir='ltr'><strong>fuerit</strong></span> <span class='ocrx_word' id='word_1_49' title='bbox 1067 985 1261 1075; x_wconf 83' lang='lat' dir='ltr'><strong>cooperatio</strong></span> 
     </span>
     <span class='ocr_line' id='line_1_8' title="bbox 52 1090 1259 1182; baseline -0.002 -21"><span class='ocrx_word' id='word_1_50' title='bbox 52 1094 264 1162; x_wconf 89' lang='lat' dir='ltr'><strong>bominum</strong></span> <span class='ocrx_word' id='word_1_51' title='bbox 279 1092 324 1162; x_wconf 90' lang='lat' dir='ltr'><strong>ad</strong></span> <span class='ocrx_word' id='word_1_52' title='bbox 339 1091 577 1182; x_wconf 90' lang='lat' dir='ltr'><strong>complendum</strong></span> <span class='ocrx_word' id='word_1_53' title='bbox 599 1091 897 1181; x_wconf 87' lang='lat' dir='ltr'><strong>praedestinatum</strong></span> <span class='ocrx_word' id='word_1_54' title='bbox 912 1112 1094 1160; x_wconf 89' lang='lat' dir='ltr'><strong>numerum</strong></span> <span class='ocrx_word' id='word_1_55' title='bbox 1117 1090 1259 1160; x_wconf 87' lang='lat' dir='ltr'><strong>Sancto·</strong></span> 
     </span>
     <span class='ocr_line' id='line_1_9' title="bbox 51 1197 1258 1289; baseline -0.002 -21"><span class='ocrx_word' id='word_1_56' title='bbox 51 1225 157 1270; x_wconf 91' lang='lat' dir='ltr'><strong>rum.</strong></span> <span class='ocrx_word' id='word_1_57' title='bbox 177 1201 248 1270; x_wconf 87' lang='lat' dir='ltr'><strong>En</strong></span> <span class='ocrx_word' id='word_1_58' title='bbox 273 1202 380 1269; x_wconf 89' lang='lat' dir='ltr'><strong>verba</strong></span> <span class='ocrx_word' id='word_1_59' title='bbox 401 1199 634 1269; x_wconf 87' lang='lat' dir='ltr'><strong>disertissima</strong></span> <span class='ocrx_word' id='word_1_60' title='bbox 656 1197 853 1289; x_wconf 77' lang='lat' dir='ltr'><strong>Augustini</strong></span> <span class='ocrx_word' id='word_1_61' title='bbox 870 1198 907 1266; x_wconf 92' lang='lat' dir='ltr'><strong>in</strong></span> <span class='ocrx_word' id='word_1_62' title='bbox 924 1198 1000 1289; x_wconf 91' lang='lat' dir='ltr'><strong>ipso</strong></span> <span class='ocrx_word' id='word_1_63' title='bbox 1015 1197 1106 1266; x_wconf 92' lang='lat' dir='ltr'><strong>libro</strong></span> <span class='ocrx_word' id='word_1_64' title='bbox 1121 1198 1163 1267; x_wconf 91' lang='lat' dir='ltr'><strong>de</strong></span> <span class='ocrx_word' id='word_1_65' title='bbox 1179 1197 1258 1266; x_wconf 88' lang='lat' dir='ltr'><strong>Cor-</strong></span> 
     </span>
     <span class='ocr_line' id='line_1_10' title="bbox 53 1303 1261 1399; baseline -0.002 -23"><span class='ocrx_word' id='word_1_66' title='bbox 53 1315 157 1398; x_wconf 86' lang='lat' dir='ltr'><strong>rapt.</strong></span> <span class='ocrx_word' id='word_1_67' title='bbox 181 1316 227 1376; x_wconf 89' lang='lat' dir='ltr'><strong>et</strong></span> <span class='ocrx_word' id='word_1_68' title='bbox 253 1311 362 1398; x_wconf 82' lang='lat' dir='ltr'><strong>grat,</strong></span> <span class='ocrx_word' id='word_1_69' title='bbox 388 1307 426 1375; x_wconf 93' lang='lat' dir='ltr'><strong>in</strong></span> <span class='ocrx_word' id='word_1_70' title='bbox 449 1329 516 1399; x_wconf 88' lang='lat' dir='ltr'><strong>quo</strong></span> <span class='ocrx_word' id='word_1_71' title='bbox 538 1305 734 1374; x_wconf 85' lang='lat' dir='ltr'><strong>adversarii</strong></span> <span class='ocrx_word' id='word_1_72' title='bbox 759 1303 976 1395; x_wconf 88' lang='lat' dir='ltr'><strong>potissimum</strong></span> <span class='ocrx_word' id='word_1_73' title='bbox 1000 1304 1169 1395; x_wconf 87' lang='lat' dir='ltr'><strong>reperisse</strong></span> <span class='ocrx_word' id='word_1_74' title='bbox 1192 1305 1261 1374; x_wconf 87' lang='lat' dir='ltr'><strong>sibi</strong></span> 
     </span>
     <span class='ocr_line' id='line_1_11' title="bbox 54 1411 1258 1506; baseline 0 -24"><span class='ocrx_word' id='word_1_75' title='bbox 54 1415 134 1483; x_wconf 83' lang='lat' dir='ltr'><strong>visi</strong></span> <span class='ocrx_word' id='word_1_76' title='bbox 161 1422 264 1484; x_wconf 84' lang='lat' dir='ltr'><strong>sunt</strong></span> <span class='ocrx_word' id='word_1_77' title='bbox 286 1413 637 1506; x_wconf 76' lang='lat' dir='ltr'><strong>praedestinationem</strong></span> <span class='ocrx_word' id='word_1_78' title='bbox 661 1413 706 1482; x_wconf 91' lang='lat' dir='ltr'><strong>ad</strong></span> <span class='ocrx_word' id='word_1_79' title='bbox 728 1411 877 1503; x_wconf 83' lang='lat' dir='ltr'><strong>gloriam</strong></span> <span class='ocrx_word' id='word_1_80' title='bbox 900 1422 983 1482; x_wconf 89' lang='lat' dir='ltr'><strong>ante</strong></span> <span class='ocrx_word' id='word_1_81' title='bbox 1005 1414 1168 1502; x_wconf 89' lang='lat' dir='ltr'><strong>praevisa</strong></span> <span class='ocrx_word' id='word_1_82' title='bbox 1191 1435 1258 1482; x_wconf 92' lang='lat' dir='ltr'><strong>me·</strong></span> 
     </span>
     <span class='ocr_line' id='line_1_12' title="bbox 55 1517 1258 1610; baseline -0.001 -22"><span class='ocrx_word' id='word_1_83' title='bbox 55 1521 150 1589; x_wconf 87' lang='lat' dir='ltr'><strong>rita.</strong></span> <span class='ocrx_word' id='word_1_84' title='bbox 176 1550 197 1586; x_wconf 73' lang='lat' dir='ltr'><strong>a</strong></span> <span class='ocrx_word' id='word_1_85' title='bbox 216 1520 360 1590; x_wconf 88' lang='lat' dir='ltr'><strong>Certum</strong></span> <span class='ocrx_word' id='word_1_86' title='bbox 383 1542 457 1590; x_wconf 88' lang='lat' dir='ltr'><strong>esse</strong></span> <span class='ocrx_word' id='word_1_87' title='bbox 480 1539 659 1588; x_wconf 88' lang='lat' dir='ltr'><strong>numerum</strong></span> <span class='ocrx_word' id='word_1_88' title='bbox 686 1517 886 1604; x_wconf 87' lang='lat' dir='ltr'><strong>electorum,</strong></span> <span class='ocrx_word' id='word_1_89' title='bbox 911 1518 1040 1610; x_wconf 84' lang='lat' dir='ltr'><strong>inquit,</strong></span> <span class='ocrx_word' id='word_1_90' title='bbox 1065 1539 1176 1610; x_wconf 89' lang='lat' dir='ltr'><strong>neque</strong></span> <span class='ocrx_word' id='word_1_91' title='bbox 1199 1541 1258 1588; x_wconf 89' lang='lat' dir='ltr'><strong>au·</strong></span> 
     </span>
     <span class='ocr_line' id='line_1_13' title="bbox 57 1628 1258 1721; baseline 0.001 -24"><span class='ocrx_word' id='word_1_92' title='bbox 57 1630 235 1718; x_wconf 82' lang='lat' dir='ltr'><strong>gendum</strong></span> <span class='ocrx_word' id='word_1_93' title='bbox 265 1651 376 1720; x_wconf 89' lang='lat' dir='ltr'><strong>neque</strong></span> <span class='ocrx_word' id='word_1_94' title='bbox 406 1629 629 1700; x_wconf 89' lang='lat' dir='ltr'><strong>minuendum</strong></span> <span class='ocrx_word' id='word_1_95' title='bbox 660 1629 822 1721; x_wconf 87' lang='lat' dir='ltr'><strong>quamvis</strong></span> <span class='ocrx_word' id='word_1_96' title='bbox 852 1636 888 1698; x_wconf 90' lang='lat' dir='ltr'><strong>et</strong></span> <span class='ocrx_word' id='word_1_97' title='bbox 917 1628 1065 1698; x_wconf 91' lang='lat' dir='ltr'><strong>Ioannes</strong></span> <span class='ocrx_word' id='word_1_98' title='bbox 1095 1628 1258 1720; x_wconf 86' lang='lat' dir='ltr'><strong>Baptista</strong></span> 
     </span>
     <span class='ocr_line' id='line_1_14' title="bbox 56 1737 1257 1828; baseline 0.002 -24"><span class='ocrx_word' id='word_1_99' title='bbox 56 1737 274 1826; x_wconf 83' lang='lat' dir='ltr'><strong>significet,</strong></span> <span class='ocrx_word' id='word_1_100' title='bbox 302 1737 361 1807; x_wconf 90' lang='lat' dir='ltr'><strong>ubi</strong></span> <span class='ocrx_word' id='word_1_101' title='bbox 384 1737 485 1808; x_wconf 89' lang='lat' dir='ltr'><strong>dicit:</strong></span> <span class='ocrx_word' id='word_1_102' title='bbox 511 1738 619 1808; x_wconf 85' lang='lat' dir='ltr'><strong>facite</strong></span> <span class='ocrx_word' id='word_1_103' title='bbox 633 1759 717 1828; x_wconf 79' lang='lat' dir='ltr'><strong>ergo</strong></span> <span class='ocrx_word' id='word_1_104' title='bbox 733 1739 888 1808; x_wconf 85' lang='lat' dir='ltr'><strong>fructum</strong></span> <span class='ocrx_word' id='word_1_105' title='bbox 915 1737 1058 1828; x_wconf 86' lang='lat' dir='ltr'><strong>dignum</strong></span> <span class='ocrx_word' id='word_1_106' title='bbox 1082 1739 1257 1828; x_wconf 89' lang='lat' dir='ltr'><strong>poeniteo-</strong></span> 
     </span>
     <span class='ocr_line' id='line_1_15' title="bbox 58 1843 1258 1940; baseline 0.003 -28"><span class='ocrx_word' id='word_1_107' title='bbox 58 1843 188 1940; x_wconf 40' lang='lat' dir='ltr'><strong>tiaer..</strong></span> <span class='ocrx_word' id='word_1_108' title='bbox 220 1850 344 1936; x_wconf 88' lang='lat' dir='ltr'><strong>potens</strong></span> <span class='ocrx_word' id='word_1_109' title='bbox 372 1853 426 1914; x_wconf 88' lang='lat' dir='ltr'><strong>est</strong></span> <span class='ocrx_word' id='word_1_110' title='bbox 455 1843 546 1914; x_wconf 90' lang='lat' dir='ltr'><strong>enim</strong></span> <span class='ocrx_word' id='word_1_111' title='bbox 577 1845 672 1932; x_wconf 82' lang='lat' dir='ltr'><strong>Deus</strong></span> <span class='ocrx_word' id='word_1_112' title='bbox 702 1846 744 1916; x_wconf 92' lang='lat' dir='ltr'><strong>de</strong></span> <span class='ocrx_word' id='word_1_113' title='bbox 767 1846 945 1937; x_wconf 88' lang='lat' dir='ltr'><strong>lapidibus</strong></span> <span class='ocrx_word' id='word_1_114' title='bbox 975 1846 1055 1915; x_wconf 85' lang='lat' dir='ltr'><strong>istis</strong></span> <span class='ocrx_word' id='word_1_115' title='bbox 1086 1846 1258 1916; x_wconf 86' lang='lat' dir='ltr'><strong>suscitare</strong></span> 
     </span>
     <span class='ocr_line' id='line_1_16' title="bbox 58 1950 1257 2040; baseline 0 -21"><span class='ocrx_word' id='word_1_116' title='bbox 58 1951 163 2020; x_wconf 87' lang='lat' dir='ltr'><strong>tilios</strong></span> <span class='ocrx_word' id='word_1_117' title='bbox 190 1951 361 2020; x_wconf 82' lang='lat' dir='ltr'><strong>Abrahae</strong></span> <span class='ocrx_word' id='word_1_118' title='bbox 377 1950 521 2038; x_wconf 85' lang='lat' dir='ltr'><strong>(Matth.</strong></span> <span class='ocrx_word' id='word_1_119' title='bbox 540 1951 608 2020; x_wconf 82' lang='lat'>111.</span> <span class='ocrx_word' id='word_1_120' title='bbox 627 1954 690 2040; x_wconf 84' lang='lat'><strong>8.)‚</strong></span> <span class='ocrx_word' id='word_1_121' title='bbox 708 1961 749 2022; x_wconf 92' lang='lat' dir='ltr'><strong>ut</strong></span> <span class='ocrx_word' id='word_1_122' title='bbox 765 1954 925 2023; x_wconf 86' lang='lat' dir='ltr'><strong>ostendat</strong></span> <span class='ocrx_word' id='word_1_123' title='bbox 940 1957 989 2020; x_wconf 78' lang='lat' dir='ltr'><strong>ric</strong></span> <span class='ocrx_word' id='word_1_124' title='bbox 1007 1957 1089 2022; x_wconf 79' lang='lat' dir='ltr'><strong>ictor</strong></span> <span class='ocrx_word' id='word_1_125' title='bbox 1107 1977 1173 2021; x_wconf 80' lang='lat' dir='ltr'><strong>eree</strong></span> <span class='ocrx_word' id='word_1_126' title='bbox 1189 1978 1257 2020; x_wconf 83' lang='lat' dir='ltr'><strong>cm-</strong></span> 
     </span>
     <span class='ocr_line' id='line_1_17' title="bbox 58 2059 1256 2149; baseline 0.004 -25"><span class='ocrx_word' id='word_1_127' title='bbox 58 2059 271 2148; x_wconf 79' lang='lat' dir='ltr'><strong>patandoa‚</strong></span> <span class='ocrx_word' id='word_1_128' title='bbox 296 2063 331 2128; x_wconf 78' lang='lat' dir='ltr'><strong>ei</strong></span> <span class='ocrx_word' id='word_1_129' title='bbox 360 2085 428 2127; x_wconf 77' lang='lat' dir='ltr'><strong>corr</strong></span> <span class='ocrx_word' id='word_1_130' title='bbox 446 2061 601 2149; x_wconf 75' lang='lat' dir='ltr'><strong>jecerint</strong></span> <span class='ocrx_word' id='word_1_131' title='bbox 626 2060 796 2149; x_wconf 78' lang='lat' dir='ltr'><strong>fructum,</strong></span> <span class='ocrx_word' id='word_1_132' title='bbox 821 2077 860 2128; x_wconf 81' lang='lat' dir='ltr'><strong>ut</strong></span> <span class='ocrx_word' id='word_1_133' title='bbox 881 2087 949 2130; x_wconf 79' lang='lat' dir='ltr'><strong>noo</strong></span> <span class='ocrx_word' id='word_1_134' title='bbox 973 2061 1061 2130; x_wconf 81' lang='lat' dir='ltr'><strong>decit</strong></span> <span class='ocrx_word' id='word_1_135' title='bbox 1083 2086 1256 2141; x_wconf 69' lang='lat' dir='ltr'><strong>nummus,</strong></span> 
     </span>
     <span class='ocr_line' id='line_1_18' title="bbox 61 2167 1257 2261; baseline 0 -23"><span class='ocrx_word' id='word_1_136' title='bbox 61 2169 129 2260; x_wconf 86' lang='lat' dir='ltr'><strong>qui</strong></span> <span class='ocrx_word' id='word_1_137' title='bbox 155 2169 357 2261; x_wconf 85' lang='lat' dir='ltr'><strong>promissus</strong></span> <span class='ocrx_word' id='word_1_138' title='bbox 379 2174 433 2237; x_wconf 87' lang='lat' dir='ltr'><strong>eet</strong></span> <span class='ocrx_word' id='word_1_139' title='bbox 454 2167 630 2257; x_wconf 87' lang='lat' dir='ltr'><strong>Abrahae;</strong></span> <span class='ocrx_word' id='word_1_140' title='bbox 655 2175 771 2239; x_wconf 90' lang='lat' dir='ltr'><strong>tamen</strong></span> <span class='ocrx_word' id='word_1_141' title='bbox 794 2168 952 2259; x_wconf 88' lang='lat' dir='ltr'><strong>apertius</strong></span> <span class='ocrx_word' id='word_1_142' title='bbox 975 2173 1012 2239; x_wconf 87' lang='lat' dir='ltr'><strong>in</strong></span> <span class='ocrx_word' id='word_1_143' title='bbox 1039 2168 1257 2260; x_wconf 81' lang='lat' dir='ltr'><strong>Apocalypsi</strong></span> 
     </span>
     <span class='ocr_line' id='line_1_19' title="bbox 64 2277 1257 2372; baseline 0.001 -25"><span class='ocrx_word' id='word_1_144' title='bbox 64 2279 259 2366; x_wconf 83' lang='lat'>(111.11.)</span> <span class='ocrx_word' id='word_1_145' title='bbox 282 2277 427 2348; x_wconf 87' lang='lat' dir='ltr'><strong>dicitur:</strong></span> <span class='ocrx_word' id='word_1_146' title='bbox 451 2283 531 2348; x_wconf 91' lang='lat' dir='ltr'><strong>tene</strong></span> <span class='ocrx_word' id='word_1_147' title='bbox 554 2279 644 2372; x_wconf 89' lang='lat' dir='ltr'><strong>quod</strong></span> <span class='ocrx_word' id='word_1_148' title='bbox 668 2279 785 2365; x_wconf 87' lang='lat' dir='ltr'><strong>habes,</strong></span> <span class='ocrx_word' id='word_1_149' title='bbox 810 2301 854 2348; x_wconf 91' lang='lat' dir='ltr'><strong>ne</strong></span> <span class='ocrx_word' id='word_1_150' title='bbox 876 2278 970 2348; x_wconf 88' lang='lat' dir='ltr'><strong>alius</strong></span> <span class='ocrx_word' id='word_1_151' title='bbox 992 2279 1142 2370; x_wconf 89' lang='lat' dir='ltr'><strong>accipiat</strong></span> <span class='ocrx_word' id='word_1_152' title='bbox 1165 2303 1257 2349; x_wconf 90' lang='lat' dir='ltr'><strong>coro-</strong></span> 
     </span>
     <span class='ocr_line' id='line_1_20' title="bbox 64 2387 1255 2479; baseline 0.001 -25"><span class='ocrx_word' id='word_1_153' title='bbox 64 2407 152 2454; x_wconf 84' lang='lat' dir='ltr'><strong>nam</strong></span> <span class='ocrx_word' id='word_1_154' title='bbox 179 2395 295 2456; x_wconf 89' lang='lat' dir='ltr'><strong>tuam.</strong></span> <span class='ocrx_word' id='word_1_155' title='bbox 322 2387 361 2455; x_wconf 74' lang='lat' dir='ltr'><strong>st</strong></span> <span class='ocrx_word' id='word_1_156' title='bbox 384 2389 473 2454; x_wconf 78' lang='lat' dir='ltr'><strong>euim</strong></span> <span class='ocrx_word' id='word_1_157' title='bbox 496 2387 589 2454; x_wconf 79' lang='lat' dir='ltr'><strong>attur</strong></span> <span class='ocrx_word' id='word_1_158' title='bbox 612 2413 679 2456; x_wconf 81' lang='lat' dir='ltr'><strong>ooo</strong></span> <span class='ocrx_word' id='word_1_159' title='bbox 703 2403 751 2456; x_wconf 83' lang='lat' dir='ltr'><strong>est</strong></span> <span class='ocrx_word' id='word_1_160' title='bbox 774 2401 983 2479; x_wconf 78' lang='lat' dir='ltr'><strong>accepturus,</strong></span> <span class='ocrx_word' id='word_1_161' title='bbox 1008 2390 1080 2454; x_wconf 77' lang='lat' dir='ltr'><strong>oiri</strong></span> <span class='ocrx_word' id='word_1_162' title='bbox 1103 2390 1168 2454; x_wconf 79' lang='lat' dir='ltr'><strong>iste</strong></span> <span class='ocrx_word' id='word_1_163' title='bbox 1177 2410 1255 2476; x_wconf 83' lang='lat' dir='ltr'><strong>per·</strong></span> 
     </span>
     <span class='ocr_line' id='line_1_21' title="bbox 66 2493 1255 2588; baseline 0.003 -29"><span class='ocrx_word' id='word_1_164' title='bbox 66 2493 211 2563; x_wconf 80' lang='lat' dir='ltr'><strong>diderit</strong></span> <span class='ocrx_word' id='word_1_165' title='bbox 222 2522 235 2577; x_wconf 89' lang='lat'><em>;</em></span> <span class='ocrx_word' id='word_1_166' title='bbox 258 2509 368 2564; x_wconf 74' lang='lat' dir='ltr'><strong>cerem</strong></span> <span class='ocrx_word' id='word_1_167' title='bbox 390 2510 438 2564; x_wconf 81' lang='lat' dir='ltr'><strong>est</strong></span> <span class='ocrx_word' id='word_1_168' title='bbox 460 2520 647 2565; x_wconf 69' lang='lat' dir='ltr'><strong>uumerus»</strong></span> <span class='ocrx_word' id='word_1_169' title='bbox 666 2499 717 2567; x_wconf 86' lang='lat' dir='ltr'><strong>Do</strong></span> <span class='ocrx_word' id='word_1_170' title='bbox 739 2499 895 2588; x_wconf 87' lang='lat' dir='ltr'><strong>Corrept.</strong></span> <span class='ocrx_word' id='word_1_171' title='bbox 913 2503 950 2565; x_wconf 90' lang='lat' dir='ltr'><strong>et</strong></span> <span class='ocrx_word' id='word_1_172' title='bbox 974 2519 1030 2587; x_wconf 81' lang='lat' dir='ltr'><strong>gr.</strong></span> <span class='ocrx_word' id='word_1_173' title='bbox 1052 2521 1086 2563; x_wconf 93' lang='lat' dir='ltr'><strong>n.</strong></span> <span class='ocrx_word' id='word_1_174' title='bbox 1103 2495 1158 2564; x_wconf 80' lang='lat'><strong>39.</strong></span> <span class='ocrx_word' id='word_1_175' title='bbox 1177 2495 1255 2566; x_wconf 90' lang='lat' dir='ltr'><strong>Cla-</strong></span> 
     </span>
     <span class='ocr_line' id='line_1_22' title="bbox 67 2601 1252 2694; baseline 0.002 -26"><span class='ocrx_word' id='word_1_176' title='bbox 67 2601 148 2671; x_wconf 88' lang='lat' dir='ltr'><strong>rius</strong></span> <span class='ocrx_word' id='word_1_177' title='bbox 182 2603 332 2673; x_wconf 89' lang='lat' dir='ltr'><strong>eundem</strong></span> <span class='ocrx_word' id='word_1_178' title='bbox 361 2626 499 2673; x_wconf 88' lang='lat' dir='ltr'><strong>sensum</strong></span> <span class='ocrx_word' id='word_1_179' title='bbox 532 2603 687 2694; x_wconf 84' lang='lat' dir='ltr'><strong>explicat</strong></span> <span class='ocrx_word' id='word_1_180' title='bbox 716 2605 753 2673; x_wconf 91' lang='lat' dir='ltr'><strong>in</strong></span> <span class='ocrx_word' id='word_1_181' title='bbox 783 2603 903 2674; x_wconf 91' lang='lat' dir='ltr'><strong>libello</strong></span> <span class='ocrx_word' id='word_1_182' title='bbox 932 2603 975 2674; x_wconf 93' lang='lat' dir='ltr'><strong>de</strong></span> <span class='ocrx_word' id='word_1_183' title='bbox 997 2603 1093 2671; x_wconf 93' lang='lat' dir='ltr'><strong>Bono</strong></span> <span class='ocrx_word' id='word_1_184' title='bbox 1123 2601 1252 2672; x_wconf 88' lang='lat' dir='ltr'><strong>viduit.</strong></span> 
     </span>
     <span class='ocr_line' id='line_1_23' title="bbox 68 2697 1254 2804; baseline 0.003 -26"><span class='ocrx_word' id='word_1_185' title='bbox 68 2713 213 2804; x_wconf 89' lang='lat' dir='ltr'><strong>scripto</strong></span> <span class='ocrx_word' id='word_1_186' title='bbox 237 2697 327 2781; x_wconf 91' lang='lat' dir='ltr'><strong>anno</strong></span> <span class='ocrx_word' id='word_1_187' title='bbox 341 2711 410 2781; x_wconf 81' lang='lat'><strong>414</strong></span> <span class='ocrx_word' id='word_1_188' title='bbox 425 2712 494 2780; x_wconf 90' lang='lat' dir='ltr'><strong>iam</strong></span> <span class='ocrx_word' id='word_1_189' title='bbox 519 2713 678 2782; x_wconf 81' lang='lat' dir='ltr'><strong>fervente</strong></span> <span class='ocrx_word' id='word_1_190' title='bbox 700 2712 937 2802; x_wconf 88' lang='lat' dir='ltr'><strong>disputatione</strong></span> <span class='ocrx_word' id='word_1_191' title='bbox 961 2713 1130 2781; x_wconf 77' lang='lat' dir='ltr'><strong>adversus</strong></span> <span class='ocrx_word' id='word_1_192' title='bbox 1155 2709 1254 2781; x_wconf 90' lang='lat' dir='ltr'><strong>Pela-</strong></span> 
     </span>
     <span class='ocr_line' id='line_1_24' title="bbox 70 2817 1256 2908; baseline 0.002 -22"><span class='ocrx_word' id='word_1_193' title='bbox 70 2817 205 2906; x_wconf 79' lang='lat' dir='ltr'><strong>gianos</strong></span> <span class='ocrx_word' id='word_1_194' title='bbox 221 2821 283 2906; x_wconf 81' lang='lat' dir='ltr'><strong>(ct.</strong></span> <span class='ocrx_word' id='word_1_195' title='bbox 298 2820 344 2888; x_wconf 91' lang='lat' dir='ltr'><strong>ib.</strong></span> <span class='ocrx_word' id='word_1_196' title='bbox 366 2844 401 2888; x_wconf 91' lang='lat' dir='ltr'><strong>n.</strong></span> <span class='ocrx_word' id='word_1_197' title='bbox 419 2819 505 2908; x_wconf 77' lang='lat' dir='ltr'><strong>et).</strong></span> <span class='ocrx_word' id='word_1_198' title='bbox 530 2819 704 2890; x_wconf 86' lang='lat' dir='ltr'><strong>Hortatur</strong></span> <span class='ocrx_word' id='word_1_199' title='bbox 727 2821 853 2890; x_wconf 89' lang='lat' dir='ltr'><strong>viduas</strong></span> <span class='ocrx_word' id='word_1_200' title='bbox 876 2843 912 2889; x_wconf 92' lang='grc' dir='ltr'><strong>ιι.</strong></span> <span class='ocrx_word' id='word_1_201' title='bbox 929 2820 986 2888; x_wconf 81' lang='grc' dir='ltr'>28ι</span> <span class='ocrx_word' id='word_1_202' title='bbox 1008 2843 1103 2889; x_wconf 74' lang='lat' dir='ltr'><strong>anon</strong></span> <span class='ocrx_word' id='word_1_203' title='bbox 1127 2843 1189 2890; x_wconf 87' lang='lat' dir='ltr'><strong>vos</strong></span> <span class='ocrx_word' id='word_1_204' title='bbox 1212 2821 1256 2888; x_wconf 92' lang='lat' dir='ltr'><strong>ab</strong></span> 
     </span>
     <span class='ocr_line' id='line_1_25' title="bbox 70 2924 1254 3020; baseline 0.003 -28"><span class='ocrx_word' id='word_1_205' title='bbox 70 2924 138 2996; x_wconf 91' lang='lat' dir='ltr'><strong>boc</strong></span> <span class='ocrx_word' id='word_1_206' title='bbox 154 2927 336 2998; x_wconf 83' lang='lat' dir='ltr'><strong>studio...</strong></span> <span class='ocrx_word' id='word_1_207' title='bbox 351 2927 497 3018; x_wconf 82' lang='lat' dir='ltr'><strong>frangat</strong></span> <span class='ocrx_word' id='word_1_208' title='bbox 512 2926 653 3018; x_wconf 90' lang='lat' dir='ltr'><strong>querela</strong></span> <span class='ocrx_word' id='word_1_209' title='bbox 668 2949 846 3011; x_wconf 84' lang='lat' dir='ltr'><strong>vanorum,</strong></span> <span class='ocrx_word' id='word_1_210' title='bbox 861 2929 922 3020; x_wconf 83' lang='lat' dir='ltr'><strong>qui</strong></span> <span class='ocrx_word' id='word_1_211' title='bbox 938 2927 1074 2998; x_wconf 88' lang='lat' dir='ltr'><strong>dicunt:</strong></span> <span class='ocrx_word' id='word_1_212' title='bbox 1090 2927 1254 3018; x_wconf 89' lang='lat' dir='ltr'><strong>quomodo</strong></span> 
     </span>
     <span class='ocr_line' id='line_1_26' title="bbox 73 3033 1254 3124; baseline 0.003 -24"><span class='ocrx_word' id='word_1_213' title='bbox 73 3035 254 3106; x_wconf 87' lang='lat' dir='ltr'><strong>subsistat</strong></span> <span class='ocrx_word' id='word_1_214' title='bbox 276 3055 386 3124; x_wconf 81' lang='lat' dir='ltr'><strong>genus</strong></span> <span class='ocrx_word' id='word_1_215' title='bbox 416 3033 625 3119; x_wconf 87' lang='lat' dir='ltr'><strong>humanum,</strong></span> <span class='ocrx_word' id='word_1_216' title='bbox 651 3035 682 3104; x_wconf 90' lang='lat' dir='ltr'><strong>si</strong></span> <span class='ocrx_word' id='word_1_217' title='bbox 706 3057 821 3104; x_wconf 89' lang='lat' dir='ltr'><strong>omnes</strong></span> <span class='ocrx_word' id='word_1_218' title='bbox 852 3036 985 3106; x_wconf 88' lang='lat' dir='ltr'><strong>fuerint</strong></span> <span class='ocrx_word' id='word_1_219' title='bbox 1015 3035 1254 3104; x_wconf 76' lang='lat' dir='ltr'><strong>continentes?</strong></span> 
     </span>
     <span class='ocr_line' id='line_1_27' title="bbox 74 3140 1256 3234; baseline -0.001 -23"><span class='ocrx_word' id='word_1_220' title='bbox 74 3143 189 3224; x_wconf 79' lang='lat' dir='ltr'><strong>Quasi</strong></span> <span class='ocrx_word' id='word_1_221' title='bbox 200 3158 321 3234; x_wconf 77' lang='lat' dir='ltr'><strong>proter</strong></span> <span class='ocrx_word' id='word_1_222' title='bbox 337 3140 437 3210; x_wconf 81' lang='lat' dir='ltr'><strong>aliud</strong></span> <span class='ocrx_word' id='word_1_223' title='bbox 451 3143 646 3211; x_wconf 79' lang='lat' dir='ltr'><strong>retardetur</strong></span> <span class='ocrx_word' id='word_1_224' title='bbox 663 3145 721 3212; x_wconf 83' lang='lat' dir='ltr'><strong>boc</strong></span> <span class='ocrx_word' id='word_1_225' title='bbox 732 3143 913 3226; x_wconf 80' lang='lat' dir='ltr'><strong>saeculum,</strong></span> <span class='ocrx_word' id='word_1_226' title='bbox 931 3147 1003 3212; x_wconf 80' lang='lat' dir='ltr'><strong>nisi</strong></span> <span class='ocrx_word' id='word_1_227' title='bbox 1015 3158 1054 3212; x_wconf 82' lang='lat' dir='ltr'><strong>cet</strong></span> <span class='ocrx_word' id='word_1_228' title='bbox 1071 3145 1256 3234; x_wconf 81' lang='lat' dir='ltr'><strong>impleatur</strong></span> 
     </span>
     <span class='ocr_line' id='line_1_28' title="bbox 69 3252 1254 3344; baseline 0.003 -26"><span class='ocrx_word' id='word_1_229' title='bbox 69 3253 356 3339; x_wconf 76' lang='lat' dir='ltr'><strong>praedestinatae</strong></span> <span class='ocrx_word' id='word_1_230' title='bbox 385 3273 542 3318; x_wconf 71' lang='lat' dir='ltr'><strong>samem</strong></span> <span class='ocrx_word' id='word_1_231' title='bbox 565 3252 628 3318; x_wconf 83' lang='lat' dir='ltr'><strong>ille</strong></span> <span class='ocrx_word' id='word_1_232' title='bbox 652 3252 868 3334; x_wconf 75' lang='lat' dir='ltr'><strong>Sanctorum,</strong></span> <span class='ocrx_word' id='word_1_233' title='bbox 894 3277 959 3344; x_wconf 82' lang='lat' dir='ltr'><strong>quo</strong></span> <span class='ocrx_word' id='word_1_234' title='bbox 990 3255 1093 3320; x_wconf 79' lang='lat' dir='ltr'><strong>citior</strong></span> <span class='ocrx_word' id='word_1_235' title='bbox 1116 3253 1254 3344; x_wconf 84' lang='lat' dir='ltr'><strong>impleto</strong></span> 
     </span>
     <span class='ocr_line' id='line_1_29' title="bbox 73 3358 1254 3448; baseline 0.005 -23"><span class='ocrx_word' id='word_1_236' title='bbox 73 3359 235 3448; x_wconf 82' lang='lat' dir='ltr'><strong>profecto</strong></span> <span class='ocrx_word' id='word_1_237' title='bbox 262 3383 321 3426; x_wconf 83' lang='lat' dir='ltr'><strong>roeo</strong></span> <span class='ocrx_word' id='word_1_238' title='bbox 351 3361 514 3426; x_wconf 79' lang='lat' dir='ltr'><strong>terminas</strong></span> <span class='ocrx_word' id='word_1_239' title='bbox 544 3360 674 3427; x_wconf 74' lang='lat' dir='ltr'><strong>saeculi</strong></span> <span class='ocrx_word' id='word_1_240' title='bbox 703 3358 896 3448; x_wconf 79' lang='lat' dir='ltr'><strong>differetur.</strong></span> <span class='ocrx_word' id='word_1_241' title='bbox 913 3389 929 3424; x_wconf 87' lang='lat' dir='ltr'><strong>r</strong></span> <span class='ocrx_word' id='word_1_242' title='bbox 947 3362 1079 3432; x_wconf 87' lang='lat' dir='ltr'><strong>Iterum</strong></span> <span class='ocrx_word' id='word_1_243' title='bbox 1103 3362 1140 3431; x_wconf 93' lang='lat' dir='ltr'><strong>iu</strong></span> <span class='ocrx_word' id='word_1_244' title='bbox 1163 3362 1254 3431; x_wconf 92' lang='lat' dir='ltr'><strong>libro</strong></span> 
     </span>
     <span class='ocr_line' id='line_1_30' title="bbox 76 3467 1254 3560; baseline 0.002 -26"><span class='ocrx_word' id='word_1_245' title='bbox 76 3488 181 3556; x_wconf 89' lang='lat' dir='ltr'><strong>quem</strong></span> <span class='ocrx_word' id='word_1_246' title='bbox 205 3467 349 3558; x_wconf 88' lang='lat' dir='ltr'><strong>scripsit</strong></span> <span class='ocrx_word' id='word_1_247' title='bbox 371 3467 441 3536; x_wconf 89' lang='lat' dir='ltr'><strong>iam</strong></span> <span class='ocrx_word' id='word_1_248' title='bbox 463 3467 659 3558; x_wconf 86' lang='lat' dir='ltr'><strong>Episcopus</strong></span> <span class='ocrx_word' id='word_1_249' title='bbox 682 3467 724 3538; x_wconf 91' lang='lat' dir='ltr'><strong>de</strong></span> <span class='ocrx_word' id='word_1_250' title='bbox 746 3469 842 3539; x_wconf 85' lang='lat' dir='ltr'><strong>Bono</strong></span> <span class='ocrx_word' id='word_1_251' title='bbox 865 3469 1135 3560; x_wconf 77' lang='lat' dir='ltr'><strong>ooniug.n.10:</strong></span> <span class='ocrx_word' id='word_1_252' title='bbox 1156 3473 1254 3540; x_wconf 77' lang='lat' dir='ltr'><strong>cuti-</strong></span> 
     </span>
     <span class='ocr_line' id='line_1_31' title="bbox 77 3574 1253 3666; baseline 0.009 -28"><span class='ocrx_word' id='word_1_253' title='bbox 77 3597 157 3640; x_wconf 79' lang='lat' dir='ltr'><strong>com</strong></span> <span class='ocrx_word' id='word_1_254' title='bbox 181 3597 292 3642; x_wconf 81' lang='lat' dir='ltr'><strong>omnes</strong></span> <span class='ocrx_word' id='word_1_255' title='bbox 316 3576 375 3642; x_wconf 82' lang='lat' dir='ltr'><strong>loe</strong></span> <span class='ocrx_word' id='word_1_256' title='bbox 396 3574 522 3643; x_wconf 69' lang='lat' dir='ltr'><strong>velleret</strong></span> <span class='ocrx_word' id='word_1_257' title='bbox 545 3575 777 3664; x_wconf 84' lang='lat' dir='ltr'><strong>(cdntinentes</strong></span> <span class='ocrx_word' id='word_1_258' title='bbox 803 3580 905 3666; x_wconf 84' lang='lat' dir='ltr'><strong>ease),</strong></span> <span class='ocrx_word' id='word_1_259' title='bbox 923 3577 1107 3648; x_wconf 85' lang='lat' dir='ltr'><strong>dumtaxat</strong></span> <span class='ocrx_word' id='word_1_260' title='bbox 1121 3579 1158 3648; x_wconf 93' lang='lat' dir='ltr'><strong>in</strong></span> <span class='ocrx_word' id='word_1_261' title='bbox 1175 3579 1253 3648; x_wconf 87' lang='lat' dir='ltr'><strong>cba-</strong></span> 
     </span>
     <span class='ocr_line' id='line_1_32' title="bbox 77 3680 1254 3774; baseline 0.008 -28"><span class='ocrx_word' id='word_1_262' title='bbox 77 3680 187 3752; x_wconf 89' lang='lat' dir='ltr'><strong>ritate</strong></span> <span class='ocrx_word' id='word_1_263' title='bbox 211 3682 252 3752; x_wconf 89' lang='lat' dir='ltr'><strong>de</strong></span> <span class='ocrx_word' id='word_1_264' title='bbox 276 3683 377 3753; x_wconf 90' lang='lat' dir='ltr'><strong>corde</strong></span> <span class='ocrx_word' id='word_1_265' title='bbox 399 3706 488 3773; x_wconf 87' lang='lat' dir='ltr'><strong>puro</strong></span> <span class='ocrx_word' id='word_1_266' title='bbox 511 3689 547 3752; x_wconf 90' lang='lat' dir='ltr'><strong>at</strong></span> <span class='ocrx_word' id='word_1_267' title='bbox 569 3684 785 3755; x_wconf 85' lang='lat' dir='ltr'><strong>conscientia</strong></span> <span class='ocrx_word' id='word_1_268' title='bbox 807 3687 896 3755; x_wconf 91' lang='lat' dir='ltr'><strong>bona</strong></span> <span class='ocrx_word' id='word_1_269' title='bbox 918 3693 955 3756; x_wconf 89' lang='lat' dir='ltr'><strong>et</strong></span> <span class='ocrx_word' id='word_1_270' title='bbox 977 3687 1045 3756; x_wconf 86' lang='lat' dir='ltr'><strong>fide</strong></span> <span class='ocrx_word' id='word_1_271' title='bbox 1067 3709 1135 3755; x_wconf 90' lang='lat' dir='ltr'><strong>non</strong></span> <span class='ocrx_word' id='word_1_272' title='bbox 1159 3686 1254 3774; x_wconf 83' lang='lat' dir='ltr'><strong>ficta3</strong></span> 
     </span>
     <span class='ocr_line' id='line_1_33' title="bbox 78 3789 1258 3883; baseline 0.005 -33"><span class='ocrx_word' id='word_1_273' title='bbox 78 3789 184 3858; x_wconf 78' lang='lat' dir='ltr'><strong>mrelto</strong></span> <span class='ocrx_word' id='word_1_274' title='bbox 209 3791 313 3857; x_wconf 82' lang='lat' dir='ltr'><strong>citius</strong></span> <span class='ocrx_word' id='word_1_275' title='bbox 336 3791 403 3858; x_wconf 83' lang='lat' dir='ltr'><strong>Dei</strong></span> <span class='ocrx_word' id='word_1_276' title='bbox 426 3793 550 3858; x_wconf 79' lang='lat' dir='ltr'><strong>cicitur</strong></span> <span class='ocrx_word' id='word_1_277' title='bbox 574 3792 808 3883; x_wconf 80' lang='lat' dir='ltr'><strong>compleretur,</strong></span> <span class='ocrx_word' id='word_1_278' title='bbox 827 3809 858 3862; x_wconf 84' lang='lat' dir='ltr'><strong>et</strong></span> <span class='ocrx_word' id='word_1_279' title='bbox 883 3795 1128 3862; x_wconf 78' lang='lat' dir='ltr'><strong>acceleraretur</strong></span> <span class='ocrx_word' id='word_1_280' title='bbox 1145 3794 1258 3860; x_wconf 84' lang='lat' dir='ltr'><strong>termi-</strong></span> 
     </span>
     <span class='ocr_line' id='line_1_34' title="bbox 79 3895 341 3964; baseline -0.015 -1"><span class='ocrx_word' id='word_1_281' title='bbox 79 3917 142 3962; x_wconf 79' lang='lat' dir='ltr'><strong>nus</strong></span> <span class='ocrx_word' id='word_1_282' title='bbox 164 3895 341 3964; x_wconf 69' lang='lat' dir='ltr'><strong>saeculi.»</strong></span> 
     </span>
    </p>

    <p class='ocr_par' dir='ltr' id='par_1_3' title="bbox 82 4004 1255 4532">
     <span class='ocr_line' id='line_1_35' title="bbox 143 4004 1255 4100; baseline 0.004 -26"><span class='ocrx_word' id='word_1_283' title='bbox 143 4005 192 4074; x_wconf 76' lang='lat'><strong>4⁰.</strong></span> <span class='ocrx_word' id='word_1_284' title='bbox 210 4004 408 4095; x_wconf 79' lang='lat' dir='ltr'><strong>Augustini</strong></span> <span class='ocrx_word' id='word_1_285' title='bbox 420 4005 617 4076; x_wconf 86' lang='lat' dir='ltr'><strong>fidelissimi</strong></span> <span class='ocrx_word' id='word_1_286' title='bbox 632 4009 841 4100; x_wconf 85' lang='lat' dir='ltr'><strong>interpretes</strong></span> <span class='ocrx_word' id='word_1_287' title='bbox 858 4009 894 4078; x_wconf 87' lang='lat' dir='ltr'><strong>S.</strong></span> <span class='ocrx_word' id='word_1_288' title='bbox 909 4009 1057 4100; x_wconf 88' lang='lat' dir='ltr'><strong>Prosper</strong></span> <span class='ocrx_word' id='word_1_289' title='bbox 1069 4014 1107 4077; x_wconf 93' lang='lat' dir='ltr'><strong>et</strong></span> <span class='ocrx_word' id='word_1_290' title='bbox 1120 4005 1158 4077; x_wconf 88' lang='lat' dir='ltr'><strong>S.</strong></span> <span class='ocrx_word' id='word_1_291' title='bbox 1171 4006 1255 4078; x_wconf 86' lang='lat' dir='ltr'><strong>Ful·</strong></span> 
     </span>
     <span class='ocr_line' id='line_1_36' title="bbox 83 4111 1253 4211; baseline 0.008 -33"><span class='ocrx_word' id='word_1_292' title='bbox 83 4111 222 4196; x_wconf 78' lang='lat' dir='ltr'><strong>gentius</strong></span> <span class='ocrx_word' id='word_1_293' title='bbox 246 4113 374 4184; x_wconf 78' lang='lat' dir='ltr'><strong>falsum</strong></span> <span class='ocrx_word' id='word_1_294' title='bbox 398 4113 639 4202; x_wconf 76' lang='lat' dir='ltr'><strong>essedicunt,</strong></span> <span class='ocrx_word' id='word_1_295' title='bbox 665 4137 708 4185; x_wconf 88' lang='lat' dir='ltr'><strong>ex</strong></span> <span class='ocrx_word' id='word_1_296' title='bbox 731 4123 844 4188; x_wconf 89' lang='lat' dir='ltr'><strong>mente</strong></span> <span class='ocrx_word' id='word_1_297' title='bbox 866 4116 1063 4207; x_wconf 80' lang='lat' dir='ltr'><strong>Augustini</strong></span> <span class='ocrx_word' id='word_1_298' title='bbox 1089 4117 1253 4211; x_wconf 89' lang='lat' dir='ltr'><strong>cuiquam</strong></span> 
     </span>
     <span class='ocr_line' id='line_1_37' title="bbox 82 4221 1252 4312; baseline 0.01 -29"><span class='ocrx_word' id='word_1_299' title='bbox 82 4221 202 4310; x_wconf 79' lang='lat' dir='ltr'><strong>negari</strong></span> <span class='ocrx_word' id='word_1_300' title='bbox 224 4221 579 4312; x_wconf 88' lang='lat' dir='ltr'><strong>praedestinationem</strong></span> <span class='ocrx_word' id='word_1_301' title='bbox 595 4223 640 4292; x_wconf 90' lang='lat' dir='ltr'><strong>ad</strong></span> <span class='ocrx_word' id='word_1_302' title='bbox 657 4225 767 4294; x_wconf 89' lang='lat' dir='ltr'><strong>vitam</strong></span> <span class='ocrx_word' id='word_1_303' title='bbox 784 4231 959 4296; x_wconf 89' lang='lat' dir='ltr'><strong>aeternam</strong></span> <span class='ocrx_word' id='word_1_304' title='bbox 984 4225 1168 4296; x_wconf 85' lang='lat' dir='ltr'><strong>voluntate</strong></span> <span class='ocrx_word' id='word_1_305' title='bbox 1187 4227 1252 4296; x_wconf 92' lang='lat' dir='ltr'><strong>Dei</strong></span> 
     </span>
     <span class='ocr_line' id='line_1_38' title="bbox 84 4329 1250 4424; baseline 0.008 -31"><span class='ocrx_word' id='word_1_306' title='bbox 84 4329 302 4398; x_wconf 74' lang='lat' dir='ltr'><strong>antecedente</strong></span> <span class='ocrx_word' id='word_1_307' title='bbox 326 4329 577 4418; x_wconf 84' lang='lat' dir='ltr'><strong>praevisionem</strong></span> <span class='ocrx_word' id='word_1_308' title='bbox 601 4331 725 4401; x_wconf 90' lang='lat' dir='ltr'><strong>ruinae</strong></span> <span class='ocrx_word' id='word_1_309' title='bbox 747 4337 784 4403; x_wconf 92' lang='lat' dir='ltr'><strong>et</strong></span> <span class='ocrx_word' id='word_1_310' title='bbox 799 4333 1100 4424; x_wconf 88' lang='lat' dir='ltr'><strong>impoenitentiae;</strong></span> <span class='ocrx_word' id='word_1_311' title='bbox 1120 4341 1157 4404; x_wconf 90' lang='lat' dir='ltr'><strong>et</strong></span> <span class='ocrx_word' id='word_1_312' title='bbox 1173 4357 1250 4405; x_wconf 92' lang='lat' dir='ltr'><strong>con·</strong></span> 
     </span>
     <span class='ocr_line' id='line_1_39' title="bbox 85 4434 1246 4532; baseline 0.009 -33"><span class='ocrx_word' id='word_1_313' title='bbox 85 4441 264 4523; x_wconf 81' lang='lat' dir='ltr'><strong>sequenter</strong></span> <span class='ocrx_word' id='word_1_314' title='bbox 279 4434 384 4502; x_wconf 86' lang='lat' dir='ltr'><strong>etiam</strong></span> <span class='ocrx_word' id='word_1_315' title='bbox 408 4436 543 4520; x_wconf 88' lang='lat' dir='ltr'><strong>docent,</strong></span> <span class='ocrx_word' id='word_1_316' title='bbox 569 4436 677 4505; x_wconf 88' lang='lat' dir='ltr'><strong>Deum</strong></span> <span class='ocrx_word' id='word_1_317' title='bbox 699 4439 1005 4529; x_wconf 68' lang='lat' dir='ltr'><strong>«praedestinasse</strong></span> <span class='ocrx_word' id='word_1_318' title='bbox 1029 4441 1073 4509; x_wconf 89' lang='lat' dir='ltr'><strong>ad</strong></span> <span class='ocrx_word' id='word_1_319' title='bbox 1089 4463 1246 4532; x_wconf 80' lang='lat' dir='ltr'><strong>regnum,</strong></span> 
     </span>
    </p>

    <p class='ocr_par' dir='ltr' id='par_1_4' title="bbox 221 4561 1105 4624">
     <span class='ocr_line' id='line_1_40' title="bbox 221 4561 1105 4624; baseline 0.009 -8"><span class='ocrx_word' id='word_1_320' title='bbox 221 4561 377 4617; x_wconf 69' lang='lat' dir='ltr'><strong>lemelia</strong></span> <span class='ocrx_word' id='word_1_321' title='bbox 1071 4570 1105 4624; x_wconf 78' lang='lat'><strong>41</strong></span> 
     </span>
    </p>
   </div>
   <div class='ocr_carea' id='block_1_2' title="bbox 0 0 1720 5060">
    <p class='ocr_par' dir='ltr' id='par_1_5' title="bbox 0 0 1720 5060">
     <span class='ocr_line' id='line_1_41' title="bbox 0 0 1720 5060; baseline 0 0"><span class='ocrx_word' id='word_1_322' title='bbox 0 0 1720 5060; x_wconf 95' lang='lat' dir='ltr'><strong> </strong></span> 
     </span>
    </p>
   </div>
  </div>
 </body>
</html>
