3292 5062
557 408 593 419 -
619 377 673 435 181
699 409 735 420 -

81 479 208 546 saecula
231 481 460 566 saeculorum,
482 508 497 540 n
520 510 536 544 a
555 481 590 546 in
615 479 756 548 Christo
780 503 895 548 omnes
920 481 1239 548 vivificabuntur...

79 609 146 652 cum
169 587 323 654 subiecta
346 589 480 655 fuerint
504 588 560 654 illi
584 590 709 672 omnia,
725 594 809 656 tuno
832 595 869 655 et
892 587 966 676 ipse
988 587 1105 654 Filius
1121 590 1242 675 (caput

78 715 146 760 cnm
168 695 324 762 omnibus
348 697 524 780 membris)
549 695 726 764 subiectus
750 697 820 762 erit
842 696 886 778 ei,
913 695 973 785 qui
998 695 1148 762 subiecit
1172 694 1241 762 sibi

78 801 198 884 omnia,
225 810 267 869 ut
288 803 337 870 sit
360 803 453 870 Deus
476 804 613 887 omnia,
639 803 677 870 in
706 804 864 870 omnibus
879 831 894 862 n
913 802 1097 870 Matth.V.
1117 801 1150 867 3.
1171 802 1237 886 103

78 909 167 974 VIII.
186 910 374 994 11;X111.
393 911 457 998 433
476 911 590 978 XXV.
609 911 675 997 34;
696 912 727 977 1.
748 911 826 978 Cor.
846 911 908 980 VI.
929 911 961 976 9.
983 911 1048 996 10;
1068 910 1147 976 XV.
1166 910 1236 994 28;

76 1016 105 1082 2.
123 1017 208 1084 Tim.
227 1017 290 1086 IV.
313 1019 355 1086 18
371 1043 378 1104 ;
397 1019 430 1086 2.
452 1021 524 1087 Pet.
543 1019 573 1085 l.
594 1019 648 1104 11;
672 1021 780 1108 Apoo.
807 1019 925 1084 XXII.
953 1019 984 1084 ὅ.
1012 1017 1128 1099 Quare
1154 1017 1238 1084 haec

80 1125 146 1190 vite
165 1133 200 1192 et
230 1124 294 1194 hoo
326 1147 472 1214 regnum
502 1131 681 1192 aeternum
711 1132 767 1192 est
796 1125 914 1213 pluria
942 1125 1008 1189 Dei
1039 1127 1075 1186 in
1110 1126 1240 1189 sanctie

77 1233 151 1310 sais,
174 1247 347 1297 aeternum
369 1233 506 1320 qlorz'ae
522 1229 657 1320 pondus
671 1282 679 1313 ,
706 1231 999 1296 immarcescibilis
1027 1231 1164 1318 pieriae
1188 1255 1237 1297 co-

80 1363 176 1415 rona,
209 1362 271 1406 seu
304 1361 466 1428 suprema
497 1339 533 1405 in
566 1338 630 1406 hoc
665 1339 785 1406 ordine
808 1339 924 1426 gloria
948 1339 1010 1404 Dei
1044 1339 1240 1405 extrinseca

78 1469 131 1534 per
152 1447 298 1535 gloriam
322 1447 475 1514 filiorum
499 1447 562 1513 Dei
587 1446 675 1536 ipsis
699 1446 936 1542 intrinsecam,
956 1468 1044 1536 queo
1067 1445 1237 1512 revelabi·

78 1561 129 1621 tur
151 1557 185 1621 in
216 1555 290 1622 eis:
312 1583 328 1617 u
348 1559 620 1622 momentaneum
653 1561 688 1620 et
718 1553 796 1621 leve
827 1553 1069 1621 tribulationis
1099 1560 1240 1620 nostrae

78 1683 170 1749 snpra
195 1661 331 1728 modum
355 1661 391 1726 in
416 1660 634 1726 sublimitate
658 1665 835 1727 aeternum
860 1659 992 1748 gloriae
1010 1660 1146 1749 pondus
1164 1681 1239 1748 ope·

78 1779 168 1834 ratur
190 1769 224 1835 in
243 1768 353 1854 nobis;
374 1795 390 1828 n
412 1795 428 1830 a
446 1791 513 1834 non
530 1775 613 1834 sunt
629 1766 822 1856 condignae
838 1767 1015 1855 passiones
1031 1767 1138 1834 huius
1155 1773 1238 1834 tem-

80 1875 163 1962 poris
183 1875 226 1942 ad
251 1877 408 1942 futuram
434 1874 607 1963 gloriam,
636 1897 723 1964 quae
754 1874 971 1942 revelabitur
998 1875 1034 1940 in
1067 1875 1188 1960 nobis;
1222 1902 1237 1936 n

83 2005 173 2050 acum
196 1982 359 2050 Christus
382 1981 587 2070 apparuerit
611 1981 688 2049 vita
711 1989 842 2064 vestra,
860 1989 944 2050 tuuc
960 1989 998 2050 et
1013 2004 1074 2050 vos
1097 2003 1239 2071 appare·

80 2090 153 2158 bitis
174 2113 250 2158 cum
274 2090 351 2178 ipso
373 2089 411 2156 in
434 2088 582 2176 glorian
601 2088 663 2174 (l);
687 2095 842 2177 cetego
866 2089 997 2175 (Filius
1024 2089 1104 2176 Dei)
1136 2088 1238 2155 clari·

82 2203 173 2263 tatem
199 2193 264 2285 (rau
289 2191 388 2273 δεξαν)
415 2219 517 2285 quam
542 2195 669 2264 dedisti
696 2195 792 2280 mibi,
808 2197 889 2265 dedi
905 2198 996 2264 eis...
1021 2197 1098 2263 volo
1122 2205 1164 2264 ut
1180 2197 1238 2264 ubi

82 2327 143 2370 enm
164 2327 237 2392 ego,
264 2309 301 2370 et
324 2302 381 2369 illi
405 2304 478 2371 sint
501 2325 643 2386 mecum,
661 2311 701 2370 ut
725 2303 870 2371 videant
897 2303 1106 2387 claritatem,
1135 2325 1238 2393 quam
1311 2371 1319 2390 ‚

82 2409 192 2477 dedisti
209 2409 297 2476 mibi
316 2437 332 2472 u
350 2409 400 2475 Io.
419 2409 537 2477 XVII.
549 2409 604 2475 22.
624 2407 679 2496 243
699 2410 795 2476 Rom.
811 2409 855 2474 V.
876 2410 910 2495 2;
928 2410 1031 2476 VIII.
1045 2409 1099 2496 183
1114 2409 1235 2477 2.Cor.

83 2517 133 2584 IV.
147 2519 197 2604 175
216 2517 291 2585 Col.
307 2517 423 2604 111.4;
440 2516 472 2582 1.
485 2517 561 2584 Pet.
576 2516 620 2584 V.
636 2517 669 2584 4.
686 2517 779 2584 Haec
797 2518 884 2600 vita,
900 2517 964 2584 hoo
980 2541 1138 2606 regnum,
1155 2519 1239 2586 haec

81 2624 189 2712 gloria,
215 2633 269 2694 est
292 2623 459 2714 pendium
483 2624 636 2706 Domini,
653 2624 690 2691 in
714 2624 804 2715 quod
828 2625 1076 2714 ingrediuntur
1089 2626 1183 2694 servi
1200 2625 1237 2693 fi-

82 2731 169 2814 deles,
179 2727 345 2820 panadium
360 2733 500 2796 Domini
512 2747 624 2796 manet
637 2735 674 2796 in
688 2735 774 2818 ipsis
786 2732 922 2818 plenum
931 2733 981 2818 (2)
991 2733 1235 2800 Matth.XXV.

82 2838 125 2904 21.
141 2839 196 2924 23;
212 2839 263 2906 Io.
283 2837 363 2906 XV.
383 2837 437 2922 113
456 2837 573 2904 XVII.
586 2836 641 2904 13.
661 2836 714 2904 cf.
728 2837 826 2906 XVI.
842 2838 897 2906 22.
908 2839 965 2906 24.
980 2839 1052 2906 Hoc
1070 2839 1237 2926 gaudium

81 2946 313 3036 praesupponit
346 2945 536 3014 absentiam
573 2947 682 3013 omnis
718 2945 800 3012 mali
834 2947 943 3034 Apoo.
969 2946 1051 3014 VII.
1080 2946 1134 3013 16.
1169 2945 1234 3032 17;

81 3053 162 3122 XXI.
179 3055 213 3121 4.
233 3062 269 3122 et
285 3052 515 3150 constituitur
527 3051 744 3142 plenitudine
756 3053 906 3120 omnium
920 3053 1084 3118 bonorum
1099 3052 1236 3120 Domini

81 3157 190 3226 llutth.
207 3159 343 3226 XXIV.
361 3160 417 3244 47;
437 3159 522 3226 Luc.
541 3159 605 3228 VI.
624 3159 679 3226 38.
696 3159 769 3228 Sub
781 3159 851 3226 alio
864 3158 1038 3226 schemate
1053 3158 1237 3227 exhibetur

81 3273 112 3332 ut
130 3289 230 3334 coena
253 3265 457 3355 nuptiarum
481 3265 565 3354 agni
589 3267 696 3354 Apoo.
715 3266 814 3332 XIX.
831 3266 906 3350 7-9;
926 3273 966 3332 ut
982 3261 1182 3332 convivium
1200 3265 1237 3333 in

82 3394 178 3440 mensa
200 3371 364 3454 Domini,
383 3371 443 3438 ubi
462 3371 677 3438 beatitudine
694 3373 966 3454 saturabuntur3
986 3379 1027 3438 ut
1042 3373 1176 3459 potatio
1194 3395 1235 3439 ex

82 3477 217 3546 lontibus
233 3479 331 3546 vitae
346 3483 507 3544 aeternae
523 3477 650 3546 Mattb.
670 3479 714 3544 V.
733 3481 766 3564 c,
785 3479 917 3545 XXVI.
933 3478 988 3564 29,
1008 3479 1093 3574 Luc.
1112 3478 1231 3546 XXII.

83 3581 132 3669 3⁰3
147 3585 252 3674 Apoo.
270 3583 354 3652 VII.
375 3584 429 3670 17,
447 3585 546 3652 XXI.
566 3585 598 3653 6.

134 3691 174 3760 2¹.
193 3693 259 3759 Est
282 3693 401 3782 itaque
424 3693 518 3760 Deus
541 3693 616 3782 ipse
645 3694 826 3776 obiectum,
846 3694 946 3761 cuius
963 3693 1234 3783 participatione

84 3807 111 3864 et
129 3800 430 3868 communicatione
454 3806 490 3866 et
512 3800 682 3868 fruitione
705 3824 820 3868 omnes
838 3803 951 3869 sancti
970 3800 1099 3869 vivunt
1124 3801 1234 3866 vitam
1299 3809 1302 3816 '

84 3904 207 3988 batam,
225 3915 261 3974 et
284 3913 447 3994 regnant,
465 3912 502 3973 et
523 3906 781 3994 glorificantur,
800 3914 835 3974 et
850 3907 1005 3995 gaudent
1020 3907 1149 3996 gaudio
1164 3907 1232 3974 Do·

132 4085 168 4160 (1)
183 4087 265 4143 ‘Ome
285 4087 298 4142 ὁ
317 4105 430 4158 χριστος
444 4085 586 4158 palpabo,
604 4085 620 4146 ἦ
639 4083 691 4159 ζωη
707 4087 786 4158 ἡμων,
805 4108 862 4138 ποτε
884 4109 926 4140 και
947 4087 1019 4157 ὑμιις
1041 4108 1087 4140 σιν
1100 4085 1169 4156 αἱυτῳ
1185 4099 1234 4158 φα-

86 4175 244 4246 ιιμιὲησεσθι
266 4176 290 4230 ἓν
310 4179 382 4246 tofa.

136 4263 172 4338 (2)
186 4267 311 4321 Ἐισελθι
335 4263 372 4326 εἰς
393 4287 437 4324 την
458 4289 546 4338 χαραν
566 4287 611 4320 τοι
633 4287 720 4338 nuptae
742 4285 790 4320 coc
804 4295 837 4305 -
850 4267 893 4320 ἱνα
907 4267 922 4324 ἡ
936 4289 1011 4338 nepa
1031 4263 1109 4338 ήὲμη
1130 4267 1154 4319 i>
1173 4266 1233 4334 ὕμιν

88 4377 202 4428 proprus
220 4358 329 4429 ἦχαρα
346 4355 415 4426 tipum
437 4353 562 4426 πληρωθη
574 4383 608 4395 -·
623 4357 667 4408 im
681 4352 761 4427 ἔχωσι
779 4377 823 4413 την
843 4378 931 4428 χαραν
954 4377 997 4412 την
1019 4352 1082 4427 ipae
1098 4361 1232 4427 πεπληρω-

89 4465 149 4512 Imm
167 4470 191 4500 υ
209 4467 311 4508 aurose.
