3360 5060
573 393 610 406 -
633 361 694 422 057
715 393 752 407 -

87 471 210 537 bomine
231 468 397 536 ordinans
421 473 531 555 ipsam
565 469 600 530 iu
631 466 795 548 salutem,
820 465 1111 555 comprehenditur
1145 485 1250 536 totam

85 577 139 642 aab
162 576 279 665 effecta
288 573 635 666 praedestinationis,
655 575 759 639 etiam
778 575 854 661 ipsa
864 578 1093 664 praeparatio
1110 577 1156 643 ad
1169 601 1249 667 pra·

87 686 176 752 riom.
198 711 212 744 n
231 683 304 751 Hoc
328 682 439 750 altero
463 681 561 748 modo
584 701 668 770 prae
692 679 848 750 omnibus
879 681 1064 751 effectibus
1094 684 1131 752 in
1163 707 1248 754 com·

85 794 173 860 muni
195 791 393 860 considerat
416 789 484 874 bic,
503 795 544 857 ut
558 787 645 855 alibi
662 809 807 878 semper,
826 788 1190 879 praedestinationem,
1209 799 1250 860 ut

83 899 241 968 excludat
263 898 388 966 merita
413 896 538 979 omnia,
565 916 654 987 quae
678 895 751 964 sint
774 901 875 964 extra
890 896 1042 985 gratiam
1059 899 1249 988 praedesti·

82 1015 192 1075 natam
215 1013 392 1098 tamqnam
415 1026 521 1073 causa
548 1003 660 1093 ipsius
677 1003 834 1093 gratiam
856 1004 1020 1074 videlicet
1035 1007 1159 1076 merita
1172 1007 1248 1076 Ori-

82 1115 293 1204 genistarum
316 1113 353 1181 in
378 1110 651 1201 praeexistentia
675 1111 881 1195 animarum,
909 1112 1248 1203 meritaPelagiano-

80 1247 151 1292 rum
175 1221 366 1305 naturalia,
382 1219 507 1288 merita
521 1217 890 1308 Semipelagianorum‚
905 1243 992 1312 quae
1012 1221 1248 1292 conditionate

81 1331 197 1398 futura
220 1329 443 1418 fingebantur
467 1325 591 1394 mereri
614 1325 766 1414 gratiam
780 1331 909 1416 (supra
923 1352 957 1417 p.
971 1327 1086 1412 ma).
1105 1333 1134 1414 c)
1146 1327 1249 1399 Sicut

80 1435 423 1528 praedestinationem
439 1432 637 1502 considerat
653 1432 688 1499 S.
709 1431 860 1500 Thomas
875 1433 912 1500 in
928 1434 1085 1502 omnibns
1101 1436 1243 1524 gratiis,

80 1545 200 1638 quibas
231 1544 325 1613 Dens
354 1541 523 1610 homiuem
556 1531 791 1632 perducit'ad
823 1541 934 1610 vitam
964 1551 1159 1628 aeternam;
1194 1543 1247 1610 ita

78 1657 206 1743 spectat
232 1651 269 1718 in
293 1647 533 1740 reprobatione
555 1671 598 1716 ex
621 1653 722 1738 parte
752 1648 818 1718 Dei
848 1649 936 1734 duo,
971 1649 1246 1740 reprobationem

80 1758 269 1828 formaliter
281 1758 409 1826 dictam
422 1755 558 1825 seilicet
571 1754 837 1825 destinationem
849 1756 893 1825 ad
902 1778 1045 1848 poenam
1057 1763 1244 1843 aeternam,

79 1875 110 1935 et
139 1865 399 1965 permissionem
428 1869 648 1954 peccatorum
677 1885 745 1930 non
778 1885 860 1932 sane
889 1870 1066 1955 tamquam
1098 1865 1246 1934 medium

77 1975 187 2043 aDeo
211 1972 411 2042 ordinatum
434 1970 479 2040 ad
496 1970 667 2039 bominem
695 1971 951 2060 perducendum
980 1971 1018 2039 in
1042 1971 1244 2059 interitum,

79 2083 132 2151 sed
148 2087 323 2173 quatenns
338 2077 497 2146 absolute
513 2085 629 2167 posset
649 2079 743 2148 Deus
770 2079 914 2164 efficere,
945 2087 986 2148 ut
1010 2086 1152 2170 peecata
1178 2105 1246 2150 non

77 2188 196 2257 fierent
219 2185 288 2274 (1);
314 2191 350 2254 et
372 2185 403 2252 si
425 2191 568 2274 peccata
590 2207 658 2254 non
674 2185 809 2270 fierent,
828 2185 1026 2275 reprobatio
1050 2187 1246 2258 formaliter

77 2296 168 2366 diota
183 2319 251 2363 non
268 2299 483 2384 sequeretur.
505 2321 521 2356 a
541 2291 643 2362 Sicut
659 2293 932 2383 praedestinatio
948 2293 1100 2364 includit
1124 2295 1246 2366 volun·

77 2411 178 2472 tatem
195 2399 396 2472 conferendi
412 2400 564 2489 gratiam
582 2409 617 2468 et
633 2401 795 2490 gloriam3
813 2402 867 2470 ita
880 2403 1079 2492 reprobatio
1094 2403 1247 2474 includit

78 2511 288 2581 voluntatem
296 2507 520 2599 permittendi
534 2508 685 2602 aliquem
696 2511 817 2580 cadere
826 2511 861 2580 in
876 2511 1013 2600 culpam
1024 2520 1060 2580 et
1071 2511 1246 2580 inferendi
1288 2501 1294 2522 '

77 2615 305 2685 damnationis
317 2635 458 2704 poenam
475 2636 537 2704 pro
552 2615 656 2704 culpa
675 2642 690 2678 r
709 2615 794 2684 ibid.
814 2625 847 2683 a'.
862 2615 895 2684 a.
911 2617 1120 2706 Reprobatio
1132 2617 1245 2706 igitur

75 2731 147 2794 tota
168 2732 223 2795 est
247 2723 443 2792 voluntatis
466 2724 728 2815 consequentis3
754 2724 978 2794 antecedente
1001 2726 1093 2794 enim
1124 2725 1244 2793 volun·

75 2839 144 2902 tate
167 2831 249 2902 vult
270 2831 366 2899 Deus
388 2851 504 2898 omnes
520 2830 677 2898 homines
693 2829 810 2900 salvos
827 2831 904 2901 fieri
921 2832 984 2920 (2).
1003 2831 1244 2902 Praedestina·

74 2941 121 3009 tio
143 2939 309 3030 supponit
340 2937 556 3007 voluntatem
588 2938 846 3010 antecedentem
877 2940 1168 3025 conditionatam,
1205 2947 1246 3012 ut

75 3069 187 3118 omnes
210 3046 303 3116 salvi
319 3045 418 3134 dant;
437 3046 496 3115 sed
512 3045 665 3116 includit
681 3046 898 3116 voluntatem
915 3048 1110 3118 absolutam
1127 3070 1243 3118 conse·

75 3165 245 3247 quantem,
264 3175 333 3246 qna
356 3154 450 3222 Dens
473 3153 555 3222 vult
577 3176 645 3222 non
669 3154 767 3222 modo
790 3155 942 3244 gratiam
966 3155 1245 3246 praevenientem

75 3263 129 3332 sed
160 3263 309 3331 liberum
340 3261 501 3330 effectum
531 3260 688 3351 gratiae,
716 3260 852 3332 seilicet
875 3263 1036 3334 meritum
1061 3264 1185 3332 bonnm
1208 3270 1245 3334 et

75 3367 363 3458 perseverantiam
379 3367 417 3436 in
434 3367 520 3436 bono
533 3373 569 3436 et
580 3373 722 3459 propter
738 3371 901 3440 meritum
918 3391 1077 3440 coronam
1092 3370 1240 3462 gloriae:

77 3476 144 3544 uia
167 3474 351 3546 intellectu
373 3475 704 3566 praedestinationis
726 3476 925 3549 includitur
947 3479 1106 3548 rolrtrtoe
1134 3503 1242 3549 conae·

75 3605 176 3670 paens
199 3604 287 3672 quae
304 3583 446 3670 respicit
470 3604 615 3670 opera...
631 3584 720 3650 sicut
734 3608 869 3652 carosam
881 3588 1093 3654 meritoriam
1107 3587 1244 3676 pieriae

76 3701 105 3752 et
130 3691 218 3756 sicut
240 3691 539 3776 praeparationem
565 3689 611 3756 od
635 3693 790 3778 praciam
816 3719 833 3754 r
853 3694 1174 3782 (praeparationem
1198 3694 1242 3764 ad

76 3796 223 3884 gratiam
247 3793 507 3880 iustificantem,
533 3819 596 3888 per
618 3795 766 3868 liberum
797 3821 997 3868 eonsensum
1030 3801 1094 3868 sub
1126 3799 1244 3888 gratia

75 3903 226 3989 actuali)
245 3901 276 3971 1.
292 3902 376 3972 dist.
388 3902 445 3971 41.
462 3929 495 3996 q.
512 3904 543 3973 1.
559 3926 592 3973 a.
609 3905 642 3972 3.
656 3905 701 3974 ad
714 3907 746 3994 ὃς
769 3927 863 3974 onec
878 3905 1152 3997 praedestinatio
1168 3907 1242 3976 frn-

76 4009 179 4078 strari
201 4015 328 4101 potest,
354 4011 439 4101 quio
448 4014 656 4099 praescitum
669 4027 718 4079 est
731 4037 752 4078 o
764 4012 847 4094 Deo,
864 4013 955 4104 qnod
978 4014 1043 4080 iste
1060 4013 1127 4080 tali
1138 4035 1244 4080 caasa

76 4129 104 4180 et
127 4118 195 4186 tali
218 4116 541 4186 ordineealoaditnr
559 4145 575 4182 c
595 4119 643 4188 ib.
660 4141 693 4188 a.
707 4120 741 4208 43
758 4150 774 4185 ιι
789 4115 1063 4210 praedestinatio
1074 4145 1238 4212 praesup-

137 4277 179 4355 (1)
197 4281 270 4336 Vide
289 4281 323 4336 da
342 4283 529 4350 permleslone
548 4283 601 4338 Del
620 4285 663 4338 tn.
675 4283 780 4339 xn111.
797 4299 826 4337 n.
837 4284 878 4337 11.

77 4457 116 4513 ibt
135 4367 268 4516 {mpla
281 4375 357 4427 cont.
371 4375 449 4438 gent·
464 4373 518 4428 111.
534 4371 595 4427 lte.
608 4375 694 4443 paulo
714 4371 855 4442 superine,
872 4375 901 4426 st
914 4373 1079 4429 testimonla
1098 4373 1241 4430 alleluiis

214 4567 369 4620 Frumetr'a
1061 4569 1098 4622 tt
