3292 5062
536 375 575 387 -
598 342 653 402 171
678 375 716 388 -

58 469 161 516 versus
184 447 425 515 Eunomianos
460 449 740 516 constantissima
762 448 958 532 affirmant,
985 449 1094 517 Deum
1119 449 1156 516 in
1180 473 1216 518 00

56 559 116 645 ipso
137 577 270 646 suaque
296 556 494 625 substantia
519 579 582 624 nec
611 559 655 624 ab
685 557 821 646 angelis
851 579 914 626 nec
944 557 987 623 ab
1019 556 1216 626 hominibus

58 661 152 731 videri
177 685 303 752 posse;
322 663 383 730 sed
407 662 472 730 soli
495 663 563 730 sibi
586 663 679 752 ipsi,
706 664 807 732 Patri
831 669 867 730 et
888 663 982 730 Filio
1006 670 1042 733 et
1064 663 1217 752 Spiritui

55 771 162 838 Sancto
184 793 263 840 0000
289 771 642 860 comprehensibilem,
661 772 762 840 cuius
785 771 837 840 rei
853 772 1088 860 probationem
1100 795 1216 841 omnes

55 879 211 946 deducunt
226 901 272 946 ex
291 878 494 968 Scripturas
510 879 719 947 testimoniis
742 877 847 968 paulo
870 884 951 947 anta
973 879 1093 948 citatis
1108 879 1216 946 nomi-

54 987 212 1076 natimque
236 1011 284 1056 ex
307 986 370 1054 illo
393 986 444 1053 Io.
463 985 493 1054 I.
512 983 567 1054 18.
583 991 620 1054 01
643 984 840 1054 1.c0r.11.
860 985 914 1054 11.
934 987 1117 1054 Rationem
1134 1010 1216 1056 vero

55 1093 212 1178 adferunt,
235 1123 253 1157 a
274 1095 360 1186 qnia
383 1101 512 1161 natura
535 1093 646 1160 omnis
670 1098 789 1161 creata
804 1092 997 1162 increatum
1014 1094 1132 1162 videre
1148 1117 1216 1162 non

55 1207 149 1288 potest
165 1229 181 1262 a
200 1201 393 1290 Chrysost.
411 1201 461 1268 in.
478 1200 529 1268 Io.
544 1200 636 1267 hcm.
650 1201 729 1270 XV.
747 1200 806 1269 Ita
821 1201 945 1269 docent
961 1201 1130 1270 adversus
1145 1202 1216 1270 En-

56 1311 211 1378 nomianoa
236 1311 435 1400 Gregorius
458 1317 604 1401 uterque
619 1309 787 1378 Nazianz.
807 1316 843 1377 et
858 1309 892 1378 N
892 1331 1053 1399 yssenns,
1069 1317 1217 1402 uterque

58 1417 195 1503 cyn'llm
229 1427 269 1487 et
307 1419 455 1486 maxime
489 1418 759 1508 Chrysostomus
794 1419 890 1505 (vide
923 1420 1045 1488 Petav.
1077 1421 1119 1488 de
1144 1421 1217 1488 Deo

57 1523 163 1592 LVII.
181 1551 212 1595 c.
231 1529 300 1612 b.).
319 1527 377 1594 Ad
400 1526 523 1595 horum
546 1551 630 1596 vero
649 1527 837 1596 Doctorum
853 1535 1000 1596 mentem
1016 1527 1216 1616 intelligen-

59 1629 119 1696 dam
139 1633 206 1701 dno
228 1632 545 1701 animadvertenda
568 1641 661 1702 sunt.
680 1633 890 1714 Eunomiani
907 1633 974 1701 sibi
990 1635 1218 1702 vindicabant

58 1737 205 1824 imprimis
230 1738 467 1806 immediatam
491 1742 557 1808 Dei
579 1743 801 1807 intuitionem
823 1765 865 1811 ex
889 1741 964 1831 ipso
987 1741 1144 1810 naturali
1163 1742 1216 1809 ln-

60 1845 131 1913 nine
152 1849 324 1936 rationis;
349 1857 424 1918 tum
455 1873 538 1918 vero
572 1849 662 1918 hanc
693 1872 791 1918 suam
821 1851 1042 1919 intuitionem
1076 1856 1217 1939 propter

61 1951 303 2042 simplicitatem
339 1962 428 2024 entis
451 1959 566 2027 divini
597 1959 740 2026 aiebant
761 1981 834 2027 asse
857 1959 1048 2048 perfectam
1073 1979 1215 2045 compre-

62 2061 240 2147 hensionem,
267 2074 312 2134 01
335 2067 506 2156 superiori
530 2067 643 2156 capite
666 2089 688 2134 a
710 2067 809 2135 nobis
841 2067 1114 2136 demonstratum
1146 2071 1212 2133 001.

62 2165 328 2260 111000)Ρο1000
352 2176 414 2243 1011
438 2175 584 2264 1010010
608 2175 745 2264 angelis
769 2175 865 2243 0110
890 2175 982 2241 omni
1016 2180 1134 2242 creato
1164 2173 1216 2240 in-

63 2277 184 2348 tellectu
207 2283 370 2351 absoluta
398 2282 535 2374 quidem
566 2284 742 2372 negabant
772 2283 1093 2370 comprehensionem
1124 2282 1215 2348 Dei>

65 2385 168 2455 saliis
189 2389 428 2458 locutionibus
452 2413 540 2481 qnae
563 2391 789 2459 excluderent
810 2413 878 2457 non
901 2391 1017 2458 minus
1040 2389 1138 2456 illam
1155 2393 1216 2455 im·

64 2493 221 2562 mediarum
252 2500 440 2578 visionem,
465 2521 568 2590 qnam
599 2499 802 2566 asserebant
829 2497 1020 2580 haeretici,
1047 2495 1215 2564 visionem

66 2600 176 2670 00111001
196 2607 404 2672 naturalem.
424 2606 612 2696 Propterea
628 2611 659 2691 β)
676 2607 799 2674 Ρο1000
821 2605 926 2674 iidem
949 2628 1017 2672 non
1040 2605 1217 2692 negabant

67 2709 177 2796 quidem
199 2713 339 2802 angelis
361 2735 402 2781 ac
426 2714 537 2782 beatis
561 2713 758 2782 hominibus
781 2713 949 2781 visionem
967 2712 1213 2795 immediatam,

68 2816 110 2884 sed
122 2817 203 2887 hanc
219 2819 363 2889 aiebant
378 2843 453 2889 0000
471 2850 488 2884 a
505 2843 567 2910 per
591 2820 763 2912 quandam
780 2819 845 2888 Dei
861 2817 1180 2888 condescensionem
1195 2845 1211 2879 n

71 2917 288 3011 ’1000001000
316 2927 499 3016 chrysost.
519 2950 570 2995 or.
598 2927 667 2994 III.
694 2927 736 2996 da
767 2925 1081 3016 Incomprehens.),
1111 2931 1216 3015 atque

68 3049 121 3097 esse
140 3056 197 3122 per
219 3037 437 3125 singularem
457 3064 473 3098 0
491 3034 771 3103 coniunctionem
787 3057 863 3103 cum
880 3035 963 3118 Deo,
982 3039 1018 3102 et
1034 3033 1124 3124 quod
1140 3039 1216 3100 1010

71 3136 126 3206 elus
143 3141 268 3214 lumina
297 3145 556 3214 collustrantur
580 3138 643 3234 (δια
668 3164 700 3206 το
727 3139 854 3209 minoem
880 3142 953 3206 ἐιναι
981 3141 1055 3204 &coc
1080 3163 1131 3202 και
1158 3139 1216 3227 ὅλῳ

71 3263 98 3326 *t
116 3267 177 3334 Ῠωῐῑ
193 3249 452 3334 καταλαμπεσὲαι
472 3253 640 3322 Nazianz.
660 3274 710 3319 or.
722 3251 807 3336 34.);
826 3251 978 3341 adeoque
994 3272 1036 3317 ex
1050 3248 1215 3316 Patribus

72 3348 171 3422 eisdem
192 3359 326 3427 censeri
348 3360 450 3428 debet
471 3361 578 3445 Dens,
594 3359 655 3451 qni
679 3358 814 3427 viribus
838 3367 974 3426 creatae
991 3362 1140 3424 naturae
1162 3361 1217 3423 est

71 3453 242 3550 invisibilia,
269 3489 344 3535 sese
367 3467 511 3536 reddere
533 3467 708 3536 visibilem
732 3488 799 3534 non
822 3464 893 3532 nisi
926 3487 986 3554 per
1017 3463 1135 3532 lumen
1159 3485 1214 3530 su·

74 3573 279 3648 pematurala.
1211 3639 1223 3676 ¹

123 3675 300 3758 1111100010
322 3704 363 3751 ac
387 3688 568 3773 propterea
590 3681 697 3750 etiam
721 3681 852 3749 clarius
876 3680 1000 3748 Patres
1024 3677 1088 3746 alii
1104 3677 1215 3767 expli·
1252 3677 1256 3686 '

75 3787 136 3848 an
153 3781 234 3856 hanc
255 3789 544 3858 invisibilitatem
566 3789 644 3874 Dei,
666 3788 808 3880 eiusque
831 3788 1007 3878 propriam
1030 3785 1212 3854 rationem.

76 3879 271 3964 Conciderant
293 3897 458 3965 nimirum
473 3897 696 3966 eminentiam
718 3896 784 3964 Dei
807 3895 997 3963 secundum
1012 3916 1113 3961 snum
1129 3891 1235 3960 Esse'

77 4005 282 4082 superomnia
305 4012 434 4091 creata,
460 4011 565 4097 atque
588 4027 630 4073 ex
653 4003 718 4072 hoc
750 4004 825 4094 ipro
857 4002 1034 4071 dedicunt
1065 4000 1214 4069 eminen-

81 4097 143 4169 510
162 4109 228 4178 0100
250 4113 438 4180 secundum
463 4111 800 4202 cognoscibilitatcm
823 4109 860 4176 in
891 4109 1035 4200 propria
1065 4109 1217 4178 essentia

81 4223 158 4294 slber
178 4237 302 4287 omnem
325 4218 541 4286 intellectum
562 4225 737 4288 creatum:
759 4245 775 4281 u
794 4217 844 4284 sic
860 4215 997 4284 excedit
1012 4239 1109 4284 omne
1126 4213 1216 4306 quod

85 4315 204 4401 10811000
225 4326 280 4394 vel
304 4347 425 4415 sapere
448 4349 641 4416 possumus,
663 4325 755 4394 sicut
778 4328 922 4412 superat
939 4345 1035 4392 omne
1052 4323 1143 4415 quod
1160 4345 1215 4390 00-

85 4437 140 4488 000
162 4453 175 4488 a
199 4429 362 4521 Fulgent.
379 4433 436 4501 ad·
454 4433 702 4502 Transimund.
722 4432 747 4498 l.
766 4431 816 4498 II.
835 4454 865 4498 0.
886 4429 918 4497 1.
936 4429 1056 4519 Ipsum
1088 4427 1214 4518 princi-
