3240 5064
526 379 564 394 -
585 346 644 408 211
668 377 705 390 -

45 457 177 542 finitum,
188 461 231 524 ut
244 453 385 523 infinite
397 451 642 544 cognoscibilis
654 450 806 519 essentia
815 449 880 518 Dei
892 449 1016 519 maiori
1027 471 1068 520 ac
1080 452 1204 522 maiori

43 565 221 632 intensione
246 563 409 652 cognosci
430 560 555 651 possit,
573 559 637 628 hoo
654 559 792 652 quidem
814 557 1035 628 verissimum
1051 564 1124 645 est,
1143 581 1203 650 sep

42 672 118 740 nihil
138 671 298 761 pertinet
318 670 364 752 ad
387 673 602 760 praesentem
625 667 871 758 quaestionem.

93 777 146 845 Ad
161 777 218 844 3·-
233 775 478 866 respondstur.
493 776 545 844 De
557 773 729 844 creaturis
740 772 966 863 possibilibus
981 773 1048 842 duo
1065 776 1202 846 omnino

41 887 165 953 diversa
187 883 445 953 consideranda
467 881 625 951 veniunt.
645 885 680 969 a)
696 879 861 950 Esseutia
883 879 1007 950 divine
1030 889 1202 974 quatenus

41 991 210 1062 imitabilis
234 991 283 1060 ad
305 996 408 1060 extra
438 989 577 1058 entibus
608 995 644 1058 ct
673 987 947 1078 perfectionibus
977 990 1123 1076 creatis,
1148 997 1204 1060 est

41 1101 294 1169 tundamentum
316 1103 353 1167 et
375 1119 536 1188 suprema
557 1118 679 1166 norma
702 1096 853 1164 omnium
876 1095 1108 1185 possibilium.
1128 1099 1202 1168 Sub

41 1206 93 1276 bac
117 1206 263 1275 formali
290 1205 425 1274 ratione
452 1211 489 1273 et
512 1205 576 1272 sub
603 1203 667 1272 hoc
693 1208 852 1293 respectu
876 1203 1130 1272 imitabilitatis
1156 1206 1201 1274 cd

39 1321 123 1381 extra
137 1313 262 1382 eadem
278 1312 431 1382 essentia
442 1316 558 1402 potest
572 1311 643 1381 dici
655 1311 734 1378 idea
746 1311 913 1378 otieoticc
925 1316 962 1380 et
975 1335 1044 1379 csse
1055 1315 1202 1382 eminens

40 1427 283 1490 creaturarum.
301 1419 427 1510 Itaque
443 1424 623 1487 creaturae
638 1439 668 1486 e.
689 1441 725 1506 g.
743 1416 862 1506 angeli
882 1417 941 1486 vel
963 1416 1114 1488 hominis
1135 1443 1202 1488 cese

40 1528 230 1596 spinensis
255 1527 329 1595 Deo
350 1549 420 1595 nou
442 1531 497 1596 est
519 1549 586 1592 csse
607 1525 805 1614 angelicum
829 1524 887 1593 vel
909 1523 1110 1612 humanum,
1136 1551 1201 1600 uso

39 1657 92 1700 ses
111 1634 265 1704 creabile
289 1638 353 1703 aut
374 1639 541 1720 creatum
567 1631 626 1702 sed
648 1638 703 1700 est
724 1633 874 1722 ipsamet
895 1632 1018 1702 divina
1047 1637 1200 1706 essentia

41 1739 92 1806 sub
110 1759 149 1806 ea
171 1737 320 1807 formali
350 1735 505 1822 ustione,
531 1741 703 1828 quatenus
732 1735 901 1826 perfectio
932 1737 1055 1806 divina
1084 1745 1202 1828 potest

41 1845 227 1913 adumbrari
263 1865 326 1934 per
360 1866 427 1910 esse
460 1843 657 1932 angelicum
683 1849 747 1911 aut
773 1842 974 1929 humanum,
1001 1844 1092 1936 quod
1119 1853 1200 1918 aute

42 1953 234 2022 erectionem
260 1953 299 2020 in
322 1973 359 2020 ss
374 1950 466 2020 nihil
496 1957 551 2020 est
573 1957 667 2036 actu,
697 1950 757 2020 sed
788 1956 842 2020 est
868 1951 1029 2021 creabile.
1047 1953 1086 2022 Si
1117 1978 1200 2025 vero

41 2067 171 2147 creatur,
185 2065 244 2130 est
259 2058 383 2152 utique
398 2059 569 2152 quoddam
584 2083 652 2126 esse
666 2058 816 2146 actuale,
830 2058 890 2128 sed
906 2064 982 2129 tota
994 2061 1049 2130 sui
1060 2064 1200 2134 ratione

43 2166 200 2238 diversum
233 2167 280 2235 ab
301 2167 390 2234 Esse
420 2165 541 2236 divino
569 2171 605 2236 et
634 2165 741 2233 huius
768 2164 883 2235 divini
914 2165 1003 2234 Esse
1031 2191 1099 2238 non
1129 2171 1199 2241 uisi

42 2274 141 2366 aliqua
161 2273 400 2345 adumbratio.
424 2272 524 2342 Unde
548 2274 581 2359 t)
604 2271 786 2363 possibilia
808 2280 954 2364 possunt
987 2279 1200 2350 considerari

43 2381 91 2450 boc
111 2384 220 2453 altero
244 2383 345 2452 modo
368 2381 405 2449 in
428 2381 575 2473 seipsis
598 2381 786 2451 secundum
808 2382 923 2472 ipsum
948 2407 1016 2452 esse
1035 2387 1196 2474 creabile,

44 2489 115 2578 quod
135 2491 290 2584 quidem,
315 2496 358 2558 ut
379 2488 544 2572 diximus,
570 2492 651 2558 actu
673 2511 741 2556 non
764 2493 829 2577 est;
855 2489 914 2559 sed
938 2497 1031 2560 esset
1052 2493 1199 2564 realitas

46 2603 152 2684 cruta,
178 2599 211 2668 si
234 2619 259 2666 c
281 2598 354 2666 Deo
376 2597 639 2688 produceretur.

93 2705 193 2776 Hisce
216 2706 365 2797 positis,
391 2705 451 2798 qui
477 2705 662 2774 intuentur
689 2703 845 2774 divinem
868 2703 1071 2792 essentiam,
1098 2713 1139 2777 ut
1161 2709 1198 2781 in

46 2832 71 2879 se
83 2817 139 2899 est,
153 2815 229 2883 sine
241 2812 348 2882 dubio
360 2813 483 2882 vident
493 2835 569 2881 eam
580 2816 755 2903 nmquam
767 2811 1030 2882 fundamentum
1046 2815 1198 2886 omnium

47 2919 244 3006 possibilium
274 2919 339 3004 ita,
370 2925 413 2988 ut
442 2918 610 3011 quidquid
640 2918 866 3009 perfectionis
896 2920 1065 3010 analogcs
1098 2929 1200 2993 extra

47 3024 133 3095 Deum
154 3051 231 3098 esse
255 3031 388 3118 potest,
413 3027 559 3096 videant
580 3049 647 3095 non
677 3048 776 3116 posse
806 3049 880 3096 esse
910 3024 980 3096 nisi
1010 3031 1197 3102 secundum

49 3131 125 3202 illem
145 3135 333 3207 essentiam
355 3141 532 3228 tamquam
554 3155 708 3204 normam
731 3139 768 3204 et
791 3155 931 3204 causum
955 3139 1195 3230 exemplarem,

49 3239 80 3306 ab
97 3241 155 3311 illa
176 3249 357 3334 temqucm
372 3263 478 3312 causa
491 3241 671 3328 efficiente,
690 3241 733 3311 ad
749 3241 847 3309 illem
865 3245 1041 3336 tamquam
1058 3267 1198 3315 causam

49 3345 175 3439 finalem3
200 3355 308 3444 etque
329 3351 384 3419 ita
406 3351 511 3420 etiam
536 3371 610 3418 eam
633 3349 756 3420 vident
777 3355 952 3442 tamquam
969 3376 1036 3420 esee
1051 3357 1197 3422 eminens

50 3461 269 3527 creaturarum
296 3455 524 3546 possibilium.
542 3457 594 3525 At
622 3456 713 3542 inde,
742 3457 832 3550 quod
857 3458 980 3528 vident
1002 3461 1091 3528 Esse
1113 3460 1198 3529 dici·
1235 3524 1241 3544 ,

51 3585 129 3646 sem,
151 3571 191 3634 ut
213 3564 254 3632 in
276 3585 313 3633 se
342 3569 414 3648 est,
440 3563 643 3633 nullatenus
673 3564 914 3657 consequitur,
940 3568 984 3635 eb
1012 3568 1062 3636 cis
1091 3569 1198 3638 etism

51 3667 142 3738 uideri
161 3676 276 3740 totum
300 3695 367 3740 esee
382 3673 551 3761 possibile
572 3695 630 3739 sec
652 3673 817 3754 creabile,
842 3675 933 3766 quod
956 3676 999 3744 ab
1028 3677 1090 3745 illo
1122 3684 1198 3748 tota

52 3777 95 3844 sui
111 3781 241 3852 ratione
257 3780 437 3850 diversum
451 3785 517 3868 est;
536 3803 597 3850 sen
611 3786 652 3850 ut
666 3781 756 3850 idem
779 3782 935 3852 dicamus
959 3785 1040 3853 eliis
1063 3787 1195 3873 verbis,

53 3904 84 3951 er
101 3909 145 3973 so,
167 3889 259 3983 quod
282 3887 405 3959 vident
427 3888 583 3959 divinam
605 3890 790 3958 essentiam
815 3890 852 3957 in
875 3890 1096 3962 indefinitum
1119 3895 1196 3963 imi-

54 3991 170 4063 tabilem
190 3996 235 4066 sd
257 4001 371 4081 extra,
397 4019 465 4064 non
487 3995 724 4088 consequitur,
750 3996 865 4066 videri
887 3999 930 4066 ab
954 3999 1003 4068 eis
1032 3999 1198 4071 distincte

56 4101 147 4170 omnis
168 4105 275 4191 entis,
293 4105 421 4196 quibus
443 4109 497 4175 est
518 4104 714 4174 imitabilis.
728 4104 858 4174 Verum
874 4105 1012 4198 quidem
1028 4113 1094 4194 est,
1112 4107 1198 4178 haec

58 4208 147 4276 onds
164 4233 237 4281 esse
258 4211 299 4282 in
321 4211 444 4282 divina
466 4212 617 4282 essentis
646 4213 912 4302 cognoscibilia;
938 4219 977 4282 st
998 4215 1052 4284 ita
1074 4237 1196 4306 cogno-

59 4311 169 4386 scibilia
188 4341 255 4389 non
279 4324 363 4388 sunt
384 4319 454 4388 nisi
480 4319 525 4406 ei,
551 4320 611 4412 qui
628 4319 784 4390 divinam
806 4321 990 4392 essentiam
1006 4325 1193 4413 cognoscit,

60 4429 196 4506 quntum
217 4433 272 4499 est
295 4427 550 4518 cognoscibilis,
576 4429 613 4499 h.
630 4450 661 4499 e.
678 4449 753 4500 esm
777 4428 1037 4522 comprehendit.
