3224 5068
520 373 557 386 -
578 341 640 401 237
660 372 697 386 -

41 451 107 516 rius
122 453 267 518 naturae
282 446 444 516 infinitae
459 469 481 513 a
497 469 532 516 se
548 447 748 516 distinctae:
767 447 808 516 da
825 450 972 537 utroque
988 467 1071 534 ergo
1083 447 1194 512 totam

40 557 251 646 perfectionis
272 553 523 646 plenitudinem
539 555 691 624 affirmas
708 553 813 622 simul
829 559 866 623 et
881 575 1000 642 negas3
1022 581 1038 616 u
1056 557 1194 620 tantum

37 665 132 746 enim,
158 663 188 730 si
209 663 260 730 dii
283 663 402 753 plures
425 669 520 748 sunt,
535 661 688 752 siugulis
705 663 817 732 deerit
834 662 1051 754 quantumin
1066 661 1194 732 ceteris

40 771 140 838 luerit
157 797 174 832 c
190 770 352 838 monne.
370 769 492 838 Iustit.
511 767 536 836 l.
556 770 585 836 I.
605 793 635 838 o.
654 770 687 837 3.
711 769 832 859 Igitur
850 797 866 834 c
894 768 926 836 si
957 776 1059 838 extra
1094 767 1195 834 illum

37 883 82 944 est
101 877 238 968 aliquid
260 875 473 963 (ahsolutum
492 877 536 944 ab
552 899 591 945 eo
607 900 674 944 uon
691 876 856 967 pendens)
872 879 940 944 iam
957 898 1026 944 uon
1042 875 1195 962 omnium

38 991 83 1051 est
104 985 267 1073 pleroma,
292 1007 403 1076 neque
426 985 582 1054 continet
605 985 729 1070 omuia;
745 984 857 1054 deerit
879 984 970 1054 enim
993 981 1191 1073 pleromati,

38 1101 92 1161 snt
112 1093 143 1161 ei
168 1093 229 1184 qui
252 1093 301 1162 sit
323 1116 432 1182 supra
453 1092 568 1160 omnia
590 1093 682 1177 Deo,
707 1092 772 1162 hoc
796 1091 886 1183 quod
909 1098 1011 1160 extra
1033 1113 1111 1160 eum
1142 1089 1194 1158 di·

37 1208 120 1269 cunt.
139 1202 242 1284 Quod
264 1207 382 1270 sutem
405 1201 503 1270 deest
525 1200 564 1288 (i.
583 1223 613 1268 e.
633 1201 689 1270 oui
713 1200 848 1292 aliquid
872 1200 983 1286 deest)
1007 1203 1072 1266 aut
1108 1196 1194 1266 deli·

38 1311 143 1378 batum
165 1316 221 1378 est
242 1309 287 1376 ab
309 1308 439 1401 aliquo,
458 1309 522 1378 hoo
545 1332 613 1378 non
636 1315 691 1378 est
712 1308 864 1378 omnium
892 1308 1046 1398 pleroma
1062 1331 1079 1368 n
1097 1304 1191 1372 Iren.

36 1419 113 1488 1.11.
132 1443 162 1488 c.
183 1421 216 1488 l.
234 1444 270 1488 n.
288 1419 322 1488 2.
341 1420 414 1488 Hoc
439 1419 553 1510 ipsum
575 1420 751 1509 expressit
767 1418 936 1489 Boethius
952 1419 1010 1505 (de
1025 1419 1192 1490 consolat.

40 1527 113 1617 phil.
131 1529 157 1597 l.
174 1529 245 1597 111.
264 1550 366 1620 prosa
381 1527 454 1612 10.)
472 1528 588 1598 verbis
611 1528 656 1596 ad
671 1527 723 1596 rei
739 1528 950 1598 evidentiam
967 1527 1195 1618 detegendam

39 1637 232 1727 aptissimis:
254 1666 270 1702 c
289 1659 377 1730 quae
399 1637 600 1728 discrepant
616 1639 722 1722 bona,
740 1660 809 1706 non
832 1659 907 1706 esse
930 1637 1081 1706 alterum
1105 1637 1195 1728 quod

41 1747 80 1812 sit
98 1745 247 1814 alterum
269 1746 394 1838 liquet,
420 1769 527 1838 quare
550 1753 713 1816 neutrum
738 1745 867 1836 poterit
889 1769 963 1816 esse
987 1747 1192 1836 perfectum,

42 1875 105 1922 cnm
126 1852 297 1922 alterutri
321 1853 470 1922 alterum
493 1852 638 1922 deest.»

97 1960 162 2029 Est
184 1961 273 2029 haec
295 1960 421 2028 intima
443 1961 547 2045 ratio,
573 1983 637 2030 cur
666 1959 808 2030 divinae
831 1961 1002 2030 essentiae
1025 1959 1196 2050 multipli-

44 2067 118 2136 catio
139 2074 327 2159 repugnet,
346 2058 458 2159 'atque
482 2067 566 2136 adeo
589 2090 652 2136 cur
674 2067 749 2136 eius
773 2068 894 2136 unitas
910 2089 978 2136 non
995 2067 1055 2152 sit,
1080 2067 1196 2158 qualis

44 2181 85 2242 est
103 2176 222 2245 unitas
244 2176 282 2243 in
305 2197 458 2262 numero;
486 2176 546 2245 sed
570 2175 619 2242 sit
642 2195 748 2265 supra
773 2175 943 2244 unitatem
967 2174 1062 2258 (vide
1097 2196 1197 2264 supe·

44 2287 103 2356 rius
122 2287 280 2377 p.168.).
300 2285 399 2354 Unde
415 2285 446 2353 si
461 2287 540 2377 quis
563 2291 720 2355 attentus
743 2285 947 2376 inspexerit,
970 2285 1110 2354 ‚videbit
1133 2283 1196 2353 hoo

44 2401 273 2482 argumentum
296 2392 352 2460 vel
376 2391 524 2482 supponi
548 2392 604 2461 vel
628 2392 796 2482 implicite
812 2392 983 2462 contineri
1007 2393 1045 2459 in
1069 2392 1195 2461 ceteris

46 2502 196 2587 omnibns,
224 2502 351 2593 quibus
373 2501 440 2568 PP.
458 2523 500 2569 ex
526 2501 602 2592 ipsa
625 2501 836 2592 perfectione
859 2501 1000 2570 divinae
1023 2498 1196 2568 essentiae

45 2606 196 2676 mitatem
222 2607 287 2676 Dei
310 2607 545 2676 demonstrare
568 2607 692 2692 solent,
711 2615 797 2696 puta
820 2608 922 2699 quod,
942 2607 973 2674 si
989 2607 1057 2675 duo
1081 2613 1196 2674 essent

45 2711 91 2780 Dii
110 2716 286 2804 pluresve,
312 2715 433 2784 nullus
455 2721 547 2784 esset
581 2737 735 2783 summus
751 2715 824 2802 (1);
844 2712 934 2806 quod
964 2712 1068 2782 nulla
1101 2712 1195 2781 iuter

46 2821 144 2909 plures
157 2830 280 2915 posset
301 2845 376 2893 esse
399 2823 599 2893 differentia
616 2824 789 2916 (2);1qu0d
813 2824 933 2914 pluras
948 2823 1008 2892 Dii
1025 2821 1195 2912 superflui

47 2937 159 3016 essent,
186 2955 267 3000 cum
291 2953 382 2999 unus
409 2931 560 3000 sufficiat
582 2929 644 3018 (3).
664 2931 752 2999 Item
783 2931 843 2999 ubi
867 2930 1040 2998 unitatem
1064 2929 1198 2998 demon-

47 3043 142 3107 strant
162 3061 207 3108 ax
230 3037 366 3108 ratione
389 3039 482 3108 entis
505 3037 704 3123 necessarii,
724 3038 787 3108 hoc
810 3038 925 3130 ipsum
952 3043 1195 3128 argumentum

47 3165 78 3210 er
98 3147 310 3236 plenitudine
333 3147 559 3237 perfectiouis
581 3146 767 3216 deductum
791 3153 845 3216 est
868 3147 973 3216 medii
997 3147 1110 3214 instar
1126 3152 1195 3214 ter·

49 3252 135 3342 mini;
166 3278 212 3324 ex
248 3254 453 3324 necessitate
487 3255 578 3323 enim
612 3255 784 3324 existendi
816 3254 989 3343 colligunt
1014 3253 1196 3344 perfectio·

48 3359 91 3428 nis
109 3363 357 3453 plenitudinem
380 3371 416 3432 et
437 3389 480 3433 ex
503 3363 569 3433 hac
593 3365 776 3448 unitatem,
803 3363 861 3432 cui
885 3364 996 3432 omnis
1023 3362 1194 3452 multipli-

49 3471 124 3538 catio
153 3477 376 3562 repugnata
406 3471 513 3540 Porro
548 3478 686 3555 autem,
713 3471 765 3538 ita
799 3471 840 3539 de
875 3492 939 3538 sua
975 3469 1196 3560 philosophie

51 3577 154 3647 scribit
167 3577 332 3648 Hilarius
347 3579 404 3664 (de
418 3579 517 3648 Tria.
536 3579 567 3648 1.
586 3603 621 3647 n.
642 3579 706 3666 4.),
723 3579 881 3647 divinum
897 3583 933 3646 et
948 3583 1127 3648 aeternum
1144 3578 1196 3646 ni-

52 3679 92 3750 hil
110 3687 173 3755 nisi
196 3709 304 3756 uuum
331 3707 404 3756 esse
427 3693 462 3756 et
484 3687 688 3756 indifferens
719 3709 781 3776 pro
814 3693 908 3756 certo
943 3686 1092 3756 habebat
1121 3690 1196 3754 ani·

53 3809 123 3875 uus,
146 3795 227 3885 quia
245 3793 294 3878 id,
313 3793 403 3883 quod
418 3793 485 3861 sibi
500 3793 546 3862 ad
561 3793 598 3862 id
614 3794 704 3885 quod
720 3799 821 3878 esset,
841 3799 963 3862 auctor
983 3799 1085 3877 esset,
1105 3793 1196 3860 nihil

53 3913 166 3970 necessa
176 3907 230 3969 est
246 3905 349 3968 extra
365 3923 412 3984 se,
428 3900 518 3991 quod
534 3899 589 3968 sui
605 3907 697 3968 esset
710 3900 961 3992 praestantius,
977 3899 1192 3992 reliquisset;

55 4009 137 4094 atque
157 4009 208 4078 ita
231 4009 514 4099 omnipotentiam
544 4013 581 4078 et
610 4010 853 4078 aeternitatem
883 4031 951 4078 uon
986 4008 1056 4076 nisi
1092 4031 1196 4098 penes

56 4131 283 4188 rannessa„

105 4257 141 4331 (1)
156 4265 410 4319 remissurus.
425 4267 450 4320 1.
465 4231 527 4331 aa
543 4265 646 4318 Norat.
661 4264 696 4317 de
715 4265 796 4319 urin.
811 4281 835 4320 c.
846 4266 873 4317 4.

108 4346 143 4420 (²)
158 4351 271 4421 (inger.
282 4354 369 4420 nyss.
383 4357 456 4408 orat.
470 4355 579 4408 catech.
595 4357 704 4423 prolog.

110 4435 144 4510 (³)
159 4443 278 4500 l'ertull.
293 4459 316 4500 o.
327 4445 413 4502 liare.
429 4445 453 4498 1.
468 4461 492 4499 c.
504 4445 531 4499 5.
