3292 5062
565 423 603 435 -
632 391 688 452 165
708 424 747 437 -

74 491 123 573 (ut
150 489 195 557 ab
222 489 469 579 Eunomianis)
483 496 658 565 naturalis
690 495 1051 586 comprehensibilitas
1080 496 1147 564 Dei
1176 519 1240 586 pro

71 593 248 666 intellectu
269 599 422 668 humano
445 601 542 688 (vide
565 625 673 694 supra
690 603 744 672 th.
754 603 830 688 X.),
845 602 940 671 Deus
963 608 1113 693 utroque
1136 625 1240 670 sensu

72 700 142 770 sive
164 703 303 775 viribus
326 708 548 778 naturalibus
571 711 753 796 intuitive,
768 710 844 778 sive
867 709 1074 799 simpliciter
1091 731 1241 798 compre-

72 807 232 896 bensive,
258 813 361 883 debet
382 813 453 884 dici
476 823 657 887 creaturae
682 817 888 887 invisibilis.
906 817 982 887 Hac
1013 815 1241 886 distinctione

73 923 109 983 ut
129 939 194 985 suo
216 917 291 988 loco
313 920 645 1010 demonstrabimus,
672 924 864 994 sententiae
886 923 1043 1015 plurium
1070 921 1240 1014 gravissi·

73 1045 200 1093 morum
223 1025 370 1096 Petrum
391 1037 549 1120 possunt,
564 1038 601 1100 et
623 1032 698 1102 sine
721 1031 787 1100 hae
810 1054 879 1099 non
897 1039 1045 1122 possunt
1059 1029 1242 1100 conciliari

73 1151 144 1198 eum
168 1131 331 1203 doctrina
355 1136 530 1208 catholica
552 1146 588 1208 et
610 1139 704 1209 inter
727 1161 763 1209 se
786 1139 948 1209 invicem.

133 1237 379 1321 Quaerendum
401 1265 485 1334 ergo
507 1249 563 1314 est
584 1245 625 1314 de
648 1244 897 1314 invisibilitate
920 1245 986 1314 Dei
1008 1268 1071 1336 pro
1103 1245 1241 1313 viribus

73 1347 292 1417 naturalibus
315 1358 508 1438 erecturus,
534 1353 575 1422 de
599 1377 667 1446 quo
689 1375 833 1444 agemus
855 1353 893 1421 in
916 1352 982 1422 hec
1004 1352 1110 1441 thesi;
1137 1353 1175 1420 in
1191 1375 1241 1420 se·

75 1457 255 1546 questibus
278 1459 403 1529 deinde
417 1459 572 1530 dicemus
587 1461 628 1530 de
644 1460 907 1554 supernaturali
920 1460 1092 1531 intuitiva
1107 1459 1242 1529 visione

73 1563 144 1652 Dei,
170 1591 216 1633 on
238 1569 308 1648 rin
334 1589 375 1638 ae
398 1575 475 1638 tum
498 1571 645 1663 denique
675 1593 768 1640 more
797 1577 936 1655 nostro,
962 1575 1132 1662 quantum
1164 1592 1241 1638 eon·

76 1697 202 1744 mesum
223 1683 299 1762 est,
324 1677 559 1769 inquiremus,
585 1677 747 1772 quomodo
772 1681 820 1746 sit
849 1678 934 1748 haec
963 1675 1243 1769 supernaturalis

77 1787 108 1850 et
127 1783 302 1853 intuitiva
324 1784 390 1854 Dei
421 1785 524 1856 visio.

136 1889 167 1960 Ι.
184 1892 295 1961 Deum
320 1894 494 1984 corporeis
518 1893 630 1963 oeulis
652 1917 725 1964 esse
759 1893 999 1978 invisibilem,
1025 1894 1149 1986 utique
1171 1899 1243 1962 tam

79 2018 115 2064 er
135 1999 349 2069 revelatione
373 2022 476 2092 quem
499 2000 658 2087 ratione,
684 2002 722 2069 in
745 2000 923 2091 theologia
945 2001 1087 2092 inquam
1109 2007 1146 2070 et
1168 1999 1244 2092 pbi-

79 2107 228 2198 losophia
250 2109 490 2179 indubitatum
513 2117 578 2180 est.
596 2111 718 2180 Potest
739 2109 969 2178 nihilominus
984 2107 1069 2178 haec
1085 2109 1162 2200 ipsa
1177 2108 1244 2178 Dei

79 2213 303 2286 invisibilitas
326 2217 478 2309 spectari
508 2217 643 2310 duplici
667 2217 807 2289 diverso
834 2215 945 2302 modo,
971 2217 1063 2309 quod
1078 2216 1244 2284 nimirum

82 2325 113 2407 a)
125 2324 218 2394 Deus
240 2347 283 2393 ex
300 2345 374 2393 sese
390 2345 459 2392 non
475 2324 525 2394 sit
539 2325 711 2394 obiectum
728 2323 1030 2416 proportionatum
1050 2323 1089 2391 in
1104 2344 1169 2392 sue
1183 2343 1243 2391 ne-

80 2433 154 2498 tnre
174 2431 390 2523 perceptioni
413 2455 588 2520 sensunm;
606 2430 664 2500 vel
692 2431 784 2523 quod
812 2431 845 2515 b)
862 2429 954 2500 sient
979 2429 1074 2499 Deus
1100 2437 1155 2500 est
1182 2453 1243 2520 pu-

82 2559 136 2606 rus
166 2539 315 2629 spiritus
338 2545 375 2609 et
408 2538 486 2608 ideo
521 2539 559 2608 in
591 2560 656 2608 sue
685 2544 813 2608 neture
845 2538 982 2607 omnino
1010 2559 1117 2628 supra
1154 2536 1241 2607 obie-

84 2651 168 2715 ctum
191 2670 378 2732 sensnum,
404 2647 457 2717 ita
479 2655 516 2717 et
538 2669 661 2718 sensus
691 2671 759 2717 non
781 2647 895 2739 possit
925 2645 1245 2738 supernaturaliter

83 2753 205 2824 elevari
239 2756 284 2826 ed
318 2755 570 2848 perceptionem
601 2755 796 2846 spiritalem
830 2761 935 2848 atque
966 2755 1020 2824 ita
1049 2755 1094 2823 ed
1124 2752 1244 2824 viden·

84 2859 157 2930 dum
186 2863 298 2932 Deum
333 2885 459 2954 purum
488 2863 651 2954 spiritum
681 2864 743 2951 (cf.
774 2861 904 2932 Suarez
928 2861 954 2930 1.
984 2861 1034 2930 II.
1053 2884 1083 2930 o.
1103 2861 1136 2929 6.
1154 2884 1189 2928 n.
1208 2858 1242 2928 d.

84 2975 196 3063 sequ).
213 2971 334 3040 Primo
357 2969 455 3040 modo
478 2971 636 3064 quaestio
652 2977 707 3040 est
720 2971 763 3040 de
778 2970 857 3062 ipse
871 2975 1002 3040 natura
1016 2968 1094 3055 Dei,
1112 2967 1245 3059 hocque

87 3097 178 3146 sensu
210 3083 283 3147 tam
307 3083 404 3147 certa
426 3085 481 3148 est
502 3078 567 3150 Dei
590 3077 823 3148 invisibilitas
854 3100 918 3168 pro
948 3075 1048 3147 oculo
1083 3097 1245 3166 corporeo

87 3207 178 3274 quam
192 3193 326 3258 eertum
342 3193 408 3274 est,
427 3188 538 3257 Deum
560 3209 634 3257 esse
650 3210 776 3278 purum
793 3186 970 3278 spiritum3
985 3191 1115 3254 nature
1129 3190 1245 3254 entem

88 3289 196 3362 divina
209 3295 466 3385 spiritualiter
482 3293 667 3386 principiis
679 3293 884 3364 christianis
897 3315 958 3384 per
974 3315 1011 3362 se
1027 3291 1245 3382 intelligitur

88 3403 118 3464 et
138 3399 288 3470 inferius
319 3423 382 3470 suo
408 3399 484 3470 loco
501 3399 808 3470 demonstrabitur.
830 3400 897 3470 Sed
921 3421 1025 3469 sensu
1044 3391 1155 3469 altero
1177 3421 1246 3467 uon

88 3507 147 3574 tem
168 3507 356 3599 quaeritur
386 3507 575 3577 denatura
596 3507 674 3592 Dei,
700 3529 789 3600 quae
812 3506 1022 3606 supponitur
1046 3503 1243 3595 spiritalis,

89 3631 177 3698 quam
199 3613 242 3684 de
264 3621 395 3683 natura
421 3636 482 3682 seu
505 3612 624 3705 potius
642 3613 684 3682 de
700 3613 856 3704 potentia
872 3611 1098 3683 obedientiali
1114 3616 1172 3700 (nt
1188 3632 1246 3680 vo-

13 3769 15 3776 .
90 3725 170 3808 eant)
182 3722 283 3792 visus
299 3721 466 3812 corporei,
481 3727 601 3791 utrum
617 3727 789 3812 repugnet
804 3721 963 3792 absolute
987 3721 1045 3792 vel
1060 3743 1129 3788 non
1145 3738 1246 3808 repn-

90 3837 161 3915 gnet
173 3831 249 3900 eius
265 3829 416 3901 elevatio
433 3829 478 3898 ed
493 3829 745 3920 perceptionem
768 3828 975 3920 spiritalem.
1002 3829 1091 3899 Vide
1115 3827 1152 3898 S.
1170 3825 1243 3894 Au-

91 3943 170 4021 gust.
187 3959 242 4028 ep.
261 3935 341 4005 147.
359 3935 404 4005 ed
418 3935 602 4006 Paulinam
618 3961 653 4006 u.
671 3937 728 4008 49.

143 4043 256 4113 Priori
278 4043 399 4135 itaque
414 4043 476 4113 illo
492 4067 596 4116 sensu
618 4043 852 4115 invisibilitas
872 4044 1014 4116 divinae
1029 4050 1178 4114 naturae
1195 4063 1247 4111 re·

92 4150 195 4220 velata
216 4151 417 4221 continetur
439 4156 514 4220 tum
537 4152 575 4220 in
597 4151 643 4221 iis
665 4151 752 4222 locis
776 4153 952 4236 omnibus,
980 4151 1041 4220 ubi
1067 4151 1162 4220 Deus
1196 4149 1247 4217 di·

94 4255 171 4325 eitur
191 4257 351 4349 spiritus,
368 4263 444 4327 tum
468 4257 586 4343 iniis,
612 4259 673 4326 ubi
696 4259 827 4328 diserte
850 4257 1053 4327 declaratur
1075 4257 1170 4325 Deus
1194 4253 1247 4321 in·

95 4361 241 4435 visibilis.
256 4367 393 4437 uDeum
404 4389 503 4436 nemo
515 4366 609 4438 vidit
621 4389 783 4460 umquam
797 4393 813 4428 n
827 4363 920 4433 10.1.
932 4364 988 4453 18;
1003 4367 1035 4433 1.
1046 4363 1098 4432 lo.
1113 4363 1176 4431 IV.
1189 4361 1245 4428 12.

96 4465 240 4542 timeus
271 4503 288 4538 ι
315 4474 432 4564 imago
465 4473 531 4542 Dei
564 4473 758 4544 invisibilis
786 4499 802 4538 r
838 4465 900 4561 (του
928 4473 1003 4537 θεον
1026 4495 1077 4537 του
1105 4464 1244 4560 oloparou)
