3224 5068
541 367 578 379 -
601 333 662 395 319
683 365 720 380 -

51 440 185 525 notione,
208 440 264 510 vel
281 445 322 510 ut
345 439 427 510 dnia
454 440 636 524 fruitione,
656 439 713 508 vel
729 445 771 507 ut
787 439 899 506 forma
914 437 970 506 eui
987 435 1212 506 eommunioa·

51 551 142 618 tione.

102 655 253 728 Notione
288 655 386 740 boni,
421 661 590 748 quantum
627 677 750 746 eropus
785 655 986 746 postulabat
1021 651 1210 736 declarata,

49 763 335 834 considerabimus
357 765 488 849 Deum,
513 771 590 833 tum
613 770 655 832 ut
676 771 731 833 est
754 765 878 832 bonurn
902 761 1079 832 infinitum
1102 762 1139 828 in
1163 785 1210 844 ee.

49 881 112 940 turn
127 879 168 942 ut
190 879 248 940 est
266 901 282 936 u
302 874 466 940 bonorum
495 873 631 956 bonum,
653 899 668 932 n
688 871 900 962 prinoipium
924 872 1065 963 inquam
1082 876 1118 938 et
1133 869 1215 938 finis

49 980 146 1049 omnia
171 981 267 1062 boni,
287 981 378 1073 quod
403 987 541 1070 praeter
564 981 678 1070 ipsum
701 1003 776 1050 ease
792 987 909 1070 potest
923 978 1161 1048 tantummodo
1178 981 1214 1048 in

49 1087 311 1178 participatione
327 1094 362 1157 et
377 1087 539 1156 absoluta
561 1087 792 1178 dependentia
808 1109 829 1154 a
845 1089 931 1155 bono
947 1085 1038 1180 quod
1055 1091 1111 1155 est
1124 1086 1212 1177 ipse:

104 1197 132 1264 I.
158 1197 252 1264 Eone
265 1203 302 1266 et
323 1199 725 1281 donumdonvortnntur,
747 1219 814 1264 erre
829 1197 920 1266 onim
938 1195 1090 1266 includit
1106 1197 1214 1264 ratio·

49 1327 114 1372 nem
136 1303 233 1389 boni,
259 1310 302 1372 ut
324 1327 365 1372 ex
390 1303 496 1374 diotia
519 1309 627 1394 petet.
646 1303 742 1394 Ergo
767 1306 878 1395 ipsum
903 1303 1100 1372 absolutum
1127 1303 1214 1370 ane

47 1435 81 1478 ex
102 1431 164 1480 sna
179 1411 336 1480 essentia
350 1417 406 1480 est
421 1411 584 1481 absoluta
600 1411 736 1481 bonitas
760 1435 821 1480 eeu
837 1411 929 1480 ratio
945 1410 1092 1502 perfecti
1108 1411 1145 1480 in
1163 1435 1210 1480 ee.

48 1519 250 1589 Distinotiue
266 1519 419 1610 apeoteri
434 1526 551 1611 potest
567 1521 651 1590 haee
666 1520 804 1588 bonitas
820 1519 885 1588 Dei
897 1519 934 1588 in
950 1541 987 1588 aa
1004 1519 1079 1609 ipso
1095 1541 1212 1588 seeun-

49 1625 117 1694 dum
139 1626 319 1716 triplicem
343 1626 497 1697 ordinem
522 1625 768 1716 ontologieum,
795 1625 970 1710 moralem,
997 1633 1032 1695 et
1060 1625 1159 1696 velut
1174 1624 1214 1692 fi-

50 1733 160 1802 nalem.
523 1741 530 1756 '

105 1841 148 1910 1⁰.
174 1841 273 1910 Deua
296 1845 351 1910 est
374 1841 451 1931 ipsa
475 1843 612 1910 bonitas
640 1843 841 1931 ontolopioe.
861 1841 946 1911 Cum
976 1843 1070 1911 Deua
1094 1841 1143 1910 ait
1172 1865 1214 1910 ox

50 1947 232 2018 intrinseca
258 1947 397 2016 ratione
425 1970 507 2017 auae
538 1949 709 2018 essentiae
738 1955 821 2018 antu
851 1948 1005 2018 existens
1035 1947 1216 2038 plenitudo

52 2056 148 2124 totins
164 2055 405 2147 perfeetionis,
420 2056 532 2127 nonai
548 2056 693 2125 advenit
712 2056 880 2146 perfectio
899 2056 1018 2148 eliqua
1036 2079 1097 2145 per
1113 2077 1215 2146 quam

51 2165 89 2232 sit
109 2165 230 2249 bonna,
261 2165 321 2233 sed
345 2165 460 2254 ipsum
483 2164 716 2234 necessarium
744 2165 832 2232 Eme
856 2170 910 2232 est
941 2169 1017 2233 tota
1047 2164 1215 2256 persentio

52 2273 238 2342 essentialia
266 2279 304 2341 et
333 2272 491 2342 absolute
528 2273 741 2358 necessaria,
771 2271 855 2364 quia
885 2279 941 2342 est
972 2273 1084 2364 ipsum
1113 2275 1211 2342 Erae.

52 2379 114 2448 Non
142 2403 230 2470 ergo
262 2387 317 2448 est
346 2380 464 2473 aliquo
495 2380 565 2448 alio
596 2382 724 2466 bouus3
759 2381 818 2450 aad
849 2389 903 2450 est
933 2381 1042 2450 bonne
1074 2403 1138 2451 sua
1164 2405 1215 2450 ea·

52 2489 162 2556 sentia:
187 2511 259 2558 non
284 2495 339 2557 eet
361 2489 470 2558 bonus
500 2489 597 2558 intra
627 2489 777 2581 aliquem
804 2489 957 2558 ordinem
988 2497 1025 2559 at
1051 2491 1212 2580 gradum,

53 2593 260 2689 ultraquam
284 2619 352 2664 non
376 2597 425 2666 sit
448 2598 569 2682 bonum
596 2597 655 2665 ned
678 2601 732 2665 ast
755 2598 864 2667 bonus
888 2597 1044 2666 absolute
1068 2602 1143 2666 tota
1160 2599 1215 2664 bo-

52 2704 160 2774 nilatis
175 2707 327 2776 ratione:
345 2728 413 2774 non
429 2705 576 2797 denique
593 2705 696 2774 habet
720 2705 908 2774 bonitatem
933 2705 1034 2796 quasi
1058 2705 1216 2774 andiden-

53 2821 119 2900 tem3
137 2815 193 2884 aad
219 2820 280 2883 oet
305 2813 383 2904 ipsa
398 2818 473 2882 tota
490 2813 636 2881 bonitas.
661 2813 811 2903 «Ipsum
828 2813 965 2896 bonnm,
984 2811 1038 2880 ait
1058 2803 1216 2881 ¹Clemenn

53 2919 139 2988 Alex.
158 2922 361 3010 Paedagog.
375 2920 401 2987 l.
417 2921 446 2986 Ι.
465 2945 494 2988 o.
512 2920 544 3004 8,
571 2943 638 2987 non
663 2919 796 2988 dieitur
813 2920 938 2996 bonurn
955 2941 1016 3009 per
1033 2919 1213 3005 virtutem,

54 3051 140 3117 quam
159 3029 301 3098 habeat:
317 3029 411 3098 siout
422 3035 458 3096 et
470 3028 610 3097 iustitia
622 3050 689 3095 non
702 3027 835 3096 dieitur
849 3028 973 3096 bonum
987 3049 1047 3118 per
1059 3027 1215 3097 habitam

54 3135 217 3222 virtutem,
237 3137 318 3227 ipsa
339 3136 431 3205 enim
453 3141 508 3205 eet
531 3135 661 3222 virtum
681 3135 739 3204 ead
764 3137 854 3227 qnod
881 3135 959 3228 ipsa
974 3136 1162 3206 eorundum
1179 3161 1216 3206 aa

55 3249 83 3308 at
102 3265 158 3332 per
181 3265 218 3311 aa
238 3243 357 3332 ⁸ipsam
381 3244 469 3310 bona
491 3249 546 3311 eet
562 3269 579 3309 a
598 3242 661 3328 (l).

108 3350 215 3420 Paulo
235 3351 362 3421 melius
376 3351 461 3420 haeo
476 3351 637 3420 absoluta
653 3353 790 3420 bonitas
806 3353 980 3422 declarari
996 3359 1111 3442 polest
1126 3376 1214 3422 oom-

56 3461 220 3544 paratione
251 3459 333 3528 boni
365 3459 582 3550 participati.
614 3460 745 3528 Bonum
775 3461 1023 3530 transcendens
1053 3467 1108 3530 est
1139 3462 1215 3552 qui·

56 3565 119 3634 dem
138 3569 284 3637 realiter
308 3567 496 3666 identioum
521 3589 598 3636 oum
623 3591 690 3634 erse
717 3569 822 3637 etiam
845 3569 882 3636 in
906 3569 1055 3638 creatis:
1081 3574 1119 3636 at
1150 3591 1217 3634 erre

56 3679 218 3744 creaturae
236 3675 445 3764 contingens
471 3682 537 3759 est,
556 3699 623 3744 non
642 3698 724 3744 vero
739 3698 781 3744 ex
798 3676 990 3746 intrinseca
1006 3676 1142 3744 ratione
1159 3675 1216 3742 aui

57 3783 283 3872 neeessariam
312 3783 401 3852 unde
424 3783 577 3853 essentia
603 3791 785 3854 creaturae
809 3806 868 3874 per
893 3805 928 3852 aa
951 3806 1019 3852 non
1050 3789 1104 3851 eat
1134 3788 1216 3852 aotu

58 3887 160 3958 sedin
183 3915 279 3962 mera
302 3892 550 3981 possibilitate:
576 3893 696 3958 bonam
711 3899 829 3961 autem
846 3898 902 3960 eat
925 3915 993 3958 eone
1014 3896 1051 3960 et
1065 3891 1217 3958 essentia

60 3992 89 4060 in
113 4005 207 4087 aotu3
233 4000 386 4070 essentia
415 3999 507 4068 enim
537 3999 573 4067 in
605 4004 703 4068 etatu
737 3999 986 4089 possibilitatis
1020 4005 1075 4067 ent
1104 3998 1216 4066 solum

114 4245 153 4320 (1)
171 4255 233 4306 'lade
254 4249 361 4324 ἀγαθον
383 4247 462 4316 εἰναι,
485 4249 516 4306 οὐ
536 4273 568 4322 τῳ
590 4272 635 4310 την
655 4251 753 4322 dquam
780 4249 851 4323 ι’χιιν
877 4247 984 4320 ἀγαθον
1009 4246 1073 4303 irrui
1100 4255 1220 4320 λιγιται.

67 4334 108 4388 ηδ
130 4339 199 4394 droa
219 4343 235 4402 ri
255 4346 408 4400 dirutorum
427 4331 535 4413 dpaSoi
556 4343 620 4398 isaar
641 4349 749 4412 λεγεται
764 4340 793 4396 do
815 4363 847 4410 τῳ
861 4339 956 4411 ἅρπην
977 4337 1056 4412 ἔχειν.
1068 4341 1147 4412 &pun
1162 4361 1216 4412 γαρ

69 4423 124 4480 iarn
141 4433 212 4499 darn,
229 4431 307 4488 nilla
326 4455 358 4502 τῳ
377 4431 460 4492 ninom
480 4430 541 4488 καθ’
558 4433 642 4494 αὐτην
662 4455 705 4488 και
726 4431 755 4488 δι’
775 4433 858 4492 ἄντην
877 4429 987 4505 &padue
1008 4431 1079 4486 iurat.
