3292 5062
541 405 579 418 -
602 374 660 434 187
682 406 720 421 -

49 479 216 570 Rayuald.
234 501 328 547 auno
346 478 447 547 1341.
462 503 498 546 n.
513 479 598 566 51.).
613 479 759 547 Armeni
775 479 812 547 iu
829 478 983 549 Concilio
999 480 1054 548 29.
1073 479 1214 572 Episco-

49 611 159 677 porum
174 593 212 656 et
225 585 365 678 aliquot
387 585 636 675 magistrorum
651 585 841 670 Ecclesiae,
860 587 1025 654 abbatum
1048 595 1084 656 et
1099 585 1212 656 arohi-

49 697 323 784 presbyterorum
347 692 433 762 licet
462 699 634 782 negarent
656 693 839 784 plerosque
863 694 944 761 illos
974 716 1110 763 errores
1140 717 1215 763 esse

50 827 131 888 suos,
149 826 208 874 eos
223 811 342 872 tamen
365 802 639 870 condemnarunt
662 808 704 870 nt
725 800 932 872 haereticos.
951 803 1003 871 De
1019 803 1084 872 hoc
1099 809 1216 872 autem

49 933 153 978 errore
177 917 304 980 octavo
327 911 380 978 ita
403 910 616 1000 loquuntur:
646 907 748 977 «hoc
771 909 862 1000 quod
893 909 1001 995 dicit,
1035 910 1118 1002 quia
1148 931 1216 977 uon

50 1019 209 1088 videbunt
229 1017 419 1086 essentiam
435 1016 501 1085 Dei
522 1023 605 1102 etc,
624 1017 838 1086 contrarium
861 1025 917 1085 est
939 1017 1163 1108 evangelicae
1178 1023 1214 1086 et

49 1125 253 1215 spostolicae
276 1125 468 1209 doctrinae,
494 1124 621 1217 quibus
645 1123 759 1193 credit
773 1123 932 1194 Ecclesia
944 1125 1176 1194 Armeuorum
1195 1151 1211 1186 s

49 1233 167 1316 (aaut
187 1236 311 1300 textus
332 1231 461 1301 matth.
479 1231 617 1300 XVIII.
636 1232 669 1300 8.
689 1255 785 1324 sqq.;
804 1233 836 1300 1.
856 1231 933 1301 Cor.
949 1232 1052 1301 XIH.
1075 1232 1109 1300 8.
1124 1255 1214 1322 sqq.;

51 1341 78 1407 1.
88 1340 136 1422 Io,
145 1340 217 1408 111.
229 1340 264 1408 2.
274 1348 311 1408 et
327 1341 501 1409 orationes
517 1363 599 1408 suas
611 1340 812 1430 liturgioas,
823 1341 861 1408 iu
877 1341 1004 1432 quibus
1017 1339 1218 1430 postulatur

51 1449 131 1516 visio
142 1448 236 1535 Dei).
247 1447 356 1514 Porro
371 1447 486 1516 aiunt:
503 1445 613 1538 aquia
625 1445 820 1516 videbimus
832 1447 1030 1530 essentiam,
1042 1446 1216 1536 magnitu-

52 1555 167 1640 dinem,
185 1554 399 1638 claritatem,
418 1554 624 1644 sapieutiam
639 1559 677 1623 et
692 1555 882 1623 bonitatem
894 1555 983 1640 eius,
999 1576 1086 1646 quae
1103 1554 1217 1622 omnia

51 1664 83 1730 in
94 1664 161 1732 Deo
172 1663 269 1732 Deus
281 1668 377 1749 sunt,
388 1668 504 1730 tarnmr
516 1685 584 1730 non
597 1668 747 1746 tontum,
760 1668 929 1754 quantum
938 1663 1013 1752 ipse
1026 1685 1062 1731 se
1074 1661 1215 1732 videt...

52 1769 212 1852 Quamvis
236 1770 396 1839 diversos
412 1770 543 1860 gradus
559 1771 719 1860 ponimus
742 1770 779 1837 in
795 1770 930 1838 visione
946 1769 1089 1838 divinae
1104 1791 1217 1837 esseu-

53 1880 126 1961 tiae,
139 1885 336 1946 tamennon
360 1877 400 1945 iu
423 1877 596 1962 claritate,
612 1900 701 1970 quae
725 1899 793 1944 uon
816 1884 870 1946 est
892 1877 987 1945 Deus
1010 1878 1050 1963 (i.
1061 1899 1091 1945 a.
1111 1877 1148 1944 in
1165 1877 1217 1945 vi-

54 1985 138 2053 sione
148 1986 325 2054 claritatis
349 1985 460 2053 aDeo
475 1985 697 2078 distinctae),
717 1989 758 2052 ut
774 1984 917 2052 videtur
932 1983 1046 2052 dicere
1070 1984 1108 2051 in
1131 1981 1219 2050 arti·

55 2093 145 2180 culo;
162 2094 248 2184 quia
276 2093 423 2161 claritas
446 2093 524 2177 Dei,
549 2099 586 2160 et
608 2114 705 2160 omne
729 2091 820 2183 quod
844 2091 1082 2160 essentialiter
1104 2098 1159 2161 est
1181 2091 1216 2158 in

54 2199 128 2286 Deo,
143 2201 239 2269 Deus
254 2206 319 2269 est.
329 2199 379 2267 Et
394 2199 629 2268 differentiam
646 2199 820 2290 graduum
832 2199 981 2268 visionis
992 2199 1058 2268 Dei
1071 2199 1122 2268 sio
1134 2199 1217 2267 dici·

56 2331 133 2392 mus,
151 2309 313 2400 quoniam
336 2307 489 2376 essentia
510 2307 577 2375 Dei
599 2306 781 2376 videbitur
796 2312 832 2376 et
854 2306 1028 2396 diligetur
1044 2305 1219 2375 intensius

56 2416 93 2482 ab
114 2438 179 2485 uno
196 2437 298 2508 quam
314 2415 358 2483 ab
372 2414 454 2498 alio,
470 2415 555 2506 quia
571 2414 854 2506 quemadmodum
867 2413 984 2482 virtus
1000 2413 1219 2482 intellectua-

58 2520 210 2593 lieuuius
226 2523 340 2615 magis
352 2521 422 2590 erit
436 2523 594 2612 perfecta
616 2521 748 2591 lumine
772 2521 906 2612 gloriae
930 2531 1033 2612 qnam
1057 2520 1217 2603 alterius,

58 2636 146 2697 tanto
161 2630 274 2719 magis
290 2628 426 2698 videbit
441 2651 549 2696 unum
565 2634 602 2697 et
612 2628 757 2698 eundem
770 2629 892 2715 Deum;
911 2628 1005 2697 sicut
1020 2628 1058 2696 in
1074 2627 1218 2696 sensibi-

59 2733 139 2804 libus
153 2737 257 2805 stiam
274 2759 367 2804 unus
383 2740 419 2803 et
437 2735 527 2804 idem
545 2734 597 2803 sol
614 2759 635 2802 a
651 2735 773 2803 multis
790 2733 870 2824 plus
892 2739 929 2802 et
944 2734 1059 2802 miuus
1078 2733 1221 2801 videtur

61 2843 235 2912 monadum
266 2843 499 2936 quantitatem
534 2841 684 2912 virtutis
726 2841 863 2911 visivae
889 2867 905 2902 n
942 2839 1070 2928 (Marsi
1098 2839 1214 2908 XXV.

61 2951 304 3044 p21196.sq.).

116 3059 207 3130 Ante
229 3058 458 3129 Benedictum
469 3057 554 3126 XII.
573 3058 612 3125 iu
627 3055 783 3124 Concilio
794 3053 987 3124 Viennensi
1010 3053 1221 3143 supponitur

62 3167 259 3248 universalis
282 3166 454 3257 professio
485 3163 682 3234 christiana
712 3162 820 3232 huius
851 3161 1042 3231 intuitivae
1073 3159 1225 3229 visionis

61 3268 134 3359 Dei,
157 3273 241 3343 (lum
264 3274 499 3364 proscribitur
528 3295 626 3341 error
649 3271 928 3361 Beguardorum:
949 3298 965 3333 n
983 3267 1075 3360 quod
1105 3267 1222 3335 anima

62 3399 116 3447 nou
137 3380 276 3472 indiget
291 3379 424 3449 lumine
440 3379 576 3470 gloriae
599 3378 711 3468 ipsam
735 3377 894 3446 elevante
911 3375 955 3444 ad
972 3376 1084 3444 Deum
1100 3373 1221 3443 viden·

63 3482 129 3553 lum
150 3495 186 3557 st
208 3509 249 3556 eo
267 3488 365 3555 beate
388 3485 610 3554 fruendum»
636 3484 855 3572 (Clementia.
875 3483 902 3552 1.
921 3483 966 3553 V.
984 3483 1045 3551 tit.
1065 3481 1098 3548 3.
1114 3479 1218 3569 ο.8.).

62 3587 175 3662 Eadem
192 3599 248 3662 est
270 3593 466 3684 suppositio
488 3599 525 3662 et
548 3591 715 3683 explicita
739 3591 900 3660 doctriua
916 3587 1063 3658 concilii
1078 3587 1221 3656 Floren-

62 3699 118 3767 tini
139 3701 176 3768 iu
206 3698 338 3767 demeto
370 3702 522 3769 unionis.
552 3728 568 3764 e
592 3698 785 3768 Definimus
808 3698 951 3767 illorum
981 3696 1117 3764 animae
1147 3693 1223 3782 (qui

62 3807 179 3877 nullam
209 3809 346 3900 peccati
376 3807 546 3877 maculam
568 3815 649 3899 post
678 3808 887 3899 baptismum
916 3807 1162 3888 incurrerunt,
1187 3808 1224 3870 et

65 3915 182 3986 animas
204 3917 359 4008 perfecte
382 3920 568 4007 purgatas)
585 3915 622 3984 in
646 3915 778 3986 coelum
801 3939 879 3984 mox
895 3914 1018 4004 recipi,
1037 3919 1073 3982 et
1089 3911 1224 3979 intueri

65 4017 143 4093 clare
163 4025 276 4116 ipsum
294 4023 406 4093 Deum
429 4025 563 4092 trinum
587 4029 623 4093 et
646 4046 766 4108 unum,
786 4023 892 4092 sicuti
915 4026 970 4091 est
986 4019 1049 4108 (1),
1069 4041 1132 4110 pro
1154 4039 1222 4086 me·

67 4127 197 4200 ritorum
218 4137 336 4202 tamen
359 4131 569 4201 diversitate
592 4131 702 4200 alium
725 4131 795 4200 elio
812 4129 1041 4222 perfectius.»

77 4449 83 4466 ἱ
119 4361 157 4438 (l)
173 4370 223 4424 Kar
240 4366 363 4442 adapes
386 4365 491 4440 Saeptis
510 4363 591 4421 dovor
611 4386 655 4420 ror
675 4364 721 4422 ivo
741 4386 783 4420 και
808 4382 1020 4436 spectaremur
1044 4359 1115 4425 θεον,
1133 4356 1224 4420 aciat

111 4475 137 4506 u.
