3394 5056
910 371 949 388 ...
969 337 1011 400 20
1030 371 1069 385 -

406 451 476 520 ism
498 447 698 519 continetur
720 445 880 516 revelata
902 445 939 514 in
963 452 1112 538 utruque
1135 445 1201 514 illa
1222 445 1424 538 praemissa.
1448 444 1576 514 Exem-

405 558 502 649 plum
536 554 768 625 conclusionis
792 555 856 624 sub
879 555 991 625 forma
1014 554 1128 622 altera
1151 559 1266 644 potest
1298 553 1418 624 induci
1451 557 1577 622 contra

404 664 669 734 Monotheletas.
695 663 892 755 Propositio
914 662 1083 748 revelata,
1101 661 1278 732 Christum
1302 669 1440 752 praeter
1469 666 1576 728 natu·

403 795 478 842 ram
494 771 651 840 divinam
662 771 789 841 habere
801 773 988 862 perfectam
1003 777 1164 839 naturam
1180 771 1377 854 humanam,
1396 789 1575 860 perquam

404 903 509 950 verns
531 878 630 946 horno
653 885 718 963 est,
736 879 805 946 iarn
828 879 982 947 continet
1004 879 1190 946 veritatem
1212 878 1372 962 alteram,
1390 873 1575 944 Christum

402 993 541 1078 praeter
565 986 780 1056 voluntatem
803 985 960 1054 divinam
991 985 1117 1054 habere
1144 986 1249 1053 etiam
1281 983 1487 1054 rationalem
1510 1005 1574 1050 vo·

402 1095 572 1162 luntatem
595 1101 631 1162 et
653 1093 839 1160 volitiones
862 1092 1043 1160 humanas.
1070 1092 1216 1176 Quando
1239 1093 1354 1182 igitur
1377 1089 1575 1158 assumitur

401 1201 514 1270 altera
537 1201 727 1290 propositio
749 1199 795 1268 ad
811 1199 1049 1288 complendum
1065 1207 1323 1290 argumentum:
1338 1197 1500 1267 Christus
1514 1199 1575 1266 est

401 1329 507 1377 verus
529 1307 640 1394 homo;
658 1307 758 1398 atqui
774 1306 906 1374 homini
921 1307 1119 1375 essentialis
1134 1315 1190 1376 est
1204 1307 1358 1376 facultas
1374 1302 1575 1374 voluntatis

400 1413 596 1500 rationalis;
623 1437 705 1504 erqo
728 1413 891 1482 Christus
914 1413 1018 1482 habet
1042 1413 1257 1484 voluntatem
1281 1413 1478 1482 humanam:
1504 1409 1575 1478 illa

399 1521 590 1611 propositio
613 1527 793 1610 assumpta
815 1521 927 1590 solnm
942 1522 1146 1591 manifestat
1159 1519 1492 1612 comprehensionem
1506 1517 1574 1586 hu·

398 1629 454 1698 ius
479 1627 711 1698 conclusionis
733 1628 771 1696 iu
794 1628 1026 1719 propositione
1049 1628 1217 1697 revelata.

465 1735 541 1804 Hoc
563 1734 677 1825 posito
700 1733 834 1804 veritas
858 1735 1099 1828 consequentis
1121 1757 1164 1804 ex
1182 1735 1385 1824 praemissio
1399 1728 1572 1802 revelatis

398 1844 613 1913 considerari
636 1850 751 1934 potest
773 1843 985 1933 dupliciter,
1012 1843 1069 1913 vel
1092 1843 1288 1914 formaliter
1312 1849 1353 1912 ut
1375 1865 1396 1910 a
1418 1843 1490 1912 Deo
1513 1861 1571 1909 re·

397 1949 528 2038 velata3
553 1957 629 2020 tum
653 1973 735 2019 vero
758 1951 987 2042 propositioni
1009 1951 1194 2042 respondet
1215 1973 1377 2020 assensus
1391 1949 1473 2020 fidei
1488 1971 1570 2038 pro·

396 2065 475 2150 pter
490 2059 736 2128 anctoritatem
758 2059 824 2130 Dei
847 2059 1050 2128 revelantis:
1068 2059 1126 2128 vel
1141 2065 1256 2150 potest
1272 2058 1484 2128 considerari
1496 2059 1569 2127 for·

397 2166 537 2236 maliter
560 2171 603 2234 nt
625 2165 758 2236 veritas
787 2167 968 2236 intellecta
990 2189 1032 2236 ex
1056 2167 1207 2236 veritate
1231 2167 1499 2256 praemissarum
1530 2169 1570 2234 et

396 2297 438 2344 ex
461 2273 623 2363 legitima
645 2276 890 2366 consequentia
912 2295 954 2344 ac
976 2275 1203 2362 deductione;
1228 2281 1305 2343 tum
1338 2271 1570 2365 propositioni

395 2379 583 2468 respondet
599 2401 752 2445 assensus
769 2381 989 2470 theologicus.
1007 2381 1181 2450 Asseusns
1196 2381 1287 2450 enim
1303 2380 1385 2450 fidei
1401 2403 1468 2448 non
1483 2400 1569 2448 saue

395 2486 554 2556 excludit
576 2485 808 2577 cognitionem
830 2494 868 2557 et
890 2509 1068 2558 assensum
1091 2489 1335 2558 secundarium
1357 2511 1399 2557 ex
1415 2487 1568 2556 aliomo·

395 2595 470 2664 tivo
493 2595 672 2664 inferioris
696 2595 841 2665 ordinis.
867 2597 925 2666 Ita
947 2618 978 2666 e.
997 2622 1032 2686 g.
1052 2596 1351 2668 immortalitatem
1371 2595 1506 2664 animae
1528 2599 1569 2664 et

394 2701 566 2794 plurimas
585 2703 754 2772 veritates
774 2703 865 2772 alias
887 2705 1072 2790 credimus,
1089 2705 1161 2774 Deo
1180 2705 1371 2789 revelante,
1391 2702 1565 2795 simulque

397 2831 456 2879 eas
479 2831 521 2879 ex
545 2811 837 2882 demonstratione
860 2814 1027 2882 rationali
1046 2811 1443 2904 intelligimus;‚eodem
1468 2809 1568 2879 modo

395 2917 463 2987 fide
479 2918 651 2988 credimus
664 2927 706 2988 nt
727 2921 765 2988 in
784 2943 820 2990 ae
839 2921 1028 2990 revelatam
1044 2945 1073 2990 e.
1086 2947 1121 3012 g.
1140 2921 1390 3014 processionem
1407 2919 1566 3012 Spiritus

395 3023 660 3094 SanctiaPatre
669 3027 1060 3121 Filioque‚eandemque
1072 3029 1268 3120 theologice
1280 3027 1513 3118 intelligimus
1522 3049 1567 3095 ex

394 3131 528 3199 credita
542 3131 677 3221 duplici
693 3134 855 3218 veritate,
874 3135 964 3226 quod
980 3137 1084 3206 Pater
1100 3136 1330 3206 communicat
1340 3135 1446 3219 Filio,
1464 3133 1564 3227 qnid·

395 3237 478 3327 quid
502 3259 570 3304 nou
593 3245 648 3306 est
670 3239 829 3308 formalis
853 3241 944 3310 ratio
968 3243 1216 3331 paternitatis,
1242 3249 1279 3312 et
1300 3242 1391 3334 quod
1414 3241 1564 3333 spiratio

393 3343 519 3412 tertiae
542 3367 706 3433 personae
729 3370 797 3415 non
821 3354 875 3418 est
898 3349 1094 3418 formaliter
1116 3350 1209 3418 ratio
1232 3350 1471 3440 paternitatis.
1486 3349 1564 3418 laur

394 3471 478 3518 varo
500 3471 661 3520 assensus
683 3453 741 3522 hic
763 3453 983 3546 theologicus
1005 3480 1072 3526 nou
1088 3463 1143 3526 est
1158 3479 1248 3528 mero
1263 3455 1460 3542 rationalis,
1480 3457 1565 3546 quia

394 3579 462 3624 non
485 3557 653 3628 innititur
676 3561 860 3652 principiis
882 3565 1019 3634 ratione
1037 3565 1227 3636 intellectis
1244 3566 1304 3636 sed
1320 3567 1388 3636 fide
1403 3565 1561 3654 creditis;

393 3687 457 3734 neo
479 3673 594 3735 tamen
617 3675 671 3736 est
692 3689 854 3738 assensus
876 3671 970 3758 fidei,
996 3673 1169 3765 quianon
1192 3675 1400 3766 simpliciter
1415 3674 1562 3743 assenti-

393 3795 471 3841 mur
494 3781 636 3864 propter
657 3779 901 3848 auctoritatem
924 3781 990 3849 Dei
1012 3781 1118 3850 talem
1142 3783 1326 3852 veritatem
1355 3782 1560 3870 revelantis,

393 3879 453 3948 sed
476 3889 615 3969 praeter
637 3886 884 3956 auctoritatem
906 3889 972 3958 Dei
996 3913 1083 3980 quae
1117 3897 1171 3960 est
1204 3893 1374 3960 motivum
1398 3913 1563 3961 assensus

392 3985 430 4052 in
450 3991 671 4074 praemissas,
696 3999 871 4086 tamquam
895 3998 1054 4068 formalis
1076 3999 1168 4068 ratio
1191 3999 1403 4092 cognitionis
1424 4006 1460 4070 et
1491 4023 1561 4070 mo·

391 4090 507 4158 tivum
530 4114 693 4164 assensus
715 4100 752 4166 in
775 4101 1025 4172 conclusionem
1050 4105 1238 4177 intercedit
1259 4107 1461 4178 intellectus
1482 4131 1561 4178 con·

291 4207 295 4214 '
391 4197 550 4266 nexionis
573 4210 609 4269 et
631 4201 810 4292 legitimae
833 4211 1110 4302 consequentiae,
1129 4235 1198 4304 qna
1213 4214 1388 4284 conclusio
1411 4222 1454 4285 ut
1475 4237 1562 4288 vera

392 4303 608 4395 intelligitur
643 4332 684 4378 ex
719 4314 929 4402 praemissis.
956 4315 1039 4386 Vid.
1069 4317 1172 4390 Card.
1202 4321 1244 4392 de
1267 4323 1368 4414 Lago
1394 4323 1446 4392 De
1471 4323 1561 4394 Fida

391 4410 490 4504 Disp.
510 4413 546 4483 1:
560 4423 643 4487 sect.
664 4417 720 4492 13.
738 4445 773 4492 n.
786 4423 864 4492 282.
882 4423 960 4496 335.
980 4449 1055 4519 sqq.
