3360 5060
972 399 1009 412 -
1031 368 1093 427 033
1115 399 1149 412 -

478 473 677 557 dissentire,
703 473 735 541 si
758 473 785 541 ii
809 471 1071 562 intelligantur,
1091 479 1132 542 ut
1148 495 1206 542 eos
1222 472 1471 563 intelligendos
1489 495 1551 540 esse
1567 473 1604 540 de·

478 580 748 650 monstravimus
775 587 811 649 et
836 603 878 648 ex
907 581 994 671 ipsis
1024 603 1142 650 eorum
1173 581 1292 650 verbis
1315 585 1370 649 est
1392 581 1535 650 evidens.
1553 581 1608 646 Alii

479 709 547 754 non
577 685 723 754 minoris
752 687 979 756 auctoritatis
1010 685 1147 756 omniuo
1176 691 1347 770 tuentur,
1378 687 1423 755 ab
1447 685 1608 775 Augustino

478 815 666 886 numquam
689 795 727 863 in
750 795 893 864 dubium
916 801 1075 865 voeatem
1098 793 1210 864 fuisse
1232 793 1610 886 praedestinationenad

479 903 628 992 gloriam
651 925 693 972 ex
717 905 899 974 voluntate
914 903 980 973 Dei
1005 919 1224 998 consequente
1240 905 1490 994 praevisionem
1510 903 1610 968 καίεο·
1647 891 1648 896 “

480 1035 555 1076 rum
576 1014 727 1102 gratioe.

547 1119 589 1188 Id
604 1119 822 1209 argumentis
837 1120 986 1211 probant
1002 1121 1096 1189 iuter
1112 1126 1246 1190 eeteros
1258 1119 1385 1188 Petrus
1402 1119 1444 1188 de
1459 1117 1612 1186 Comititus

480 1227 602 1297 Ordin.
621 1227 659 1297 S.
669 1227 866 1317 Augustini
881 1229 923 1297 de
935 1227 1106 1296 Praedet
1117 1228 1306 1320 Reprobat.
1325 1227 1418 1318 disp.
1429 1227 1463 1294 3.
1471 1227 1610 1316 a.4.sqq.,

481 1341 518 1404 et
541 1337 578 1404 in
601 1335 750 1405 leotioue
773 1335 922 1426 Operum
949 1335 1147 1425 Augustini
1169 1335 1484 1404 exercitatissimus
1504 1331 1613 1401 Carolu
1647 1379 1648 1384 η

481 1443 606 1534 Ioseph
630 1442 853 1512 Trioassinus
876 1443 960 1512 Ord.
981 1442 1109 1532 Capua.
1127 1442 1189 1534 qni
1206 1443 1367 1532 sepositis
1382 1443 1466 1512 aliis
1480 1439 1612 1534 quaestio

481 1551 585 1619 nibus
608 1573 709 1620 suum
732 1549 912 1639 ingenium
935 1557 972 1620 et
993 1550 1205 1620 iudustriam
1237 1573 1370 1619 omnem
1400 1549 1482 1620 huie
1502 1548 1556 1617 uui
1572 1547 1612 1614 in·

482 1657 616 1748 pendit,
643 1663 685 1726 ut
707 1658 893 1747 geuuimm
916 1659 1124 1728 sententiam
1146 1659 1345 1749 Augustini
1368 1660 1407 1728 in
1430 1657 1571 1728 dormine
1586 1653 1613 1721 dr

482 1765 601 1854 gratia
623 1771 659 1834 at
681 1765 1001 1856 praedestinatione
1024 1773 1268 1860 assequeretur
1291 1761 1614 1857 etexplioaret.1egi

483 1878 629 1962 possunt
651 1873 758 1942 etiam
781 1873 941 1967 Vasquea
964 1875 1002 1944 in
1025 1875 1057 1944 1.
1077 1875 1117 1942 P.
1135 1875 1227 1965 disp.
1246 1875 1302 1943 89.
1329 1899 1360 1944 o.
1378 1875 1465 1962 6-8;
1489 1869 1613 1942 Valentis

484 1980 520 2047 in
539 1979 572 2048 1.
590 2003 623 2071 q.
639 1979 696 2048 23.
714 1988 838 2070 punot.
851 1983 885 2051 4.
904 1991 937 2066 5.
953 1983 986 2070 ὅς
1013 1982 1197 2074 Stapleton
1212 1983 1250 2051 in
1265 1983 1365 2052 Rom.
1379 1983 1447 2051 IX.
1469 1977 1613 2070 (Antidota

482 2083 687 2176 Apostolioa
702 2086 744 2156 Τ.
759 2087 838 2176 Π.);
856 2089 1000 2158 Lessius
1013 2089 1055 2158 de
1070 2089 1194 2158 Praod.
1209 2095 1294 2159 seot.
1308 2091 1343 2159 2.
1361 2095 1399 2159 et
1412 2091 1447 2176 43
1462 2084 1612 2156 Altieotirs

484 2193 626 2262 Summa
655 2194 750 2283 Aug.
771 2194 812 2263 Τ.
832 2195 896 2264 VI.
922 2219 955 2264 a.
979 2196 1012 2264 3.
1040 2201 1077 2265 et
1098 2197 1139 2282 4;
1174 2195 1301 2266 Kilber
1324 2195 1468 2284 (Theoi.
1494 2189 1610 2264 Wirreb·

485 2299 617 2384 Τ.Π.).
635 2298 690 2370 cf.
705 2299 826 2370 Maffei
847 2302 943 2372 Hist.
961 2303 1068 2372 theol.
1089 2303 1178 2374 LX.

549 2406 672 2492 Miror,
697 2429 761 2477 our
782 2409 939 2499 theologi
955 2409 991 2478 iu
1007 2410 1073 2479 hao
1096 2410 1336 2502 disputatione
1359 2409 1531 2480 noluerint
1545 2399 1611 2493 sequi

483 2515 601 2585 eadem
623 2515 808 2608 prinoipia,
834 2539 922 2610 quse
938 2517 974 2586 in
991 2517 1074 2586 eliis
1096 2518 1270 2588 similibus
1292 2518 1544 2612 quaestionibus
1560 2511 1611 2578 her·

484 2625 688 2695 meneutiois
703 2631 782 2694 rata
797 2631 880 2694 suut
892 2648 933 2696 ao
949 2627 1031 2695 fixa.
1053 2626 1092 2695 Si
1107 2627 1332 2717 Augustinus
1348 2625 1524 2696 obscurius
1536 2641 1611 2712 quen·

484 2733 594 2826 doque
606 2731 776 2826 loquitur,
787 2733 888 2803 iuxta
899 2734 1075 2826 principia
1087 2734 1318 2804 alibianobis
1330 2735 1505 2806 deelarats
1513 2729 1609 2816 (Prot

484 2841 525 2910 de
550 2841 706 2928 Tradit.)
729 2841 918 2912 videndum
931 2849 1014 2928 est,
1040 2848 1159 2912 utrum
1183 2843 1403 2912 considerato
1433 2863 1541 2932 seopo,
1561 2858 1611 2906 oon·

484 2953 598 3034 textu,
625 2947 840 3041 quaestionis
864 2955 973 3035 statu,
999 2951 1140 3041 proprio
1155 2951 1231 3020 eius
1247 2951 1345 3020 modo
1360 2949 1529 3045 loquendi,
1544 2940 1611 3013 iusti·

485 3061 566 3126 tuta
589 3055 774 3126 collatione
798 3057 977 3126 variorum
1000 3057 1153 3127 locorum
1170 3058 1352 3129 oouoiliari
1367 3083 1438 3128 nou
1453 3055 1550 3149 possit
1561 3071 1610 3120 orn

414 3169 415 3174 ’
484 3165 654 3233 oommuui
679 3164 957 3234 anteoedentium
980 3165 1127 3235 Petrum
1150 3167 1344 3251 sententia,
1371 3189 1511 3260 quorum
1530 3183 1558 3230 se
1575 3157 1610 3225 dr

485 3269 634 3340 utrinam
657 3271 755 3362 sequi
779 3272 854 3362 ipse
878 3274 1005 3366 ubique
1027 3273 1225 3364 profitetur;
1243 3280 1349 3366 atque
1364 3274 1443 3343 ideo
1463 3267 1610 3340 locutione

485 3379 668 3468 ambiguae
691 3400 779 3471 quae
802 3379 976 3472 duplioem
1004 3381 1199 3450 admittunt
1225 3403 1374 3466 sensum,
1393 3401 1518 3471 semper
1529 3373 1609 3443 &wi

484 3485 769 3576 interpretandae
792 3511 861 3558 non
884 3495 1006 3558 eontra
1027 3489 1088 3558 sed
1111 3489 1212 3559 iuxta
1234 3489 1429 3559 doetrinam
1442 3486 1608 3577 reliquorum

484 3593 642 3662 Petrum.
670 3593 710 3662 Si
732 3617 815 3664 vero
838 3595 1017 3666 dissensus
1040 3604 1134 3667 esset
1156 3597 1375 3682 manifestus,
1402 3604 1444 3666 nt
1464 3591 1607 3687 prudenter

337 3731 348 3762 x
486 3700 668 3771 eonoiliari
690 3724 758 3770 nou
782 3709 910 3794 posset,
929 3710 1003 3773 tum
1021 3726 1103 3774 sane
1119 3728 1187 3774 non
1202 3704 1399 3774 dubitarem
1415 3727 1487 3774 oum
1507 3691 1604 3785 thio.

484 3809 695 3894 Catheriuo,
728 3809 870 3896 Osorio,
903 3809 1119 3898 Camerario,
1151 3811 1352 3882 Maldonato
1381 3813 1445 3898 (de
1472 3803 1603 3878 praedat

485 3945 519 4010 q.
534 3917 585 4004 4.)
601 3917 664 4004 (1),
684 3917 805 3988 Toleto
821 3919 857 3987 in
875 3917 907 3987 l.
926 3944 960 4011 q.
975 3919 1031 3988 ts.
1051 3941 1084 3989 a.
1100 3921 1133 3988 5.
1153 3919 1305 3990 oouolus.
1324 3919 1369 4004 2¹,
1388 3915 1522 3989 Patauio
1534 3901 1603 3997 (LX-

486 4027 565 4096 ooli.
579 4027 662 4116 IX.)
678 4033 879 4098 reverenter
901 4027 945 4097 ab
967 4028 1171 4119 Augustino
1186 4027 1375 4114 discedere,
1394 4051 1467 4098 oum
1481 4025 1549 4092 haee
1559 4034 1604 4083 ποῦ

484 4142 600 4228 posset
611 4159 684 4206 asse
700 4136 770 4206 uisi
786 4135 929 4227 privata
945 4137 1021 4206 eius
1038 4137 1222 4223 sententia,
1241 4143 1278 4208 st
1293 4137 1395 4206 iuxts
1409 4141 1507 4207 totam
1519 4126 1602 4213 ditpu·

549 4296 640 4372 (1)Ιί
659 4301 820 4368 dubitatur,
841 4317 877 4356 eu
895 4301 1055 4356 tieldoneti
1073 4302 1135 4356 siut
1153 4301 1365 4371 disputationes
1389 4303 1441 4356 sut
1457 4286 1601 4353 eiurante

484 4391 587 4458 ΟΜΝ,
609 4407 654 4446 rer
676 4391 710 4446 de
729 4391 955 4460 quaternium,
976 4391 1050 4446 aad·
1069 4394 1183 4450 ooustst
1200 4391 1365 4450 testimonio
1381 4389 1470 4448 beuti
1483 4371 1599 4458 (demat

485 4485 554 4539 sset.
568 4483 594 4538 2.
607 4499 637 4539 n.
648 4478 700 4554 8.).
1118 4483 1122 4490 ·
