3394 5056
594 421 631 434 -
654 389 695 450 gp
715 422 753 436 ..

99 517 195 565 vasus
217 494 317 564 inter
338 493 412 562 alia
434 493 546 564 multa
567 494 679 585 legem
702 497 900 566 naturalem
923 496 1015 587 apud
1039 496 1188 566 Paulum
1216 495 1271 566 ait

98 627 161 672 esse
182 625 285 686 eam,
313 625 416 696 quam
434 632 451 667 a
469 604 645 670 naturalis
669 605 762 669 ratio
794 608 936 694 scripsit
963 609 1001 671 in
1030 603 1127 672 corde
1156 606 1269 695 penti-

101 711 190 792 linm,·
208 739 224 774 η
243 719 283 779 et
300 709 570 780 Carthasianns:
591 740 608 774 a
623 710 692 802 ipsi
709 711 777 781 sibi
793 721 877 781 sunt
891 713 961 798 lex,
977 711 1042 782 hoc
1057 721 1112 784 est
1122 713 1272 804 proprio

100 824 250 886 reticeat
275 822 326 885 eie
346 843 413 908 pro
431 819 516 909 lepe.
534 845 550 880 n

153 927 206 996 Ex
230 927 359 995 allatis
380 927 594 996 testimoniis
617 927 750 998 clarum
773 952 847 998 esse
870 930 1043 1015 existimo,
1063 929 1127 1000 SS.
1147 930 1270 999 Patres

96 1043 158 1104 tam
179 1033 318 1102 latinos
343 1056 446 1126 quam
461 1056 617 1124 graecos,
642 1043 679 1104 et
701 1037 930 1124 gravissimos
948 1037 1128 1128 theologos
1145 1059 1272 1129 magna

98 1143 313 1212 consensione
337 1143 500 1232 Apostoli
523 1143 759 1212 testimonium
788 1153 987 1214 constanter
1019 1147 1070 1214 ita
1100 1146 1272 1237 interpre-

98 1259 179 1320 tatos
200 1273 293 1334 esse,
320 1258 362 1318 nt
386 1249 419 1316 1⁰
435 1256 559 1340 gentes
582 1273 670 1342 quae
693 1251 804 1342 legem
819 1275 887 1320 non
908 1252 1048 1337 habent,
1068 1253 1271 1342 intelligan-

100 1365 150 1425 tur
171 1357 336 1426 infideles
360 1357 554 1426 universim
589 1359 801 1429 revelatione
825 1360 1002 1448 destituti,
1029 1359 1086 1430 vel
1110 1359 1141 1428 si
1165 1359 1272 1429 simul

101 1465 433 1558 comprehendantur
445 1467 512 1535 lide
527 1467 565 1535 in
578 1467 737 1536 futurum
750 1469 1013 1560 Redemptorem
1026 1469 1164 1553 imbuti,
1180 1481 1272 1537 certe

101 1571 219 1642 directe
235 1581 274 1642 et
286 1574 402 1664 prima
424 1573 629 1658 intentione,
644 1575 675 1643 si
692 1575 744 1643 ita
759 1575 855 1668 loqui
873 1577 926 1644 fas
942 1584 1007 1660 est,
1022 1575 1274 1666 intelligantur

102 1680 135 1766 ii,
158 1682 285 1773 quibus
310 1679 368 1750 lex
392 1704 460 1748 non
484 1703 526 1750 ex
549 1681 765 1750 revelatione
790 1683 943 1772 positiva
967 1684 1026 1752 sed
1051 1683 1182 1752 lumine
1217 1703 1274 1750 ra·

102 1787 197 1856 tionis
220 1795 366 1858 tantum
389 1789 615 1858 manifestata
637 1797 703 1858 est.
729 1791 764 1857 2⁰
779 1791 919 1860 Clarum
943 1798 1009 1875 est,
1035 1791 1129 1860 inter
1157 1813 1273 1860 omnes

103 1897 139 1963 ab
158 1897 255 1965 Estio
281 1899 411 1966 citatos
434 1920 508 1967 esse
532 1898 720 1982 neminem,
747 1900 808 1990 qui
831 1898 976 1966 definita
1011 1898 1184 1966 sententia
1215 1898 1273 1966 do·

104 2004 214 2086 cuerit,
240 2004 382 2073 nomine
406 2003 565 2095 gentium
589 2003 894 2075 Rom.II.14.15.
912 2005 1002 2072 solos
1025 2005 1145 2073 fideles
1170 2003 1273 2072 intel·

105 2111 160 2202 ligi
181 2113 328 2196 debere,
346 2119 383 2181 et
404 2135 472 2180 non
490 2135 586 2202 posse
603 2113 759 2204 intelligi
776 2115 882 2182 etiam
906 2113 1075 2182 infideles.
1096 2113 1129 2180 3⁰
1143 2111 1274 2180 Nullus

107 2229 151 2288 est
170 2221 260 2290 inter
287 2243 407 2289 omnes
430 2222 474 2288 ab
496 2220 598 2288 Estio
622 2222 772 2305 citatos,
798 2222 859 2313 qui
883 2223 1088 2311 negaverit,
1115 2244 1157 2290 ex
1181 2220 1274 2309 Apo·

107 2329 175 2397 stoli
197 2329 403 2400 testimonio
426 2351 523 2419 posse
546 2329 777 2398 demonstrari
802 2329 1006 2398 facultatem
1038 2329 1186 2398 rationis
1211 2328 1274 2397 hu·

108 2459 212 2507 manae
235 2439 282 2506 ad
308 2436 401 2528 legis
424 2435 600 2504 naturalis
624 2437 856 2526 cognitionem
879 2437 970 2506 citra
997 2437 1271 2520 revelationem,

107 2545 274 2638 plerosque
286 2545 381 2613 hanc
396 2543 602 2612 sententiam
626 2549 802 2636 tamquam
819 2545 1030 2636 propositam
1046 2547 1089 2613 ab
1104 2543 1275 2635 Apostolo

109 2653 328 2724 disertissime
351 2652 537 2742 agnovisse
560 2661 597 2720 et
621 2652 830 2721 vindicasse.

162 2765 262 2834 Nunc
287 2763 355 2830 fiat
377 2761 548 2830 indicium
582 2761 624 2830 de
659 2761 851 2830 assertione
888 2760 1050 2852 anonymi
1086 2760 1274 2846 Doctoris,

110 2872 280 2940 nonnullos
305 2877 446 2938 tantum
470 2891 544 2938 esse
568 2892 646 2938 cum
669 2869 853 2953 Caietano,
880 2869 940 2961 qui
975 2877 1096 2959 gentes
1131 2869 1168 2936 in
1200 2868 1276 2938 loco

112 2977 204 3048 citato
225 2975 394 3068 Apostoli
418 2975 660 3045 intellexerint
682 2976 852 3063 infideles;
869 2983 944 3046 tum
961 2975 1003 3044 de
1026 2975 1092 3044 hac
1108 2975 1184 3044 eius
1198 2998 1277 3044 oon-

111 3091 157 3152 tra
176 3096 334 3156 nostram
357 3084 551 3153 doctrinam
575 3085 815 3153 accusatione:
834 3115 850 3149 u
868 3085 961 3154 inter
985 3082 1067 3151 illos
1089 3082 1277 3152 nonnullos

113 3217 195 3263 nemo
216 3201 282 3280 est,
311 3193 373 3286 qui
396 3215 556 3282 expresse
579 3191 712 3276 doceat,
727 3191 877 3282 gentiles
900 3215 922 3258 a
944 3191 1012 3262 fide
1035 3190 1170 3260 Christi
1193 3190 1277 3258 alie·

113 3324 164 3370 nos
184 3327 243 3394 per
267 3325 306 3371 se
331 3300 423 3368 solos
439 3323 537 3389 posse
555 3299 754 3391 intelligere
771 3299 1029 3390 obligationem,
1045 3321 1114 3392 qua
1130 3321 1275 3390 semper,

115 3411 238 3500 ubique,
262 3407 414 3502 quaevis
436 3406 622 3475 rationalis
645 3413 809 3475 creatura
830 3405 989 3474 absoluto
1019 3413 1055 3474 et
1086 3405 1150 3473 sub
1184 3403 1279 3472 omni

115 3513 289 3606 hypothesi
313 3515 366 3603 (1)
394 3513 649 3604 obstringitur3
669 3513 812 3603 insuper
847 3513 941 3582 inter
975 3513 1058 3582 illos
1092 3511 1278 3580 nonnullos

119 3681 253 3737 monadum
271 3699 334 3737 eam
355 3681 482 3746 iecisset,
498 3679 572 3747 qnod
590 3680 621 3733 in
636 3696 666 3733 sa
686 3683 772 3746 esset,
787 3680 925 3734 Dominus
938 3679 1112 3732 contulisset
1124 3680 1277 3745 gratiam-n

119 3767 151 3820 De
168 3771 293 3828 doctrina
313 3773 367 3825 hae
386 3772 453 3823 ride
472 3771 661 3838 appendicem
683 3769 718 3824 ad
732 3771 826 3823 'tract
842 3771 875 3823 de
889 3769 973 3824 trad.
995 3769 1122 3837 Quiquid
1137 3784 1203 3822 vero
1218 3783 1279 3823 cen·

121 3873 172 3912 eres
189 3861 221 3914 de
239 3861 433 3932 explicatione
452 3861 575 3914 rationis
594 3861 625 3913 iu
645 3865 724 3913 statu
744 3861 796 3912 illo
817 3862 955 3928 abnormi,
972 3866 1048 3915 certe
1063 3875 1119 3913 nou
1134 3859 1282 3914 debuisset

122 3963 260 4016 ononymos
277 3953 383 4006 Doctor
396 3952 586 4004 Lovaniensis
601 3955 659 4004 tam
672 3949 831 4018 praefracte
845 3951 918 4003 hano
932 3951 1108 4004 sententiam
1128 3951 1276 4016 appellare

124 4055 235 4096 suoram
248 4041 437 4110 hypothesin,
454 4056 537 4108 qnam
551 4041 582 4092 in
596 4045 657 4093 tota
671 4045 748 4093 retro
767 4041 946 4108 antiquitate
957 4056 1037 4094 nemo
1054 4041 1277 4107 propugnavit.»

175 4127 212 4200 (1)
229 4132 314 4186 Patet
331 4131 427 4184 cuivis
440 4129 549 4182 homini
569 4133 662 4182 mente
682 4145 761 4196 sana,
783 4131 830 4183 his
851 4131 982 4183 omnibns
996 4129 1134 4196 epithetis
1155 4127 1281 4181 describi

126 4215 285 4275 thmcteres
310 4221 430 4274 moralis
450 4219 653 4284 obligationis,
683 4235 755 4286 quae
783 4219 965 4286 cognoscitur
985 4215 1160 4292 (ciacicero
1174 4216 1207 4269 de
1222 4217 1281 4270 Ru-

128 4307 194 4369 publ.
204 4311 255 4363 lli.
270 4310 346 4380 epod
369 4311 504 4362 Lactant.
524 4307 657 4360 Institut.
673 4308 694 4359 l.
708 4309 758 4360 Vl.
774 4323 798 4359 c.
811 4303 865 4377 8.),
887 4323 943 4360 non
964 4311 1059 4359 autem
1085 4306 1281 4359 extensionem

128 4399 280 4460 agnitionis
298 4400 335 4454 ad
354 4415 451 4452 omnes
470 4397 676 4464 obligationes,
699 4414 771 4466 quae
796 4397 849 4450 nub
870 4396 1022 4473 quibusvis
1047 4394 1192 4448 adiunctis
1219 4405 1282 4443 esea

129 4488 233 4558 possint,
246 4497 278 4546 nt
289 4505 450 4557 anonymus
469 4487 585 4543 videtur
603 4489 787 4544 intellexisse
800 4487 1043 4554 interpretatione
1057 4499 1126 4539 sane
1145 4481 1282 4546 ridicula3
