3240 5064
546 397 584 412 -
604 365 666 426 217
685 395 724 408 -

47 477 157 546 dinem
171 479 366 560 diversum,
384 497 485 566 quem
508 473 546 541 in
570 471 710 540 coelesti
726 469 928 540 hierarchia
950 478 986 541 et
1009 474 1046 542 in
1070 497 1217 549 commu-

44 585 142 652 nione
167 585 377 656 Sanctorum
400 582 569 650 obtinent.
587 578 680 648 Hinc
703 583 803 668 petet
823 577 957 647 cultum
981 585 1017 649 et
1043 585 1217 675 supplica·

47 693 167 777 tiones,
179 713 270 785 quae
290 691 335 760 ed
348 695 486 760 sanctos
498 688 717 776 diriguntur,
729 686 772 752 ab
788 687 839 754 eie
851 689 1012 776 cognosci
1024 713 1092 760 non
1106 693 1218 763 solum

45 799 185 888 speciali
200 799 418 869 revelatione
434 796 511 880 Dei,
527 794 587 863 sed
602 793 693 860 hano
710 793 942 882 cognitionem
965 796 1017 865 eis
1040 821 1115 868 esse
1139 824 1217 870 con-

46 929 166 994 gruam
181 913 219 976 et
234 928 425 976 connexam
441 928 519 975 cum
535 903 611 992 ipso
627 923 689 969 suo
709 906 808 969 statu
832 902 986 992 perfecto
1011 905 1047 973 in
1070 930 1217 977 eommu-

45 1014 145 1083 nione
161 1014 384 1085 Sanctorum.
404 1013 530 1082 Confer
545 1011 587 1079 de
606 1010 672 1078 hac
694 1031 733 1078 re
747 1007 952 1080 Bellarmin.
972 1012 1013 1081 de
1032 1013 1214 1086 Beatitud.

46 1119 106 1190 SS.
124 1121 149 1190 l.
168 1123 199 1192 Ι.
220 1147 250 1192 c.
269 1123 327 1190 20.
344 1122 389 1191 ad
405 1126 603 1211 argument.
624 1118 693 1188 ΙΠ.

108 1230 299 1301 Praeterea
313 1231 447 1298 animae
463 1230 595 1312 beatae,
615 1249 702 1320 quac
725 1249 768 1295 ex
793 1226 859 1296 hac
875 1229 1157 1318 peregrinatione
1180 1231 1218 1298 in
1318 1239 1320 1243 ’

47 1338 149 1406 terris
170 1345 410 1430 pervenerunt
425 1337 469 1405 ad
483 1336 648 1427 patriam,
667 1357 784 1404 rerum
800 1334 1031 1406 humanarum
1054 1339 1215 1424 notitias,

48 1451 169 1514 etcum
186 1447 354 1515 humanis
371 1445 558 1514 relationes
573 1467 641 1512 non
659 1443 840 1530 amittunt;
852 1443 912 1511 sed
924 1444 1035 1514 solum
1049 1446 1140 1537 quod
1156 1447 1218 1513 im·

50 1553 236 1638 perfectum
254 1561 351 1639 erat,
370 1558 563 1622 evacuatur
583 1559 619 1620 at
638 1551 800 1620 elevatur
823 1551 867 1619 ad
887 1553 1094 1641 perfectum.
1116 1553 1220 1623 Sicut

51 1681 188 1750 corpora
201 1685 323 1731 eornm
338 1668 476 1730 mortua
490 1661 528 1728 in
542 1659 648 1727 terrie
664 1657 794 1727 habent
809 1657 965 1727 ordinem
988 1661 1032 1728 ad
1058 1661 1217 1730 futuram

52 1767 153 1836 vitam
169 1777 206 1839 et
223 1769 514 1860 glorificationem
530 1769 567 1837 in
583 1767 688 1854 coelo;
703 1767 756 1834 ita
768 1766 879 1836 multo
892 1769 1005 1857 magis
1018 1771 1153 1838 animae
1167 1771 1218 1840 vi-

53 1883 165 1945 ventes
180 1876 218 1944 in
233 1875 351 1966 gloria
366 1877 520 1946 retinent
542 1873 709 1964 speciales
736 1873 924 1943 relationes
947 1875 992 1943 ad
1019 1899 1075 1944 res
1098 1876 1219 1944 huma·

52 2003 168 2066 nesea
182 1985 407 2075 perfectione,
426 2006 513 2076 quae
530 1983 694 2072 congruit
707 1983 914 2074 perfectioni
930 2007 1047 2053 eornm
1064 1984 1218 2054 charita-

54 2091 96 2158 tis
111 2113 193 2182 erga
207 2093 321 2162 Deum
335 2099 372 2162 et
386 2115 472 2181 erge
494 2091 650 2160 homines
675 2090 945 2160 sanctificandos
968 2097 1004 2160 et
1027 2092 1215 2162 salvandos

54 2199 164 2268 aDeo.
181 2201 277 2271 Haec
292 2201 406 2291 igitur
422 2206 594 2293 quatenns
609 2199 654 2267 ad
672 2204 805 2267 statum
821 2198 1055 2288 singulorum,
1074 2205 1219 2269 eatenus
1270 2222 1271 2231 ¹

55 2305 151 2374 etiem
173 2309 216 2377 cd
239 2331 359 2377 eornm
374 2330 443 2376 non
459 2307 557 2375 modo
573 2306 806 2395 cognitionem
823 2307 1003 2376 sedetiam
1034 2308 1220 2397 specialem

57 2435 165 2482 curam
191 2417 367 2506 pertinere
383 2415 553 2484 censenda
568 2423 662 2481 sunt.
682 2413 772 2481 Vide
788 2411 825 2482 S.
841 2413 963 2482 Τιιοιιι.ι
983 2419 1104 2484 contra
1121 2423 1217 2504 gent.

58 2519 117 2587 Ill.
136 2522 189 2609 593
208 2523 371 2602 Toletum
393 2524 430 2590 in
454 2523 487 2592 1.
508 2549 541 2615 q.
561 2524 604 2591 12
621 2545 653 2592 a.
669 2523 703 2610 83
724 2521 854 2590 Suarez
871 2521 913 2589 de
930 2522 1002 2590 Deo
1016 2521 1042 2590 1.
1054 2522 1104 2590 II.
1117 2545 1146 2591 c.
1161 2523 1217 2590 28.

58 2649 86 2694 ι.
103 2629 157 2718 17ς
173 2631 332 2701 nescium
348 2631 390 2700 de
405 2631 548 2700 Summo
564 2632 649 2700 hono
665 2629 692 2698 1.
710 2629 761 2698 ΙΙ.
776 2653 806 2698 c.
817 2629 850 2698 9.
868 2653 903 2698 ιι.
915 2629 971 2718 66;
991 2653 1021 2700 c.
1038 2629 1093 2699 10.
1106 2655 1141 2700 ιι.
1159 2631 1216 2700 69.

488 2845 632 2906 THESIS
652 2847 768 2906 XVIII.

244 2990 293 3051 De
313 2994 453 3062 ratione,
478 3007 545 3067 qna
565 2989 651 3050 Dens
672 2991 746 3050 licet
767 2991 854 3050 clare
874 2993 964 3050 visne
984 2993 1028 3052 rit

336 3101 446 3152 tamen
467 3093 568 3150 beatis
589 3089 926 3167 incomprehensibilis.

117 3307 130 3333 ι
143 3289 276 3352 Quamvis
295 3289 375 3343 besti
395 3292 484 3343 Deum
505 3289 537 3341 in
554 3285 624 3356 'ipsa
642 3288 704 3341 eius
723 3290 850 3342 assentIe
872 3290 1014 3344 intuItivc
1034 3289 1162 3358 videant,
1178 3297 1223 3345 est

64 3381 174 3430 τῑιιιιιιι
191 3381 268 3433 Deus
297 3379 374 3432 omni
392 3383 488 3433 creato
516 3380 681 3434 intellectui
712 3379 1012 3446 incomprenensibilis.
1040 3381 1127 3433 Retio
1153 3397 1221 3435 vero

64 3469 192 3536 vpmpric
215 3470 576 3536 Incomprehcnsihilitctis
595 3476 657 3539 cst,
680 3471 755 3539 qnod
775 3472 850 3524 Deus
871 3471 946 3524 sicut
962 3471 1156 3538 perfectione,
1178 3472 1222 3524 ita

66 3557 235 3612 siccensem
254 3561 504 3625 cognoscibilitate
517 3563 563 3612 cst
574 3553 717 3628 Infinitns³
733 3563 820 3629 atque
829 3561 893 3614 ideo
906 3563 943 3614 ab
960 3562 1113 3614 Intellecta
1126 3567 1222 3616 creato
1307 3595 1310 3604 .

68 3662 142 3699 *non
159 3655 254 3718 potest
272 3651 404 3716 cognosci
422 3651 570 3714 Intencioe,
592 3659 730 3717 qnantum
748 3659 788 3702 est
803 3651 1013 3718 coynoscitilin
1033 3651 1108 3704 unde
1127 3667 1222 3706 conse·

68 3739 193 3806 -quitur‚
211 3757 264 3808 per
283 3741 455 3795 intuitivern
475 3741 617 3795 visionem
638 3742 756 3795 divinae
776 3743 919 3794 assentite
938 3741 969 3793 in
990 3757 1020 3794 sc
1038 3742 1103 3809 ipsa
1122 3743 1157 3794 ab
1178 3743 1221 3794 iu-

69 3827 198 3882 ·tellectn
214 3836 311 3884 creato
330 3831 469 3883 extensive
487 3846 544 3884 non
563 3831 658 3884 videri
680 3831 790 3898 omnic,
811 3845 929 3898 qnorum
949 3832 1075 3899 ipsamet
1095 3831 1222 3885 essentia

69 3913 180 3971 »dirius
198 3925 243 3973 est
262 3921 419 3988 exemplar,
439 3936 488 3973 seu
504 3935 575 3988 quae
594 3921 626 3974 in
648 3921 749 3975 divina
767 3921 896 3974 essentia
918 3921 1192 3975 contemnenter.»

120 4105 147 4173 Ι.
163 4106 263 4178 Sicut
286 4109 533 4198 comprehensio
558 4110 595 4178 in
619 4110 723 4179 rebus
740 4108 914 4199 corporeis
930 4107 1120 4199 dupliciter
1137 4108 1223 4178 dici-

69 4215 116 4279 tnr
128 4221 198 4282 tum
214 4217 255 4286 de
270 4217 324 4285 rei
338 4215 611 4306 apprehensione
627 4222 703 4285 tum
727 4217 769 4286 de
788 4217 893 4306 plena
919 4217 1025 4286 unius
1047 4217 1085 4284 in
1109 4217 1222 4286 altero

70 4317 251 4394 inclusione:
264 4325 317 4395 ita
328 4323 373 4392 ed
385 4322 509 4392 horum
520 4323 717 4413 analogiam
729 4325 767 4391 in
779 4324 1026 4414 spiritualibus
1038 4331 1074 4394 et
1085 4324 1222 4394 intelle-

71 4430 223 4502 ctualibus
232 4456 300 4503 usu
309 4433 415 4502 etiam
426 4433 662 4504 ecclesiastico
671 4434 883 4523 significatio
895 4435 1048 4505 eiusdem
1061 4434 1223 4505 vocabuli
