3230 5072
551 376 588 390 -
611 345 669 404 411
694 377 731 392 -

35 445 93 514 sed
117 445 216 536 quie.
240 445 401 517 futurum
424 453 490 532 est,
516 454 570 517 est
593 450 829 538 cognitum...
848 449 887 520 Si
904 451 1011 521 ludas
1034 458 1150 542 potest
1163 473 1217 521 ee-
1353 412 1354 415 Ἴ

35 575 98 643 que
121 573 168 622 ac
194 553 328 624 Petrus
349 577 424 624 esse
446 556 649 645 Apostolus,
668 563 782 648 potest
799 557 894 626 Deus
918 559 961 627 de
982 558 1072 628 Iuda
1094 582 1217 650 cogno·

34 683 149 747 scere,
179 663 279 751 qnod
306 669 423 733 munet
445 663 636 754 Apostolus
667 687 775 757 aeque
805 687 846 734 ac
869 665 1006 736 Petrus.
1034 665 1074 735 Si
1103 675 1219 757 potest

31 769 139 836 Iudas
165 769 333 860 proditor
364 793 458 856 esse,
484 776 602 860 potest
623 772 718 841 Deus
742 773 785 841 de
808 795 847 842 eo
875 795 1100 862 cognoscere,
1127 775 1217 866 quod

31 879 100 946 erit
131 879 315 969 proditor.
342 879 382 948 si
403 886 520 950 eutem
550 883 667 973 reipsa
696 883 854 974 proditor
876 883 947 952 erit
968 883 1096 970 Iudas,
1122 884 1218 954 Deus

30 986 270 1074 praesciendo
286 987 335 1071 id,
353 987 444 1077 quod
461 988 531 1058 erit
545 1012 588 1058 ex
607 989 799 1080 praedictis
822 989 956 1060 duobus
978 989 1214 1080 possibilibus,

32 1093 65 1160 in
88 1115 130 1162 eo
156 1095 243 1184 ipso
266 1117 388 1165 verum
410 1115 642 1186 praenoscens
654 1097 717 1184 (1),
732 1100 905 1187 praesciet
921 1097 1043 1166 Indum
1065 1098 1216 1190 prodito·

30 1223 100 1268 rem
116 1202 253 1271 lieri...
270 1202 382 1285 Quasi
406 1204 556 1273 scientia
572 1205 638 1274 Dei
660 1205 805 1276 diceret:
824 1227 900 1274 cnm
916 1206 1028 1296 possit
1042 1205 1101 1276 hic
1116 1205 1216 1274 homo

33 1311 149 1378 lucere
175 1311 248 1378 hoc
272 1319 307 1380 et
329 1311 442 1402 possit
464 1313 580 1382 facere
603 1312 835 1398 contrarium,
860 1319 897 1382 et
918 1315 1018 1382 ambo
1044 1313 1118 1382 sint
1140 1336 1215 1404 pos·

32 1419 166 1504 sibilia,
197 1419 275 1488 scio
298 1421 389 1512 quod
412 1419 477 1489 hoc
500 1421 656 1492 faciet.»

96 1527 272 1614 Sensum,
291 1551 359 1620 quo
375 1528 454 1619 ipsa
469 1528 582 1598 libera
597 1535 778 1598 creaturae
794 1530 1038 1599 determinatio
1053 1529 1125 1600 dici
1140 1553 1216 1622 pos·

33 1635 168 1704 sitnon
186 1657 299 1704 causa
322 1635 492 1705 scientiae
507 1637 584 1721 Dei,
603 1636 662 1706 sed
687 1658 793 1706 causa
815 1660 879 1706 cur
895 1637 990 1707 Deus
1012 1637 1077 1708 hoc
1099 1637 1217 1729 potius

35 1743 248 1830 praevideat
270 1765 373 1835 quem
396 1743 511 1828 aliud,
537 1744 743 1814 distinctius
766 1744 880 1815 adhuc
902 1745 1137 1816 Damascenus
1160 1745 1216 1816 de·

38 1849 150 1920 oleret
173 1849 312 1942 dialog.
339 1858 430 1921 cont.
456 1850 610 1922 Manich.
635 1875 671 1921 ιι.
691 1852 747 1920 79.
769 1853 860 1920 «Vis
880 1856 1038 1942 procacio
1060 1854 1128 1922 Dei
1149 1877 1217 1920 noa

37 1981 75 2023 ω
96 1959 204 2026 nobie
231 1959 504 2042 intercessum
527 1959 619 2051 qaod
641 1975 754 2028 autem
777 1963 869 2045 hoec,
895 1985 983 2054 quoe
999 1964 1142 2052 facturi
1162 1986 1216 2029 aa·

38 2091 116 2146 nur,
138 2066 342 2156 praevidet,
359 2091 401 2136 eoa
423 2069 521 2136 notis
544 2083 604 2136 eet.
616 2068 698 2139 Nisi
722 2069 813 2138 enim
837 2093 990 2138 essemus
1012 2091 1054 2140 ea
1069 2070 1213 2154 facturi,

39 2195 146 2264 neque
162 2174 245 2265 ipse
261 2197 302 2244 ea
318 2175 564 2266 praevidisset,
583 2180 705 2265 utpote
720 2199 790 2245 non
806 2179 941 2247 futura.
959 2177 1008 2246 Et
1022 2177 1217 2267 praescien-

40 2283 88 2348 tia
117 2284 265 2374 quidem
296 2283 362 2353 Dei
393 2306 500 2353 verax
532 2289 586 2354 est
615 2290 652 2353 et
682 2284 885 2354 infallibilis
912 2279 1151 2376 (ἀπαραβατος);
1178 2290 1218 2354 et

40 2409 103 2456 uon
124 2389 212 2480 ipsa
234 2396 289 2459 est
311 2411 427 2476 causa,
453 2397 495 2462 ut
517 2391 654 2459 omnino
677 2391 743 2460 fiat
765 2392 855 2483 quod
879 2393 1042 2460 futurum
1064 2396 1130 2478 est,
1155 2391 1216 2460 sed

43 2495 120 2585 quia
142 2520 213 2566 nos
235 2497 352 2566 acturi
375 2520 495 2566 sumus
518 2497 582 2567 hoc
599 2497 657 2568 vel
673 2497 776 2584 illud,
790 2497 870 2588 ipse
894 2500 1103 2589 praenoscit.
1121 2526 1138 2563 n
1157 2497 1216 2568 Se·

45 2604 191 2674 cundum
217 2605 308 2674 hunc
331 2605 535 2676 relationem
558 2605 700 2676 termini
730 2605 775 2676 ad
798 2605 1002 2692 scientiam,
1029 2627 1118 2697 quae
1141 2607 1217 2676 sine

43 2709 103 2779 tali
119 2712 275 2782 termino
290 2717 383 2782 esset
398 2713 536 2804 quidem
548 2712 699 2783 scientia
713 2733 820 2804 aeque
831 2712 1001 2802 perfecte,
1015 2734 1084 2781 non
1100 2718 1216 2782 temen

45 2816 131 2889 lunc
154 2819 221 2889 sed
243 2820 354 2890 alium
376 2821 565 2891 terminum
589 2825 810 2906 connotsret,
837 2819 994 2910 intelligi
1018 2820 1144 2890 debent
1166 2819 1214 2888 lo·

46 2927 199 2998 cotiones
223 2931 380 3015 Petrum,
407 2930 544 3021 quondo
567 2929 711 3015 dicunt,
737 2953 801 3000 nos
823 2935 1049 3020 nostramque
1071 2928 1216 2997 liberam

48 3034 212 3107 actionem
243 3059 318 3107 esse
349 3059 507 3123 musam,
542 3061 606 3107 cur
635 3039 731 3107 Deus
763 3037 861 3106 illam
894 3036 1132 3128 praeviderit,
1159 3035 1216 3106 vel

48 3143 157 3229 etiam,
172 3169 195 3214 e
208 3126 310 3214 nobis
326 3145 405 3235 cogi
417 3145 527 3216 Deum
543 3150 585 3214 ut
599 3145 803 3236 praevideat
817 3151 972 3236 peccate.
988 3145 1045 3214 Itu
1058 3143 1217 3236 loquitur

50 3271 75 3316 e.
88 3251 350 3339 g.Venerabilis
365 3253 461 3322 Beda
476 3253 617 3324 Verior.
640 3279 697 3346 qq.
715 3281 749 3347 q.
769 3253 824 3323 13.
850 3253 973 3337 «Quid
995 3275 1079 3343 ergo
1103 3252 1217 3342 coegit

51 3377 106 3426 uos
118 3359 227 3445 Deus,
253 3367 296 3430 ut
315 3361 398 3429 mali
421 3361 490 3430 sibi
513 3361 712 3432 videremur
734 3362 778 3430 ab
800 3361 967 3430 aeterno?
982 3360 1110 3432 Absitl
1136 3383 1216 3430 num

52 3465 157 3551 potius
179 3492 246 3538 noe
268 3469 442 3559 coegimus
465 3491 554 3555 eum,
572 3475 614 3538 nt
635 3491 699 3538 nos
722 3467 829 3538 melos
852 3469 1036 3539 videret.»

109 3571 269 3648 Ceterum
291 3578 384 3669 apud
408 3579 531 3648 Patres
554 3578 833 3648 communissima
864 3583 918 3648 est
939 3577 1025 3648 haec
1055 3576 1216 3646 doctrina

54 3689 83 3751 et
102 3687 293 3758 sententia:
319 3708 388 3756 non
414 3686 491 3756 ideo
521 3686 682 3756 futurum
704 3691 776 3772 est,
803 3687 886 3780 quia
907 3686 1002 3756 Deus
1032 3684 1217 3776 praevidet

58 3789 223 3884 futurum,
250 3794 311 3864 sed
335 3794 419 3886 quia
448 3796 609 3864 futurum
633 3801 706 3879 est,
732 3793 809 3864 ideo
831 3794 926 3864 Deus
958 3792 1048 3862 illud
1079 3794 1215 3882 praevi-

57 3895 116 3969 det.
142 3931 159 3968 «
186 3902 289 3973 Sicut
317 3925 386 3972 non
417 3903 485 3972 sibi
515 3903 751 3974 adversantur
780 3901 865 3971 heec
888 3901 978 3986 dno,
1005 3899 1057 3969 ait
1080 3899 1117 3968 S.
1143 3899 1216 3970 Au·

112 4081 333 4158 (noluimus
352 4087 400 4141 hic
418 4087 541 4142 edictum
560 4101 622 4141 cese
643 4085 734 4152 vides,
755 4087 845 4138 Deum
863 4083 963 4137 lutura
979 4097 1146 4150 conoscere
1168 4083 1216 4134 iu·

65 4167 168 4226 tuitione
187 4173 282 4243 lprius
301 4175 344 4228 rei
363 4189 413 4228 eeu
432 4174 526 4242 ipsius
545 4174 654 4228 liberae
673 4169 923 4226 determinatiouls
941 4173 971 4223 et
988 4169 1125 4223 eodonis:
1147 4165 1168 4224 ia
1189 4173 1215 4222 a·

64 4263 170 4326 ’βδιιης
191 4263 266 4318 ἔσται
279 4261 420 4329 ’laudant
442 4261 503 4326 θεος
522 4283 555 4335 τῃ
568 4283 710 4336 προγνωσιι
732 4259 825 4326 αὐτου,
835 4281 881 4312 rua
902 4278 1094 4331 πραιιρημενωι
1115 4256 1216 4330 induxe-

341 4375 353 4407 ι
372 4373 418 4408 του
433 4352 507 4417 εἰναι,
526 4351 551 4406 iv
569 4349 640 4422 αὐτῳ
658 4373 687 4405 το
700 4347 805 4414 ἄληθες
827 4367 1017 4423 apameorum,
1030 4367 1214 4419 προγιυσιται
