3394 5056
625 350 664 366 ..
684 313 727 382 29
745 349 783 364 -

113 443 211 492 error
230 420 445 510 haereticus,
459 445 527 516 qno
539 445 607 492 non
626 423 735 492 colum
751 423 908 494 revelato
933 424 1105 513 theoloyia
1121 420 1288 492 distincto

111 536 278 618 negetur,
289 531 463 602 sedetiam
480 532 700 602 subvertitur
713 533 886 622 theotoqic
899 534 1001 598 unita
1017 531 1205 600 secundum
1218 553 1285 600 mo·
1316 593 1318 597 .

111 634 191 704 dnm
213 643 392 726 spectato,
418 646 523 728 prout
545 638 702 708 revelato
724 643 790 708 est.
809 639 929 728 Longe
944 637 1057 726 igitur
1072 637 1213 706 diverse
1232 643 1287 706 eet

111 743 313 810 monarchia
333 744 371 812 in
395 743 574 834 theologia
603 745 762 814 revelato
784 751 820 814 et
843 745 1016 814 catholica
1047 745 1089 814 de
1117 745 1189 813 Deo
1217 766 1286 812 uno

110 869 148 917 uc
168 847 239 916 iun
262 849 532 937 haereticorum,
558 851 619 944 qui
642 853 685 920 ab
707 851 865 944 antiquis
887 853 1144 932 monarchiani,
1169 872 1285 919 recen·

109 955 179 1024 tius
200 960 364 1024 enirm-ii
385 958 474 1028 dicti
498 965 592 1044 sunt,
618 982 657 1028 eo
681 959 771 1052 quod
794 965 923 1049 negate
947 957 1173 1028 distinctione
1197 956 1285 1026 divi·

110 1086 232 1133 norum
256 1088 488 1155 personarum
511 1067 724 1157 theologiam
747 1067 950 1137 distinctam
973 1066 1110 1136 omnino
1133 1088 1151 1134 e
1174 1065 1284 1134 medio

110 1169 290 1240 tollerent.
310 1171 413 1241 Sicut
429 1172 583 1242 vicissim
599 1173 702 1261 longe
725 1173 866 1242 diverse
888 1180 943 1243 est
968 1172 1140 1262 theologia
1164 1171 1285 1238 dictin-

111 1291 162 1344 αα
183 1277 445 1347 catholicorum
471 1280 515 1347 cb
545 1301 585 1348 ea
613 1280 877 1365 tritheitarum,
904 1280 966 1371 qui
989 1279 1181 1349 doctrinam
1205 1279 1284 1346 fun·

110 1383 343 1454 domentolem
366 1384 510 1454 divinae
532 1386 682 1455 unitatis
705 1388 965 1456 subvertebant.
983 1385 1152 1456 Doctrina
1167 1387 1284 1454 autern

112 1490 285 1560 catholice
310 1520 328 1554 a
344 1497 382 1561 et
396 1492 615 1561 monarchiae
630 1492 721 1562 nihil
737 1493 908 1584 obstrepit
922 1501 958 1562 et
989 1491 1200 1562 oeconomiae
1216 1495 1283 1560 sto

111 1603 182 1668 turn
203 1599 367 1690 protegit
382 1625 400 1662 n
428 1599 579 1669 Tertull.
598 1607 709 1670 contr.
727 1601 832 1672 Prex.
853 1624 883 1672 c.
904 1601 937 1670 8.
