3394 5056
897 363 935 378 -
956 331 996 392 38
1016 363 1055 378 -

396 435 514 508 litatis
525 443 562 507 et
576 436 887 507 manifestationis:
903 435 1128 507 «invisibilia
1140 439 1232 506 enim
1243 437 1357 528 ipsius
1367 459 1390 506 s
1404 444 1573 509 ereatura

397 546 520 615 mundi
541 568 604 636 per
626 567 668 616 ea
690 567 778 638 quae
801 547 897 616 laota
920 553 1022 630 sunt,
1048 543 1230 616 intellecta
1251 547 1529 637 oonspioiuntur.
1550 575 1569 610 ι

465 651 623 722 Mirabili
646 651 792 722 oonsilio
805 651 997 744 Apostolus
1010 653 1195 743 ooniungit
1210 653 1403 724 enbieotnm
1417 661 1455 724 st
1469 675 1572 746 pros-

398 761 566 846 iioatum,
580 782 668 852 quse
684 759 716 828 si
728 758 936 850 simplieiter
950 759 1182 850 aooipiantur,
1196 760 1469 832 contradictoria
1477 762 1573 831 oxis-

396 867 518 937 timari
538 871 690 958 possent:
707 865 908 936 invisibilia
922 872 1006 936 suut
1021 865 1191 951 visibilia,
1210 869 1312 936 immo
1323 874 1361 938 st
1371 867 1450 938 visa
1463 873 1573 960 utque

399 982 584 1068 psrspeota
605 997 644 1040 τα
668 971 781 1066 &opatu
805 971 989 1067 καθορᾶταις
1012 997 1120 1044 unum
1142 999 1227 1066 ergo
1257 975 1315 1046 vel
1343 975 1493 1046 altorum
1517 975 1572 1044 in·

398 1081 497 1172 diget
507 1081 752 1168 declaratione,
770 1103 838 1174 quo
853 1103 957 1152 sensu
971 1082 1210 1174 oooipiendnm
1232 1082 1292 1152 sit.
1310 1083 1462 1154 Verbum
1477 1082 1572 1152 idsm

399 1191 468 1282 ὄρᾷν
489 1191 603 1283 aooipi
625 1191 825 1284 aequivooo‚
851 1197 893 1260 ut
914 1191 953 1259 in
976 1191 1131 1262 snbieoto
1154 1191 1197 1262 ds
1219 1191 1353 1278 sensili,
1379 1191 1417 1260 in
1431 1190 1572 1282 praedi·

399 1305 479 1370 oato
501 1299 544 1370 ds
566 1298 801 1369 intelleotuali
823 1298 958 1369 visione
981 1321 1093 1370 sermo
1115 1300 1176 1386 sit,
1200 1321 1270 1368 non
1292 1305 1347 1370 est
1375 1297 1568 1390 probabile.

398 1405 501 1477 Siout
523 1405 715 1476 visibilitas
737 1405 803 1474 Dei
825 1427 894 1476 non
916 1411 1031 1496 potest
1053 1427 1128 1476 esee
1150 1405 1221 1476 uisi
1235 1404 1500 1490 intslleotualis,
1515 1405 1573 1474 ita

397 1521 436 1584 et
456 1513 696 1605 praedioatum
711 1513 975 1584 invisibilitatis
989 1514 1027 1582 in
1043 1513 1241 1605 Soripturie
1255 1514 1368 1604 eooipi
1384 1513 1485 1583 debet
1498 1535 1572 1582 non

400 1621 513 1692 solnm
535 1645 598 1712 pro
630 1620 742 1692 ooulis
774 1622 968 1712 oorporeis,
994 1621 1054 1690 sed
1077 1643 1140 1712 pro
1161 1621 1274 1690 ooulis
1304 1621 1431 1691 montis
1454 1625 1510 1708 (e.
1531 1645 1570 1710 g.

399 1727 642 1816 1.rim.1.17;
659 1727 711 1798 Io.
731 1727 827 1815 1.18;
845 1727 974 1798 viss.
991 1733 1089 1816 sto),
1107 1727 1179 1796 nisi
1194 1728 1332 1821 quaudo
1346 1751 1389 1798 ex
1404 1732 1573 1798 oontextu

400 1835 500 1906 aliud
522 1836 832 1906 demonstraretur.
857 1834 929 1904 Illa
949 1835 1042 1906 enim
1058 1835 1155 1927 prior
1169 1835 1402 1907 invisibilitas
1416 1858 1479 1926 pro
1494 1857 1573 1906 sen·

400 1943 497 2014 sibus
519 1941 626 2012 nimis
648 1965 710 2034 por
733 1965 770 2012 se
792 1942 896 2014 obvia
918 1949 985 2012 est:
1010 1965 1121 2036 neque
1143 1943 1210 2014 hao
1232 1943 1489 2034 signifioatione
1511 1965 1573 2034 op-

400 2057 598 2144 poneretur,
625 2057 667 2120 nt
687 2051 726 2119 in
750 2051 947 2142 Soripturis
968 2051 1023 2136 fit,
1047 2050 1279 2122 invisibilitas
1301 2074 1364 2142 pro
1379 2051 1457 2122 vita
1471 2070 1572 2142 prae-

399 2161 494 2230 senti
508 2159 715 2230 visibilitati
737 2181 801 2251 pro
823 2161 948 2230 futura
963 2160 1160 2246 (ol.1.Cor.
1177 2159 1379 2248 xm.1s.);
1399 2158 1464 2230 boo
1478 2159 1573 2230 enim

400 2289 506 2338 sensu
528 2267 624 2337 Deus
646 2289 714 2336 non
737 2273 792 2336 est
813 2289 907 2338 nuno
929 2267 1122 2338 invisibilis
1144 2275 1181 2338 et
1203 2267 1241 2337 iu
1262 2267 1378 2337 sltera
1392 2267 1470 2337 vita
1484 2267 1571 2336 visi·

401 2373 495 2460 bilis,
520 2373 580 2444 soll
595 2373 790 2444 invisibilis
806 2374 963 2445 absolute
978 2397 1041 2467 pro
1057 2375 1182 2468 quovis
1197 2381 1307 2446 statu.
1325 2375 1449 2467 Itaque
1463 2375 1572 2444 etiam

400 2482 440 2551 in
461 2480 548 2567 looo,
573 2481 616 2552 do
638 2504 706 2576 quo
728 2482 879 2573 agimus,
898 2513 916 2548 ι
934 2481 1133 2555 invisibilia
1147 2483 1244 2553 Dsi»
1268 2505 1337 2552 non
1360 2489 1444 2552 sunt
1458 2481 1572 2552 solnm

400 2588 600 2659 invisibilia
622 2589 734 2660 ooulis
757 2591 943 2682 oorporeis‚
968 2591 1028 2662 sed
1043 2590 1241 2661 invisibilia
1256 2592 1362 2660 etism
1375 2588 1573 2660 intolleotui

400 2696 574 2767 bumano:
599 2697 768 2768 dionntur
789 2705 906 2769 tamen
929 2699 1044 2770 vitleri
1065 2699 1202 2770 ratione
1224 2697 1398 2783 humens,
1423 2697 1508 2766 adeo
1531 2701 1575 2766 nt

402 2809 597 2896 opponatur
619 2805 762 2895 negatio
785 2805 1012 2876 visibilitatis
1029 2805 1248 2876 immediatae
1269 2811 1306 2876 et
1327 2804 1575 2874 affirmatiovi·

400 2911 587 2982 sibilitotis
621 2913 805 2984 mediatae.
831 2913 990 2984 Additur
1011 2915 1103 2984 enim
1126 2915 1171 2983 ab
1192 2913 1362 3004 Apostolo
1383 2912 1574 3004 explioatio

400 3020 505 3104 modi,
530 3042 600 3112 quo
622 3019 717 3091 Dens
739 3021 894 3108 videtur,
920 3021 1086 3092 videlicet
1107 3044 1176 3090 non
1198 3020 1439 3112 intelligibilis
1454 3019 1574 3089 burna

401 3147 466 3197 nse
497 3126 700 3197 infirmitati
721 3149 764 3197 ex
787 3151 824 3198 se
847 3149 979 3220 suaque
1001 3128 1218 3214 substantio,
1243 3151 1285 3198 ex
1308 3127 1502 3198 intelleotis
1522 3127 1574 3196 ef·

401 3233 554 3304 isotibus
575 3255 616 3304 ao
638 3235 801 3325 operibus
814 3235 889 3326 ipso
904 3235 1124 3333 intelligitur
1139 3235 1190 3324 (l)
1204 3236 1348 3329 eiusque
1363 3235 1575 3326 sempiterna

401 3341 519 3411 virtus
541 3349 578 3410 et
600 3341 784 3412 divinitas.
809 3341 909 3412 Unde
931 3341 1087 3412 homines
1102 3365 1218 3413 omnes
1233 3343 1428 3413 dotineutss
1443 3343 1573 3412 verita

400 3455 471 3518 tem
493 3447 560 3518 Dei
582 3450 620 3518 in
643 3449 833 3534 iniustitia,
859 3456 943 3520 sunt
964 3450 1217 3522 inexcusabiles
1239 3456 1276 3519 et
1298 3451 1422 3520 merito
1437 3451 1493 3518 ira
1507 3451 1573 3520 Dei

400 3555 444 3625 ds
455 3555 549 3625 ooelo
564 3577 669 3648 snper
682 3579 740 3626 soe
751 3557 931 3628 revolutus
942 3579 984 3628 oo
995 3580 1069 3628 sese
1080 3558 1284 3628 manifestat
1294 3557 1392 3628 Rom.
1404 3557 1435 3626 1.
1448 3557 1571 3626 18-20.

469 3663 673 3754 Disputatio
695 3664 781 3734 libri
804 3664 1003 3758 Sapientise
1025 3687 1065 3736 eo
1088 3666 1211 3736 differt
1231 3687 1254 3734 a
1276 3665 1448 3752 Paulina,
1481 3665 1574 3758 qnod

401 3767 477 3838 illio
493 3793 562 3841 non
584 3770 697 3841 solum
713 3773 907 3862 generatim
922 3773 1077 3858 dooetnr,
1092 3795 1191 3863 posse
1205 3777 1243 3841 et
1257 3771 1380 3842 debers
1400 3772 1478 3842 lieri
1494 3795 1573 3841 oon·

401 3875 591 3948 elusionem
613 3879 656 3948 ab
678 3879 870 3950 existentia
891 3880 999 3950 buius
1022 3881 1181 3951 universi
1196 3879 1241 3949 ad
1256 3879 1478 3950 existentium
1493 3879 1572 3966 Dei;

455 4070 499 4146 (1)
516 4073 646 4142 (tyrillus
662 4077 745 4131 Alex.
758 4079 790 4130 in
808 4077 1171 4145 1s.1.111.·r.11.p.88'1:
1188 4097 1201 4124 ι
1215 4077 1327 4131 llsturt
1345 4077 1508 4132 invisibilis
1529 4085 1576 4133 est

403 4161 517 4230 quiden
536 4165 627 4232 Deru
648 4167 736 4221 Deum
755 4168 831 4221 enlm
843 4183 924 4222 nemo
935 4167 1013 4221 vidit
1031 4183 1173 4236 nmquam,
1189 4155 1265 4222 siout
1284 4168 1421 4235 seriptum
1440 4171 1495 4222 ost.
1510 4168 1575 4222 Osr

401 4249 484 4304 nitur
501 4256 597 4308 umen
616 4257 720 4310 mentls
739 4257 831 4311 oeulis
850 4271 885 4310 ex
897 4257 1081 4312 mirabilibus
1095 4261 1125 4310 st
1137 4257 1335 4311 ineffabilibus
1346 4257 1481 4324 operibus
1500 4259 1573 4322 ruir;

401 4339 569 4398 invisibilla
579 4345 655 4400 salin
668 4347 740 4414 sius,
758 4347 856 4416 lnqult
867 4347 1033 4416 Apostolus,
1048 4353 1210 4402 nutatura
1224 4347 1322 4402 mundi
1334 4369 1348 4397 ι
1360 4351 1415 4402 ste.
1428 4347 1473 4401 01.
1485 4345 1575 4402 Atina·

402 4445 466 4485 uss.
480 4446 521 4486 or.
535 4439 612 4488 sont
626 4441 703 4502 rent.
719 4452 748 4490 n.
759 4436 804 4502 85;
821 4435 1076 4496 Pseudo-Antros.
1091 4439 1121 4491 in
1141 4439 1221 4493 Rom.
1233 4439 1257 4491 1.
1268 4438 1313 4490 80.
