3292 5062
551 347 589 362 ·-
613 317 669 376 151
692 347 729 360 —

28 432 35 459 ⁸
86 423 190 490 donam
211 421 440 511 expressit...
460 423 559 490 velut
580 421 776 490 evidentem
799 422 1030 512 cognitionem
1054 425 1226 501 statuane,

85 531 157 620 quod
177 529 221 598 sit
243 553 348 619 super
371 551 502 597 omnem
527 529 820 618 cognitionem...
839 539 944 620 atque
973 549 1016 597 ex
1047 527 1231 617 negatione

83 659 291 728 eorumquae
306 660 376 704 non
394 637 529 721 ineunt,
547 645 583 706 et
606 659 648 704 ax
672 639 900 706 affirmatione
923 657 1155 727 eorumquae
1177 634 1232 724 pie

83 742 114 809 de
135 744 202 832 ipso
231 744 508 832 intelliguntur,
534 743 810 834 apprehenditur
834 747 920 836 quia
950 758 999 810 est
1015 771 1032 805 n
1055 743 1117 830 (ὁτι
1146 739 1228 818 ἐστι,

84 849 196 917 uellem
217 850 335 940 legere
357 851 396 918 in
419 851 483 920 hoo
503 852 711 932 contextui,
731 875 758 915 τι
776 847 839 916 ἐστι
859 851 944 941 quid
968 858 1051 937 est).

131 959 218 1026 Haec
240 965 357 1028 autem
382 960 524 1028 Petrum
547 967 584 1030 et
606 961 849 1048 theologorum
865 959 1047 1028 distinctio
1063 960 1156 1027 inter
1171 957 1232 1026 du·

83 1065 182 1155 plicem
204 1067 439 1155 cognitionem
461 1068 527 1136 Dei
546 1089 730 1158 rerumque
750 1067 951 1136 divinarum
969 1065 1056 1157 qaid
1067 1069 1151 1148 sint,
1165 1089 1233 1134 non

83 1179 121 1239 et
139 1173 204 1240 nisi
226 1173 435 1241 fidelissima
456 1173 633 1262 expressio
669 1174 848 1242 doctrinae
878 1175 915 1240 in
940 1172 1133 1262 Scripturis
1156 1193 1234 1240 oon-

83 1278 229 1367 signetae.
253 1310 270 1342 u
289 1279 458 1348 Videmus
480 1303 574 1349 nune
597 1302 659 1370 per
683 1281 861 1370 speculum
885 1280 1063 1366 (mediate)
1079 1279 1116 1344 in
1141 1278 1232 1345 aeni-

83 1393 175 1472 gmate
192 1413 207 1448 e
227 1387 441 1476 (cognitione
464 1389 612 1457 obscura
642 1393 679 1456 et
707 1389 854 1456 confusa
876 1410 915 1456 eo
939 1387 1038 1476 ipso,
1064 1385 1148 1476 quia
1181 1394 1235 1454 est

82 1514 127 1582 per
145 1495 240 1563 aliud
265 1496 414 1564 medium
438 1505 475 1565 et
496 1521 564 1566 non
588 1497 679 1566 visio
703 1496 830 1565 obiecti
853 1497 890 1563 in
914 1501 990 1582 se);
1010 1495 1087 1563 ideo
1106 1523 1122 1557 u
1140 1516 1233 1562 nunc

83 1623 225 1688 cognosco
247 1625 292 1671 ex
315 1611 415 1693 parte
439 1605 544 1695 (quod
568 1605 646 1674 lieri
670 1627 738 1673 non
754 1611 882 1694 posset,
898 1605 928 1671 si
946 1604 1039 1672 Deus
1055 1623 1235 1691 cognosca-

81 1719 159 1778 retur
179 1719 220 1778 ut
241 1711 282 1778 in
306 1735 342 1780 sa
367 1720 432 1796 est,
452 1735 530 1780 cum
556 1713 605 1780 sit
627 1735 697 1781 una
722 1712 983 1802 simplicissime
998 1710 1178 1800 perfectio,
1197 1707 1235 1774 in

82 1837 134 1904 qua
152 1825 270 1905 partes
294 1817 369 1886 sive
394 1818 623 1907 perfectiones
646 1819 683 1885 in
708 1841 743 1886 se
767 1818 956 1886 distinctae
979 1815 1099 1884 nullae
1122 1818 1232 1901 eunt),

81 1927 147 1991 tuno
166 1930 283 1992 autem
306 1924 398 1994 facie
423 1927 468 1994 ad
492 1925 616 1994 faciem
640 1947 863 2014 cognoscam,
890 1925 984 1992 siout
1006 1929 1042 1990 et
1072 1922 1234 2012 cognitus

82 2051 141 2096 snm
156 2059 172 2092 n
189 2032 403 2117 (immediate
426 2041 462 2101 et
484 2033 561 2102 ideo
583 2057 652 2100 non
675 2055 716 2102 ex
741 2037 851 2123 parte,
871 2033 932 2100 sed
951 2032 1045 2100 sicot
1059 2031 1097 2098 in
1114 2053 1150 2098 se
1165 2035 1231 2119 est;

81 2138 151 2224 quod
174 2139 265 2206 enim
289 2163 331 2208 ex
347 2145 447 2229 perte
470 2148 538 2224 est,
564 2141 809 2227 evacuabitur)
825 2140 858 2208 1.
877 2139 957 2208 Cor.
976 2139 1080 2206 XIH.
1100 2139 1154 2207 12.
1174 2140 1235 2208 co-

81 2243 175 2329 gnitio
207 2268 374 2336 praesens
395 2255 450 2316 est
473 2248 773 2338 peregrinantium
805 2271 826 2315 s
855 2249 1001 2316 Domino
1035 2241 1234 2336 (ἑκδημουμεν

82 2345 127 2414 dre
147 2375 194 2417 reo
219 2377 319 2444 κυριου
337 2356 575 2424 exsulantium
587 2378 609 2422 a
625 2356 723 2424 domo
739 2359 911 2446 paterne),
929 2385 945 2420 u
963 2357 1143 2446 perfidem
1166 2377 1233 2423 non

81 2463 314 2550 perspeciemn
336 2457 381 2547 (iu
393 2458 443 2527 δια
455 2457 549 2535 indeve
564 2485 632 2530 non
647 2485 709 2553 per
726 2463 911 2550 visionem)
931 2463 966 2532 2.
984 2463 1061 2532 Cor.
1080 2464 1125 2532 V.
1145 2463 1178 2531 6.
1198 2465 1229 2532 7.

80 2568 161 2649 Quod
183 2571 315 2640 Paulus
338 2571 427 2642 dicit
449 2572 680 2662 cognitionem
707 2574 809 2660 focio
830 2570 876 2638 ad
895 2573 1046 2660 sociem,
1067 2595 1132 2661 per
1161 2595 1233 2660 spe-

80 2679 156 2760 ciem,
172 2683 259 2745 siout
276 2684 434 2770 cognitus
444 2705 529 2763 eum,
539 2705 606 2746 non
619 2705 660 2748 ec
669 2661 786 2770 parta·
795 2681 832 2750 S.
849 2681 998 2750 Ioannes
1010 2681 1043 2749 1.
1055 2681 1105 2748 lo.
1118 2679 1231 2748 111.2.

81 2783 216 2854 declarat
238 2787 409 2856 visionem
432 2787 498 2856 Dei
520 2789 624 2854 eiecti
654 2802 722 2869 esc,
741 2809 829 2879 quae
852 2810 914 2878 pro
947 2789 1024 2858 vita
1057 2785 1233 2878 praesenti

81 2897 220 2978 negatum
243 2893 430 2962 anundum
453 2894 544 2962 enim
568 2895 746 2984 apparuit,
765 2895 849 2987 quid
866 2896 1007 2979 erimus,
1028 2921 1044 2956 n
1064 2894 1149 2962 lieet
1165 2894 1234 2961 iam

81 3019 154 3068 nnnc
175 3000 366 3070 doceantur
388 3001 509 3070 fideles
532 3003 573 3070 de
600 3002 769 3086 omnibus,
788 3010 824 3071 et
847 3003 908 3094 qui
931 3026 999 3070 non
1025 3009 1154 3092 peceat,
1181 2999 1234 3069 vi·

81 3101 155 3173 derit
175 3113 210 3176 et
233 3108 440 3196 cognoverit
463 3130 540 3176 eum
564 3109 625 3198 qui
648 3108 685 3176 in
709 3108 809 3175 nobis
837 3115 952 3176 menet
976 3109 1144 3195 (11.e.4.
1164 3109 1231 3196 27;

83 3207 135 3278 ΠΙ.
153 3213 213 3299 6.),
232 3215 435 3303 cognitione
458 3237 540 3282 sane
562 3215 712 3284 noudum
736 3215 812 3299 illa,
832 3237 920 3306 qnae
935 3222 1158 3306 exspectetur
1180 3217 1234 3285 iu-

83 3324 145 3385 lura
161 3349 177 3384 a
195 3321 302 3390 sicuti
324 3329 391 3406 est,
412 3349 428 3384 n
448 3323 507 3391 sed
523 3321 647 3407 altere,
666 3345 754 3415 quae
770 3345 792 3388 a
806 3323 918 3391 Paulo
942 3324 1142 3392 declaratur
1159 3345 1235 3392 esse

84 3445 115 3487 m
124 3441 229 3511 parte,
239 3451 304 3515 per
314 3429 484 3517 speculum
499 3433 536 3494 in
554 3434 834 3519 aenigmate,‘per
842 3431 958 3518 sidem.
970 3431 1021 3500 De
1037 3431 1093 3498 his
1109 3432 1233 3500 distin·

84 3531 157 3601 ctius
178 3535 214 3601 in
238 3536 354 3625 cepite
378 3537 537 3628 sequenti
558 3545 696 3627 agetur.

134 3639 180 3708 Π.
196 3642 250 3710 Ex
274 3665 337 3727 eo,
364 3644 454 3734 quod
478 3645 589 3713 Deum
612 3667 678 3713 nou
704 3647 741 3712 in
765 3646 907 3733 propria
930 3668 995 3715 sue
1018 3653 1147 3714 nature
1169 3645 1231 3712 im-

86 3747 211 3818 mediate
235 3750 407 3834 videmue‚
433 3753 594 3820 sedeam
618 3775 678 3840 per
702 3757 883 3820 creaturas
897 3759 1075 3844 tamquam
1090 3775 1151 3842 per
1168 3775 1234 3818 me·

86 3848 162 3920 (lium
184 3857 444 3946 praecognitum
468 3858 582 3926 solum
598 3858 822 3925 concludendo
844 3855 1010 3947 (ἁναλογως
1026 3859 1108 3948 Sap.
1128 3859 1231 3927 XIII.

88 3977 269 4044 σῖῦχαστῑκως
293 3966 472 4054 Athenag.
498 3965 650 4054 Nyssen.
683 3963 922 4053 συλλογιζομενοι
945 3966 1112 4034 Nazianz.
1143 3971 1234 4052 etc.)

89 4059 262 4158 intelligere
287 4085 482 4160 possumus,
510 4094 719 4162 consequens
742 4080 807 4156 est,
828 4080 867 4140 ut
887 4072 981 4140 Deus
997 4073 1034 4140 in
1050 4095 1114 4140 sua
1129 4073 1234 4142 etiam

90 4161 277 4247 revelatione
300 4179 384 4247 huic
407 4177 624 4267 concipiendi
655 4179 753 4246 modo
777 4179 875 4248 nobis
909 4181 1129 4248 connaturali
1161 4203 1235 4250 sese

92 4287 310 4372 accommodem
337 4291 374 4356 et
396 4286 476 4354 inde
503 4283 654 4354 ulterius
677 4287 737 4370 fit,
764 4294 807 4354 ut
829 4309 906 4356 eum
932 4311 994 4357 nec
1020 4289 1156 4356 ratione
1172 4309 1234 4356 nec

93 4379 146 4452 ide
164 4391 249 4466 siout
269 4394 306 4461 in
331 4417 368 4462 se
390 4401 468 4477 est,
494 4394 674 4483 concipere
699 4394 871 4482 possimus
888 4395 984 4481 (vide
1000 4395 1052 4464 th.
1073 4397 1148 4479 X.).
1167 4395 1234 4492 Hic
