3262 5076
523 410 561 423 ..
581 378 642 438 527
664 409 702 422 ..

36 485 194 554 nitatibus
214 484 340 574 potior,
359 483 449 576 quod
473 483 639 565 intentes,
659 491 699 552 ut
722 482 789 551 llds
813 489 961 566 constat,
987 482 1198 550 damnantur

37 590 161 682 quidam
180 589 225 659 ad
240 590 472 680 privationem
485 588 567 657 finis
580 587 698 656 ultimi
714 588 995 678 supernaturalis
1011 587 1048 655 in
1065 585 1198 656 visione

37 697 198 783 beatifica,
224 717 311 790 quae
327 697 481 787 privatio
505 697 649 766 debetur
667 703 815 764 naturae
837 697 956 787 lapsae
979 702 1014 764 et
1037 717 1099 786 per
1122 717 1197 784 pec-

35 813 139 873 catum
157 805 334 896 originale
350 805 540 875 destitutae
563 807 683 895 gratia
705 804 964 888 sanctificante,
990 829 1057 874 non
1081 809 1197 871 tamen

35 911 237 980 damnantur
260 911 303 980 ad
327 935 468 1002 menam
498 935 619 982 wnsus
646 919 915 998 tormentorum,
942 935 1030 1005 quae
1053 912 1198 982 debetur

34 1019 144 1087 liberis
168 1018 273 1088 malis
298 1021 443 1090 meritis.
471 1021 570 1090 Unda
593 1023 687 1090 Deus
710 1044 776 1089 non
801 1027 918 1110 potest
941 1019 1032 1090 velle
1056 1019 1195 1088 damna·

34 1125 149 1194 tionem
174 1125 399 1212 adultorum,
426 1127 496 1194 nisi
520 1126 704 1196 voluntate
727 1139 945 1217 consequente
968 1124 1014 1192 cd
1035 1126 1197 1213 praecisa

33 1234 115 1299 ncta
130 1237 272 1314 meritc,
291 1256 378 1325 quae
402 1236 445 1302 ab
467 1257 585 1302 eorum
610 1234 774 1302 libertate
798 1233 966 1323 pendent3
992 1240 1028 1302 et
1043 1232 1120 1301 ideo
1138 1253 1195 1301 vo·

33 1341 160 1410 luctata
184 1341 411 1410 antecedente
436 1343 518 1411 vult
533 1363 651 1411 eorum
668 1341 819 1410 omnium
835 1339 998 1424 salutem,
1018 1343 1195 1430 tamquam

32 1471 183 1518 coronam
201 1449 402 1518 meritorum
420 1450 570 1539 gratiae,
589 1451 654 1518 sub
669 1449 867 1518 conditione
890 1447 1059 1538 pendente
1084 1447 1127 1514 ab
1142 1468 1195 1514 eo

33 1581 99 1625 rum
116 1558 285 1626 libertate
301 1557 425 1626 adiuta
440 1581 500 1647 per
517 1557 683 1648 gratiam.
702 1559 752 1626 At
767 1555 840 1624 alia
856 1555 960 1645 longe
975 1561 1030 1623 est
1045 1553 1196 1623 conditio

33 1665 216 1734 infantium
231 1670 306 1732 tum
323 1665 435 1756 quoad
452 1664 599 1732 salutem
616 1671 689 1733 tum
709 1663 820 1756 quoad
846 1663 1113 1731 damnationem.
1128 1660 1196 1728 Vo-

33 1771 161 1839 luntate
174 1786 396 1861 consequente
405 1769 485 1840 vult
496 1769 729 1840 exclusionem
741 1792 860 1840 eorum
874 1770 917 1838 ab
928 1775 1070 1837 aeterna
1082 1767 1198 1859 gloria

33 1879 66 1944 ob
82 1887 261 1968 peccatum
287 1879 472 1970 originale,
499 1882 589 1972 quod
614 1903 681 1950 non
705 1880 833 1971 pendet
854 1880 898 1948 ab
921 1902 1037 1948 sorum
1055 1876 1197 1968 propria

33 1985 197 2072 libertate,
215 1988 274 2056 sed
290 1987 437 2057 alibero
453 1997 592 2079 peceato
607 1989 713 2079 primi
729 1988 904 2079 parentia:
922 1988 976 2056 ita
991 2009 1075 2077 ergo
1091 1985 1196 2054 etiam

33 2095 102 2163 vult
120 2095 305 2164 voluntate
322 2094 537 2162 antecedente
551 2119 669 2166 sorum
687 2097 839 2165 omnium
856 2095 1003 2164 salutem
1021 2103 1196 2185 tamquam

33 2202 218 2290 gratuitam
232 2201 460 2271 hereditatem
473 2205 533 2270 aab
543 2203 747 2284 conditione,
757 2211 926 2295 quantum
939 2225 1006 2270 non
1020 2201 1197 2270 obsistunt

32 2309 289 2398 inpedimenta,
316 2333 405 2402 quae
429 2334 494 2380 non
519 2315 562 2380 ab
593 2334 711 2380 eorum
743 2311 908 2379 libertate
932 2309 1103 2401 pendent,
1137 2307 1196 2376 sed

33 2415 166 2487 inducta
191 2427 276 2487 sunt
299 2441 339 2488 ex
364 2419 474 2488 libero
499 2427 638 2509 peceato
662 2419 767 2510 primi
790 2419 958 2509 parantis.

89 2526 157 2594 illa
180 2549 265 2618 pars
288 2528 553 2618 explicationis,
580 2551 649 2622 qua
671 2527 825 2597 diximus
853 2527 1103 2609 conditionem,
1132 2525 1195 2594 sub

33 2657 91 2723 qua
112 2635 210 2704 Dens
234 2635 448 2702 antecedente
478 2635 662 2706 voluntate
687 2636 767 2706 vult
789 2635 1055 2726 applicationem
1081 2655 1196 2702 sacra-

33 2743 129 2810 menti
152 2751 189 2812 st
214 2742 295 2810 inde
311 2742 477 2825 salutem,
497 2743 620 2812 saltem
637 2745 749 2836 quoad
767 2743 934 2834 plurimos
950 2745 1105 2811 infantes
1121 2765 1195 2812 esse

34 2849 169 2934 positam
192 2850 299 2919 etiam
316 2851 353 2918 in
369 2850 490 2920 liberis
506 2851 751 2920 voluntatibus
776 2859 811 2919 et
834 2851 1031 2918 actionibus
1047 2848 1193 2918 aliorum

33 2951 214 3041 hominnm,
230 2963 346 3046 potest
362 2958 475 3025 videri
493 2959 670 3026 contraria
687 2957 865 3028 doctrinae
880 2957 1088 3047 Augustini.
1106 2957 1196 3025 «Vi-

33 3059 140 3132 demus
153 3063 356 3155 aliquando,
371 3065 424 3132 ait
438 3064 524 3154 ipse,
540 3067 623 3134 bene
640 3065 775 3133 meritis
792 3063 953 3134 fidelibus
971 3087 1037 3132 non
1056 3064 1195 3133 concedi

34 3168 114 3238 filios
137 3193 233 3256 snos,
260 3177 300 3239 nt
323 3171 397 3240 sint
419 3172 456 3240 in
481 3195 589 3262 regno
611 3173 676 3244 Dei
701 3196 779 3241 cum
803 3173 1005 3263 parentibus
1030 3172 1117 3260 suis;
1137 3171 1196 3241 sed

34 3299 91 3344 uon
114 3285 339 3368 regeneratos
363 3277 531 3368 parvulos
554 3279 649 3348 exire
673 3280 715 3348 de
732 3282 797 3348 hae
820 3280 909 3364 vita,
929 3279 1009 3348 dum
1030 3304 1195 3350 nonnum·

36 3408 124 3478 qnam
149 3393 186 3455 et
209 3387 297 3476 ipsis
325 3386 400 3454 suis
430 3387 633 3477 parentibus
664 3387 827 3456 ardenter
857 3387 1138 3458 desiderantibus
1161 3395 1197 3457 st

36 3492 199 3562 ministris
223 3501 516 3562 sacramentorum
534 3493 702 3563 alacriter
719 3493 971 3564 festinantibus
986 3497 1030 3566 ab
1047 3499 1195 3588 omnipo-

35 3600 222 3670 tentissimo
244 3609 280 3670 et
304 3601 626 3670 misericordissimo
641 3603 713 3672 Deo
729 3627 796 3672 non
821 3603 988 3674 differtur
1010 3607 1195 3696 paululum

35 3729 114 3778 nors
140 3732 280 3794 eornm,
308 3715 349 3779 ut
371 3707 653 3778 Christianorum
681 3711 756 3780 nati
782 3721 909 3782 exeam
937 3713 1019 3784 hine
1048 3715 1194 3784 renati»

35 3813 339 3908 dng.0p.imperf.
351 3819 592 3888 cont.1ul.VI.
608 3843 638 3887 c.
651 3819 705 3906 123
717 3819 759 3889 de
771 3819 874 3890 (irat.
885 3829 920 3888 et
931 3821 994 3889 lib.
1005 3822 1079 3889 arb.
1092 3845 1126 3890 n.
1137 3823 1194 3891 44.
1324 3883 1329 3894 .

36 3920 77 3990 at
88 3929 121 4011 c)
132 3925 361 4017 Augustinus
380 3927 490 3995 solum
509 3927 668 3996 instituit
684 3930 842 4018 probare,
860 3928 1012 4017 gratiam
1033 3929 1197 4020 baptismi

36 4048 98 4098 esse
122 4031 323 4101 beneficium
352 4033 561 4123 gratuitum
587 4055 654 4101 non
679 4039 795 4102 autem
824 4041 944 4124 negat,
970 4033 1079 4102 Deum
1104 4049 1196 4101 cnte-

39 4134 157 4206 cedente
179 4139 362 4210 voluntate
386 4140 627 4208 conditionata
649 4141 741 4211 velle
761 4141 851 4210 hanc
867 4141 1019 4231 gratiam
1039 4143 1197 4213 omnibus

39 4243 199 4316 obvenire.
219 4248 252 4334 d)
269 4247 389 4316 Solum
406 4255 515 4339 negat
526 4251 688 4318 meritum
705 4248 746 4317 de
760 4249 941 4340 condigno,
953 4250 1010 4319 cui
1028 4251 1197 4321 debeatur

40 4355 243 4440 regeneratio
266 4353 477 4443 infantium
506 4357 565 4426 sed
582 4379 651 4426 uon
668 4363 776 4446 negat
792 4359 1065 4446 impetrationem
1087 4359 1195 4450 bapti-

40 4461 95 4526 smi
116 4485 176 4551 pro
200 4463 334 4533 iisdem.
362 4471 392 4548 c)
416 4463 535 4533 Solum
559 4471 741 4533 enumerat
760 4465 897 4557 aliquas
915 4465 1120 4534 manifestas
1144 4466 1195 4534 in·
