3360 5060
603 421 640 434 -
661 388 722 449 635
745 422 782 436 -

78 495 202 579 tiam,
228 515 315 586 quae
337 517 406 563 nou
429 493 565 563 meritis
588 493 751 563 humanis
773 495 890 564 datur.
920 523 936 560 a
954 495 995 564 Si
1017 493 1184 584 Pelagius
1200 517 1277 564 cou-

80 603 263 689 senserit,
282 605 387 673 etiam
410 603 522 694 ipsam
545 602 763 673 voluntatem
786 609 822 672 et
844 603 1013 674 actionem
1030 603 1204 674 divinitus
1220 604 1279 672 ad·

81 709 244 796 iuvari,
273 717 309 780 ot
334 709 386 780 sio
412 709 596 794 adiuvari,
623 715 665 780 ut
687 711 763 780 sino
786 709 848 779 illo
871 710 1047 779 adiutorio
1074 709 1166 778 nihil
1193 712 1278 780 bene

84 817 254 888 velimus
269 826 305 888 et
320 839 478 908 agamus,
493 839 635 908 eamque
657 840 732 888 esse
747 817 899 908 gratiam
920 817 986 886 Dei
1001 839 1063 909 per
1082 817 1113 886 Ι.
1123 817 1161 886 C.
1171 818 1214 886 D.
1226 818 1271 888 N.

83 925 200 992 nihil
223 925 263 992 de
286 924 461 994 adiutorio
483 928 624 1016 gratiae
638 925 717 1008 Dei,
736 941 901 1018 quantum
918 926 1085 1010 arbitror,
1104 927 1196 993 iuter
1219 949 1285 992 noc

86 1038 353 1103 controversiae
380 1035 634 1128 relinquetur»
660 1035 702 1104 de
738 1035 839 1104 Crat.
866 1035 1000 1104 Christi
1026 1059 1062 1104 n.
1083 1036 1138 1104 52.
1164 1033 1279 1104 vitali

88 1141 384 1234 Semipalagiano
399 1141 490 1212 idem
506 1142 732 1233 Augustinus
756 1165 809 1234 ep.
828 1142 906 1210 217.
921 1143 969 1211 al.
985 1143 1062 1211 107.
1075 1165 1111 1210 n.
1125 1142 1180 1210 16.
1195 1143 1280 1212 duo·

90 1249 217 1318 decim
240 1249 403 1340 proponit
424 1249 541 1340 capita
564 1249 663 1318 velut
678 1247 813 1340 plenam
829 1248 1082 1339 expressionem
1099 1247 1278 1318 doetrinae

90 1355 296 1425 catholicae
321 1362 443 1425 contra
465 1356 635 1425 haeresim
650 1356 875 1446 Pelagianam
892 1362 928 1425 et
951 1355 1277 1446 Semipelagianam:

97 1492 118 1528 ιι
138 1483 232 1555 quae
254 1463 322 1532 tibi
344 1463 490 1549 tenenti,
509 1463 637 1554 inquit,
656 1463 790 1528 nullum
813 1465 948 1530 omniuo
971 1478 1084 1530 manet
1108 1463 1280 1530 uobiscum

95 1567 144 1634 de
162 1567 226 1634 loo
241 1569 439 1658 quaestione
461 1581 638 1636 cacumen.
657 1593 674 1630 n
699 1567 813 1659 Atqui
834 1569 872 1636 in
895 1567 970 1636 illis
994 1591 1129 1660 quoque
1152 1568 1278 1658 capiti·

96 1677 172 1744 bus
189 1675 327 1769 nullum
343 1677 495 1768 reperias
508 1675 698 1766 vestigium
712 1675 890 1746 doctrinae
906 1677 948 1746 de
964 1675 1280 1767 praedestinatione

97 1785 150 1854 ad
184 1783 333 1874 gloriam
368 1790 450 1854 ante
480 1780 643 1876 praevisa
671 1785 797 1853 merita
828 1785 1122 1875 supernaturalia.
1155 1785 1281 1853 Totum

98 1893 200 1985 quod
223 1894 261 1962 in
284 1893 358 1961 illis
380 1892 425 1962 ad
448 1893 799 1983 praedestinationem
822 1893 948 1962 referri
976 1899 1112 1984 potest,
1143 1893 1187 1962 ad
1217 1892 1282 1960 has

100 2003 198 2072 duas
219 2001 404 2072 reducitur
420 2002 626 2072 sententiaa:
648 2001 807 2071 «scimus
827 2003 981 2092 gratiam
995 2002 1062 2071 Dei
1077 2025 1187 2094 neque
1203 2024 1282 2093 par·
1367 2085 1372 2098 ,

103 2106 207 2178 vulis
240 2131 351 2201 neque
381 2107 571 2178 maioribus
601 2109 789 2179 secundum
822 2109 947 2178 merita
978 2114 1100 2178 nostra
1133 2109 1231 2196 dari3
1264 2135 1279 2172 n

109 2247 126 2281 a
142 2215 273 2286 scimus
295 2239 358 2308 pro
381 2217 452 2303 eis,
478 2217 539 2310 qui
561 2218 688 2287 nolunt
710 2219 868 2304 credere,
898 2241 961 2287 nos
984 2219 1045 2310 qui
1075 2219 1145 2286 iam
1173 2217 1281 2288 oredi-

106 2347 198 2410 mus,
217 2331 314 2394 reota
329 2325 396 2395 fida
412 2347 529 2415 agere,
548 2349 626 2394 oum
643 2349 792 2413 oramus,
812 2333 854 2395 ut
869 2326 1023 2396 credant.
1041 2353 1058 2389 n

177 2431 236 2502 Ita
247 2433 352 2502 etiam
364 2432 401 2501 in
413 2431 567 2502 Concilio
578 2433 734 2524 plenario
747 2433 961 2524 Carthagine
973 2432 1092 2501 habito
1104 2433 1281 2518 anno418,

112 2569 129 2605 c
148 2541 186 2608 in
210 2541 481 2610 auctoritatibus
499 2539 600 2610 Sedis
618 2541 871 2632 Apostolioae„
897 2541 940 2610 ad
964 2539 1092 2610 caleam
1115 2541 1283 2631 epistolae

109 2648 301 2718 Coeleatini
316 2648 497 2718 Pontificio
512 2649 558 2718 ad
572 2647 762 2742 Episcopos
778 2650 928 2735 Galliae,
947 2651 984 2718 in
1000 2649 1154 2719 Concilio
1169 2649 1282 2718 Arau-

111 2756 230 2826 sioano
257 2755 311 2826 II:
338 2757 529 2850 ceterisque
560 2757 776 2828 documentis
806 2757 975 2827 adversus
1006 2755 1216 2846 Pelagianos
1249 2761 1285 2823 et

113 2862 413 2954 semipelagianos
443 2885 577 2934 summa
606 2865 719 2934 totius
749 2863 961 2934 definitionis
991 2862 1221 2932 constituitur
1248 2861 1284 2930 in

114 2971 276 3042 doctrina
290 2972 332 3042 de
347 2979 487 3062 peccato
503 2971 683 3062 originali,
698 2972 740 3042 de
755 2972 960 3041 necessitate
977 2970 1115 3060 gratiae
1128 2969 1173 3039 ad
1189 2991 1286 3038 omna
1388 3004 1391 3012 ·

115 3080 240 3149 bonum
264 3077 442 3165 salutare,
473 3080 515 3149 da
542 3080 748 3149 necessitate
775 3077 912 3168 gratiae
940 3077 1046 3146 etiam
1073 3076 1118 3145 ad
1144 3075 1284 3145 initium

115 3185 197 3256 fidei
219 3192 255 3256 et
277 3185 321 3255 ad
345 3185 534 3256 salutmem
550 3185 815 3270 invocationem,
833 3190 869 3254 et
886 3189 1132 3276 consequenter
1149 3182 1190 3252 de
1206 3205 1285 3273 gra·

116 3294 186 3363 tiae
215 3293 368 3362 eiusdem
398 3294 605 3385 gratuitate.
632 3294 760 3362 Totum
782 3293 820 3361 in
844 3291 1033 3362 canonibus
1055 3291 1285 3362 Arausioanis

118 3400 163 3469 ad
179 3399 508 3490 praedestinationis
522 3401 713 3472 doctrinam
730 3401 908 3492 pertinens
924 3405 1111 3471 revocatur
1126 3399 1171 3468 ad
1186 3399 1282 3469 haee.

120 3507 235 3578 Canon
257 3507 349 3576 XII:
378 3509 514 3578 «Tales
537 3530 598 3607 noa
621 3508 715 3578 Deus
738 3513 852 3593 amat,
878 3507 998 3600 qualos
1029 3507 1145 3577 futuri
1167 3529 1286 3576 sumus

119 3615 230 3706 ipsius
242 3615 342 3702 dono,
356 3639 423 3686 non
442 3615 562 3708 quales
584 3638 704 3684 sumus
719 3621 840 3684 nostro
856 3615 991 3703 merito,
1008 3642 1023 3678 ι
1038 3613 1155 3684 Canon
1170 3612 1284 3682 XXV:

123 3751 141 3788 c
156 3721 303 3815 Aliquos
326 3721 377 3816 ad,
392 3721 523 3790 malum
546 3722 669 3792 divina
695 3727 866 3812 potestate
896 3720 1175 3812 praedestinatos
1197 3739 1283 3802 esse,

121 3853 186 3900 non
210 3829 320 3898 solum
343 3853 412 3898 non
436 3829 630 3916 oredimus,
661 3829 720 3898 sed
747 3829 853 3899 etiam
877 3831 908 3898 si
932 3834 1038 3912 sunt,
1065 3827 1126 3919 qui
1149 3831 1284 3895 tantum

123 3935 247 4004 malum
278 3936 416 4006 credere
440 3937 575 4024 velint,
604 3937 654 4007 eis
683 3960 761 4007 oum
784 3935 876 4005 omni
899 3933 1129 4003 detestatione
1146 3929 1288 4000 anathe-

124 4065 175 4112 ma
196 4043 356 4113 dicimus.
373 4071 390 4106 n
411 4073 428 4110 a
445 4044 685 4114 Auctoritates
702 4043 803 4114 Sedis
818 4039 1041 4132 Apostolioae
1056 4067 1072 4102 a
1090 4039 1128 4107 in
1140 4037 1289 4130 epistola

125 4148 308 4219 Caelestini
331 4156 410 4241 post
432 4150 624 4242 expositam
647 4149 889 4219 necessitatem
913 4153 949 4216 et
963 4145 1193 4236 gratuitatem
1209 4164 1289 4235 gra·

126 4256 195 4326 tiae
222 4256 479 4326 concluduntur
509 4256 626 4326 verbis
656 4255 730 4324 illis
756 4251 972 4324 notissimis:
1008 4249 1290 4341 «profundiores

129 4387 204 4434 vero
241 4364 520 4458 difficilioresque
564 4371 683 4455 partes
722 4361 977 4432 incurrentium
1016 4359 1287 4453 quaestionum,

130 4493 209 4565 quas
231 4471 342 4542 latius
357 4479 645 4568 pertractarunt,
665 4471 725 4564 qui
741 4469 928 4540 haereticis
951 4468 1180 4552 restiterunt,
1199 4465 1291 4536 siout
