3394 5056
611 387 647 400 ..
670 354 711 416 75
733 391 770 402 -

105 459 331 550 quantumvis
353 458 483 530 occulti
507 460 656 529 nominis
678 461 819 531 traduci
842 462 954 552 possit
976 462 1077 532 velut
1095 489 1112 528 a
1135 463 1280 533 nonnul·

104 563 206 632 lorum
236 571 383 634 tantum
418 567 616 651 sententia,
636 593 653 630 n
672 569 729 636 cni
764 569 914 636 maxima
950 590 1032 660 pars
1065 569 1211 638 Petrum
1245 575 1281 640 et

103 671 343 764 theologorum
366 681 403 744 et
424 674 501 767 ipsa
522 675 686 766 Apostoli
713 683 897 746 contextus
911 677 1052 748 dicatur
1067 701 1276 769 repugnare.

591 895 736 955 THESIS
758 896 799 957 V.

202 1027 405 1106 Scripturas
425 1032 624 1090 rationalem
645 1033 865 1107 cognitionem
887 1033 1083 1092 assistentiae
1103 1029 1165 1094 Dei

136 1131 353 1205 exoperibus
367 1125 430 1189 Dei
444 1138 630 1202 asserentes,
655 1131 868 1190 traditionem
888 1133 1050 1207 positivae
1071 1131 1240 1192 doctrinae

223 1227 267 1287 de
288 1227 358 1289 Deo
380 1245 419 1289 ac
439 1229 536 1308 fidem
558 1232 749 1290 nallatenus
770 1238 958 1307 supponant
979 1237 1149 1308 tamquam

454 1327 674 1388 conditionem
695 1329 924 1388 necessariam.

159 1495 373 1550 aFncultatem
395 1497 583 1562 cognoscendi
605 1503 635 1551 et
653 1498 760 1552 iactum
778 1498 952 1565 cognitionis
972 1497 1025 1551 Dei
1047 1497 1203 1550 existentis
1228 1512 1280 1566 per

106 1587 217 1638 elumen
239 1587 372 1640 rationis
394 1589 582 1654 exoperibus
608 1590 661 1642 Dei
685 1589 849 1656 Scripturas
868 1590 912 1642 ita
934 1591 1084 1655 esserunt,
1109 1591 1142 1640 ut
1168 1589 1278 1641 revele-

107 1677 228 1728 -tionem
249 1677 413 1744 positivam
434 1677 592 1731 traditione
617 1683 803 1746 propagatam
825 1681 993 1732 nullatenus
1019 1681 1183 1745 supponant
1208 1682 1278 1731 tem·

106 1785 117 1804 ·
129 1781 205 1832 qnam
224 1767 436 1834 conditionem,
458 1769 521 1821 sine
541 1785 597 1835 quc
616 1785 672 1820 non
692 1769 786 1834 possit
809 1769 884 1821 ratio
903 1769 1027 1820 humana
1047 1768 1082 1821 ed
1105 1785 1164 1822 eam
1183 1770 1278 1834 cogui-

108 1858 230 1910 stionem
250 1859 423 1926 pervenire;
454 1874 505 1912 nec
531 1859 567 1912 ad
590 1861 814 1925 recognitionem
841 1859 1037 1911 tantummodo
1057 1861 1195 1913 veritatis
1223 1860 1278 1914 tide

107 1945 275 2011 -eretttss,
300 1953 337 2000 nt
362 1949 536 2000 recentiores
564 1948 680 2014 quidum
702 1949 953 2015 interpretantur,
976 1947 1026 2001 sed
1046 1948 1081 2000 ad
1107 1949 1279 2002 rationalem

108 2039 320 2101 sarritionem
336 2039 480 2092 sufficiens
499 2038 699 2092 manifestatio
720 2038 773 2091 Dei
791 2052 843 2106 per
861 2042 1010 2092 creaturae
1029 2039 1061 2091 in
1080 2038 1183 2092 iisdem
1204 2037 1277 2092 Scri-

109 2127 220 2190 ·pturis
241 2127 376 2181 docetur.
390 2147 403 2174 n

160 2295 454 2387 Interpretatioui
479 2295 764 2387 Scripturarum,
791 2317 894 2387 quam
917 2295 955 2364 iu
978 2295 1071 2365 thesi
1106 2295 1276 2387 improba·

108 2425 180 2486 nus,
204 2404 308 2472 nulla
334 2405 455 2472 subest
478 2405 569 2472 ratio
593 2402 851 2472 hermeneutica
874 2425 916 2471 ex
939 2405 1096 2471 textibus
1131 2411 1168 2471 et
1200 2427 1278 2472 con·

107 2513 258 2598 textibus,
277 2512 385 2580 uulla
407 2535 448 2580 ex
466 2512 648 2581 intellectu
672 2511 885 2580 christianae
908 2510 1136 2602 antiquitatis
1150 2511 1273 2600 petita;

110 2620 156 2688 scd
180 2644 218 2688 ea
240 2629 323 2690 tota
344 2619 536 2688 infectura
553 2619 643 2688 viris
660 2619 866 2710 quibusdam
882 2618 1046 2701 eruditis,
1061 2641 1106 2716 ne
1121 2626 1277 2706 systema

108 2726 388 2819 philosophicum,
415 2727 472 2797 cui
489 2751 524 2795 se
540 2727 766 2809 addixerunt,
784 2725 919 2817 aliquid
936 2725 1137 2808 detrimenti
1161 2724 1274 2813 patia-

109 2841 168 2901 tur.
181 2835 275 2905 Illud
297 2825 458 2924 systema
474 2835 511 2902 in
531 2858 567 2903 se
580 2833 766 2923 multiplex
782 2855 823 2902 ac
841 2833 978 2901 varium
991 2831 1151 2922 pluribus
1174 2853 1276 2920 expo·

110 2963 252 3011 nereuon
268 2949 397 3029 vacct;
424 2965 511 3034 quae
528 2965 610 3011 vero
625 2943 725 3010 uobis
748 2939 783 3008 h.
802 2941 828 3008 l.
847 2939 1035 3008 refutanda
1052 2939 1211 3022 veniunt,
1231 2937 1276 3007 ad

111 3046 185 3117 hanc
195 3057 408 3120 revocantur
421 3050 642 3119 sententiam:
654 3049 822 3117 veritates
834 3047 967 3116 ordinis
979 3046 1121 3114 moralis
1134 3053 1168 3114 et
1181 3045 1274 3114 theo

112 3153 201 3244 logici
216 3159 271 3228 vel
289 3181 409 3227 omnes
425 3159 480 3226 vel
499 3158 634 3240 saltem,
650 3179 735 3250 quas
753 3157 821 3247 ipsi
836 3165 963 3226 vocant
980 3155 1271 3240 fundamentales,

111 3269 139 3328 et
157 3265 242 3334 iuter
265 3267 334 3334 has
357 3266 563 3335 nominatim
586 3265 776 3334 existentia
798 3263 864 3332 Dei
888 3265 931 3332 ab
955 3263 1108 3330 humana
1137 3263 1275 3330 ratione

113 3378 237 3455 possunt
257 3373 402 3466 quidem
426 3373 558 3462 suscipi
580 3380 617 3441 et
640 3372 746 3455 credi,
766 3373 849 3462 quia
873 3371 1037 3459 primitus
1053 3370 1207 3460 positiva
1223 3392 1276 3439 re·

113 3475 265 3549 relatione
288 3503 313 3548 a
334 3481 407 3549 Deo
431 3479 564 3548 homini
588 3479 775 3562 revelatae,
802 3487 838 3548 et
861 3477 1022 3568 deinceps
1046 3502 1107 3568 per
1130 3479 1275 3546 institn-

113 3581 220 3654 tionem
241 3595 277 3657 et
301 3587 529 3656 traditionem
545 3587 581 3654 in
598 3593 710 3655 totum
727 3586 915 3652 humanum
931 3607 1042 3674 genus
1060 3591 1275 3674 propagatae

114 3700 199 3779 snut,
222 3695 288 3766 hac
312 3718 396 3764 vero
422 3695 649 3763 institutione
672 3701 707 3762 et
730 3673 1102 3761 traditione'destituti
1117 3693 1274 3762 homines

115 3817 160 3864 eas
170 3803 333 3872 veritates
349 3811 517 3892 perpetuo
532 3809 570 3871 et
585 3801 778 3872 necessario
791 3800 1008 3891 ignorarent.
1026 3800 1169 3890 Negant
1183 3801 1274 3869 enim

116 3903 160 3972 illi
179 3909 243 3978 viri
265 3911 411 3995 eruditi,
432 3933 530 4000 posse
553 3911 722 3979 rationem
743 3909 929 3976 humanam
953 3908 991 3976 vi
1008 3930 1080 3975 sna
1104 3909 1213 3975 insita
1228 3908 1273 3978 ad

116 4031 162 4078 tes
181 4025 267 4085 certo
291 4019 547 4108 cognoscendas
570 4017 752 4108 pervenire
775 4041 818 4086 ex
841 4017 924 4084 aliis
947 4015 1160 4084 veritatibus
1187 4015 1274 4084 item

118 4113 204 4188 insito
224 4122 353 4193 lumine
376 4124 633 4214 praecognitis,
651 4131 755 4215 atque
780 4124 857 4192 ideo
880 4131 1012 4213 negant
1033 4122 1100 4190 Dei
1123 4121 1273 4190 existen·

117 4223 186 4294 tiam
199 4255 291 4320 posse
306 4233 527 4323 cognoscier
543 4234 745 4322 praecogita
767 4231 957 4299 existentia
975 4229 1081 4297 huius
1101 4229 1270 4297 universi.

121 4329 186 4402 Cum
206 4362 281 4408 vero
304 4341 468 4410 incidunt
491 4339 528 4408 iu
551 4339 744 4408 doctrinam
763 4339 1028 4427 Scripturarum
1053 4337 1090 4404 iu
1115 4334 1272 4424 superio-

121 4439 200 4513 ribus
217 4448 372 4519 thesibus
393 4447 445 4517 11.
465 4447 534 4516 ΠΙ.
548 4447 781 4539 propositam,
808 4446 877 4514 sibi
899 4455 936 4516 et
958 4445 1040 4513 aliis
1062 4441 1272 4536 persuadere
