3292 5062
910 371 947 384 ..
971 341 1029 400 130
1049 371 1087 386 ..

413 443 583 536 quendam
607 449 649 512 ut
671 442 860 534 praemium
885 445 1086 514 meritorum
1107 445 1145 512 in
1169 453 1311 514 aeterna
1338 445 1588 527 beatitudine;
1640 471 1641 476 ¹

412 549 471 619 bic
494 557 609 620 autem
632 575 701 620 non
723 575 797 620 esse
820 552 929 620 alium
952 555 1089 622 modum
1112 553 1236 622 saltem
1251 554 1448 623 naturalem
1460 577 1591 644 cogno
1640 555 1641 558 ’

413 659 532 728 scendi
553 659 675 746 Deum,
694 659 764 728 nisi
780 661 928 729 mediate
951 683 992 729 ex
1016 661 1291 748 praeintellectis
1304 661 1479 731 creaturis
1495 683 1591 730 crea-
1640 703 1641 708 κ

412 763 528 855 tisque
563 765 845 854 perfectionibus.
866 765 1126 834 Perfectissima
1155 773 1211 835 est
1237 767 1416 856 cognitio,
1442 766 1590 857 inquit,

413 871 551 962 quando
567 871 604 939 in
628 872 706 962 ipsa
729 873 957 964 praecognita
979 874 1143 958 veritate,
1161 897 1223 964 per
1245 897 1348 965 quam
1372 881 1457 942 snut
1472 873 1593 942 omnia

414 989 531 1050 creata
554 988 590 1048 et
612 982 649 1048 in
673 1004 742 1072 qua
757 988 843 1050 sunt
858 991 1020 1050 aeternae
1036 983 1189 1051 rationes
1205 981 1358 1049 omnium
1374 989 1590 1062 creatorum,

412 1093 670 1174 cognoscuntur
692 1093 807 1156 cetera
831 1087 956 1172 omnia,
983 1109 1070 1178 quae
1093 1093 1362 1177 cognoscuntur.
1376 1085 1444 1154 Hic
1469 1093 1591 1153 autem

412 1199 467 1260 est
489 1195 652 1284 proprius
676 1195 796 1263 modus
819 1195 1034 1284 Angelorum
1069 1195 1245 1264 beatorum
1281 1201 1317 1263 at
1350 1201 1472 1264 noster
1506 1194 1588 1276 erit,

412 1301 549 1391 quando
572 1301 720 1391 Angelis
743 1303 873 1370 erimus
897 1302 1070 1394 aequales.
1089 1303 1190 1372 Nunc
1212 1308 1329 1372 autem
1354 1303 1391 1370 in
1405 1302 1590 1392 praesenti

411 1415 509 1475 statu
532 1431 627 1476 mens
649 1407 802 1476 humana
823 1415 938 1498 potest
960 1409 1158 1499 pertingere
1181 1410 1226 1478 ad
1249 1409 1332 1478 illas
1353 1416 1522 1478 aeternas
1535 1431 1589 1476 ra·

410 1513 524 1582 tiones
546 1513 770 1603 aliquatenus
793 1515 1059 1602 cognoscendas,
1085 1515 1144 1583 sed
1170 1537 1240 1582 uon
1269 1514 1339 1582 nisi
1369 1537 1412 1584 ex
1444 1536 1589 1604 praeco-

411 1621 523 1710 gnitis
547 1622 720 1689 creaturis
741 1627 778 1688 et
799 1621 976 1712 (quoniam
992 1622 1034 1689 de
1050 1621 1247 1710 cognitione
1268 1621 1392 1710 agitur
1405 1623 1589 1690 rationum
1640 1709 1641 1714 ἵ

411 1735 631 1797 aeternarum
655 1729 806 1821 adeoque
829 1730 899 1797 iam
922 1727 1124 1814 excultiori)
1148 1753 1214 1796 non
1238 1729 1309 1798 nisi
1332 1737 1411 1820 post
1439 1729 1589 1820 longum
1640 1727 1641 1762 ³

410 1843 547 1926 tempus
559 1843 595 1906 et
605 1859 673 1904 non
685 1837 759 1905 sine
771 1858 899 1927 magna
913 1837 1119 1906 difficultate
1134 1839 1196 1926 (cf.
1211 1859 1318 1928 snpra
1329 1837 1452 1928 peu).
1470 1839 1589 1906 Datur

412 1965 496 2033 ergo
518 1945 641 2036 ntique
672 1943 872 2012 immediata
902 1945 1058 2035 cognitio
1088 1967 1268 2036 supremae
1300 1945 1466 2014 veritatis
1501 1969 1589 2038 quae

411 2051 507 2121 Dens
529 2059 595 2137 est,
621 2075 683 2144 per
707 2075 809 2146 quam
839 2061 875 2122 et
904 2055 941 2122 in
972 2077 1041 2146 qua
1069 2053 1295 2144 praecognita
1328 2061 1589 2143 cognoscantur

412 2165 538 2246 cetera,
565 2183 652 2254 quae
675 2161 805 2230 habent
826 2161 1072 2251 participatam
1097 2160 1304 2246 veritatem,
1331 2160 1390 2229 sed
1412 2161 1589 2251 Augusti-

411 2291 490 2352 nus,
516 2275 557 2337 ut
580 2269 698 2354 ceteri,
725 2269 858 2337 nullam
882 2269 987 2338 aliam
1017 2268 1123 2338 talem
1153 2267 1389 2336 immediatam
1422 2269 1586 2338 intuitio-

411 2395 488 2440 nem
512 2373 637 2442 mentis
660 2373 762 2442 novit
778 2379 916 2464 praeter
933 2373 1100 2442 visionem
1116 2372 1322 2441 beatificam.
1337 2373 1447 2443 Nobis
1462 2374 1587 2442 modus

412 2477 641 2567 cognoscendi
664 2479 762 2546 illam
786 2501 980 2570 supremam
1003 2480 1189 2549 veritatem
1212 2481 1444 2549 continentem
1469 2503 1588 2548 omnes

412 2593 573 2652 aeternas
605 2583 758 2652 rationes
790 2585 901 2653 totius
924 2583 1058 2653 ordinis
1093 2583 1325 2675 metaphysici
1355 2592 1392 2654 et
1418 2584 1583 2675 physici,

411 2689 642 2759 essentiarum
665 2699 702 2760 at
723 2691 1003 2776 existentiarum,
1028 2691 1122 2760 alius
1145 2715 1212 2760 non
1235 2699 1312 2776 est,
1338 2713 1440 2784 quam
1471 2701 1520 2762 ut
1546 2695 1587 2759 ab

412 2797 495 2866 aliis
518 2798 730 2868 veritatibus
752 2805 929 2890 tamquam
951 2799 1275 2868 adumbrationibus
1298 2805 1334 2866 et
1356 2798 1586 2888 expressioni-

412 2906 478 2974 bus
501 2905 738 2996 praecognitis
760 2905 805 2975 ad
828 2907 939 2996 ipsam
962 2913 1139 2998 tamquam
1162 2905 1337 2996 exemplar
1366 2905 1585 2992 eluctemur,
1640 2915 1641 2918 ’

413 3013 574 3104 quamvis
597 3011 720 3080 deinde
743 3012 786 3078 ab
809 3013 887 3101 ipsa
910 3011 985 3080 sive
1008 3011 1222 3080 naturaliter
1244 3011 1320 3080 sive
1350 3013 1501 3080 maxime
1533 3036 1586 3080 au·

412 3119 688 3208 pernaturaliter
722 3121 864 3210 cognita
894 3127 1015 3210 pateat
1048 3141 1228 3209 regressus
1263 3119 1308 3188 ed
1344 3121 1586 3209 perfectiorem

413 3225 643 3316 cognitionem
666 3227 778 3296 totius
801 3227 935 3296 ordinis
959 3227 1068 3296 creati
1083 3235 1119 3296 st
1134 3227 1307 3295 creabilis.
1328 3227 1395 3295 Hic
1411 3228 1587 3296 secundus

414 3331 514 3399 velut
535 3331 786 3420 recognitionis
810 3333 931 3400 modus
953 3338 1008 3400 est
1031 3331 1152 3423 utique
1169 3330 1337 3422 quaedam
1353 3331 1469 3420 imago
1480 3331 1586 3400 visio

413 3437 470 3505 nis
493 3437 684 3522 beatificae,
701 3437 738 3506 in
763 3460 831 3530 qna
853 3462 915 3529 per
932 3438 1043 3506 visam
1060 3437 1245 3506 essentiam
1261 3438 1326 3506 Dei
1344 3437 1486 3506 videtur
1504 3437 1585 3506 ordo

414 3552 564 3630 creatus,
590 3551 628 3613 et
650 3545 707 3614 hic
731 3545 857 3614 iterum
880 3545 918 3613 in
941 3567 977 3616 se
1001 3543 1164 3635 cognitus
1179 3545 1584 3614 referturtotusadlan·

414 3647 491 3717 dem
513 3655 549 3716 et
571 3647 860 3738 glorificationem
882 3649 960 3718 Dei.

479 3755 661 3844 Legantur
678 3756 785 3824 verba
801 3755 878 3845 ipsa
893 3753 1103 3845 Augustini.
1126 3783 1142 3819 a
1159 3755 1311 3824 Multum
1328 3755 1478 3822 interest
1494 3755 1583 3823 inter

416 3863 646 3952 cognitionem
669 3864 722 3932 rei
745 3863 911 3955 cuiusque
936 3863 971 3931 in
994 3861 1109 3931 Verbo
1132 3863 1248 3932 Deiet
1263 3861 1497 3951 cognitionem
1512 3861 1586 3930 eius

414 3971 451 4039 in
474 3979 602 4040 natura
625 3970 701 4039 sius
725 3972 791 4059 (rei
813 3969 954 4060 ipsius),
980 3969 1134 4037 utillud
1159 3969 1281 4037 merito
1304 3968 1349 4036 ad
1372 3968 1462 4036 diem
1486 3967 1585 4060 perti·

414 4085 509 4162 neat,
535 4079 599 4148 hoc
622 4079 667 4146 ad
684 4101 875 4169 vesperam.
901 4077 944 4146 In
967 4076 1223 4168 comparatione
1246 4075 1337 4144 enim
1360 4073 1451 4144 lucis
1475 4075 1583 4158 illius,

415 4185 562 4278 quaein
586 4185 699 4254 Verbo
722 4185 786 4253 Dei
811 4185 1044 4274 conspicitur,
1070 4183 1182 4251 omnis
1208 4183 1363 4274 cognitio
1395 4203 1464 4274 qua
1494 4205 1582 4250 crea·

414 4297 531 4360 turam
554 4292 746 4384 quamlibet
761 4292 798 4360 in
815 4315 850 4365 se
867 4292 945 4382 ipse
967 4290 1141 4374 novimus,
1159 4312 1228 4357 non
1251 4288 1423 4356 immerito
1435 4311 1504 4356 uox
1517 4285 1582 4356 dici

415 4407 585 4488 potest...
606 4401 826 4491 Quapropter
850 4399 965 4468 sancti
987 4398 1138 4489 Angeli,
1164 4399 1291 4490 quibus
1321 4405 1402 4488 post
1433 4417 1580 4466 resurre-
