<?xml version="1.0" encoding="UTF-8"?>
<!DOCTYPE html PUBLIC "-//W3C//DTD XHTML 1.0 Transitional//EN"
    "http://www.w3.org/TR/xhtml1/DTD/xhtml1-transitional.dtd">
<html xmlns="http://www.w3.org/1999/xhtml" xml:lang="en" lang="en">
 <head>
  <title>
</title>
<meta http-equiv="Content-Type" content="text/html;charset=utf-8" />
  <meta name='ocr-system' content='tesseract 3.04.00' />
  <meta name='ocr-capabilities' content='ocr_page ocr_carea ocr_par ocr_line ocrx_word'/>
</head>
<body>
  <div class='ocr_page' id='page_1' title='image "./ioannisbaptfran01frangoog_0031.png"; bbox 0 0 3394 5056; ppageno 0'>
   <div class='ocr_carea' id='block_1_1' title="bbox 378 338 1566 4402">
    <p class='ocr_par' dir='ltr' id='par_1_1' title="bbox 389 338 1566 858">
     <span class='ocr_line' id='line_1_1' title="bbox 900 338 1059 398; baseline -0.013 -12"><span class='ocrx_word' id='word_1_1' title='bbox 900 338 1059 398; x_wconf 78' lang='lat'>..14-</span> 
     </span>
     <span class='ocr_line' id='line_1_2' title="bbox 391 440 1566 536; baseline 0 -22"><span class='ocrx_word' id='word_1_2' title='bbox 391 443 545 514; x_wconf 88' lang='lat' dir='ltr'>bilitatis</span> <span class='ocrx_word' id='word_1_3' title='bbox 567 448 604 514; x_wconf 91' lang='lat' dir='ltr'>et</span> <span class='ocrx_word' id='word_1_4' title='bbox 624 441 801 514; x_wconf 85' lang='lat' dir='ltr'>rationum</span> <span class='ocrx_word' id='word_1_5' title='bbox 824 443 1001 534; x_wconf 80' lang='lat' dir='ltr'>veritatis3</span> <span class='ocrx_word' id='word_1_6' title='bbox 1025 448 1130 536; x_wconf 91' lang='lat' dir='ltr'>atque</span> <span class='ocrx_word' id='word_1_7' title='bbox 1146 441 1224 513; x_wconf 91' lang='lat' dir='ltr'>ideo</span> <span class='ocrx_word' id='word_1_8' title='bbox 1238 440 1345 512; x_wconf 88' lang='lat' dir='ltr'>etiam</span> <span class='ocrx_word' id='word_1_9' title='bbox 1359 463 1382 511; x_wconf 88' lang='lat' dir='ltr'>a</span> <span class='ocrx_word' id='word_1_10' title='bbox 1397 441 1566 514; x_wconf 84' lang='lat' dir='ltr'>fidelibus</span> 
     </span>
     <span class='ocr_line' id='line_1_3' title="bbox 389 551 1565 642; baseline -0.002 -20"><span class='ocrx_word' id='word_1_11' title='bbox 389 554 428 622; x_wconf 91' lang='lat' dir='ltr'>iu</span> <span class='ocrx_word' id='word_1_12' title='bbox 449 552 609 622; x_wconf 79' lang='lat' dir='ltr'>Ecclesia</span> <span class='ocrx_word' id='word_1_13' title='bbox 625 551 798 622; x_wconf 88' lang='lat' dir='ltr'>catholica</span> <span class='ocrx_word' id='word_1_14' title='bbox 819 553 987 622; x_wconf 69' lang='lat' dir='ltr'>euchitis</span> <span class='ocrx_word' id='word_1_15' title='bbox 1001 573 1100 642; x_wconf 92' lang='lat' dir='ltr'>posse</span> <span class='ocrx_word' id='word_1_16' title='bbox 1116 573 1157 620; x_wconf 90' lang='lat' dir='ltr'>ac</span> <span class='ocrx_word' id='word_1_17' title='bbox 1168 551 1290 620; x_wconf 90' lang='lat' dir='ltr'>debere</span> <span class='ocrx_word' id='word_1_18' title='bbox 1302 551 1565 642; x_wconf 78' lang='lat' dir='ltr'>persuasionem</span> 
     </span>
     <span class='ocr_line' id='line_1_4' title="bbox 390 659 1565 749; baseline -0.002 -19"><span class='ocrx_word' id='word_1_19' title='bbox 390 661 432 730; x_wconf 92' lang='lat' dir='ltr'>de</span> <span class='ocrx_word' id='word_1_20' title='bbox 447 660 683 730; x_wconf 84' lang='lat' dir='ltr'>credibilitate</span> <span class='ocrx_word' id='word_1_21' title='bbox 698 681 782 729; x_wconf 89' lang='lat' dir='ltr'>suae</span> <span class='ocrx_word' id='word_1_22' title='bbox 797 659 982 749; x_wconf 82' lang='lat' dir='ltr'>religionis</span> <span class='ocrx_word' id='word_1_23' title='bbox 998 659 1223 729; x_wconf 80' lang='lat' dir='ltr'>subordinari</span> <span class='ocrx_word' id='word_1_24' title='bbox 1239 659 1465 728; x_wconf 87' lang='lat' dir='ltr'>consectariis</span> <span class='ocrx_word' id='word_1_25' title='bbox 1479 679 1565 728; x_wconf 86' lang='lat' dir='ltr'>exa-</span> 
     </span>
     <span class='ocr_line' id='line_1_5' title="bbox 390 765 1176 858; baseline 0.003 -24"><span class='ocrx_word' id='word_1_26' title='bbox 390 767 495 836; x_wconf 90' lang='lat' dir='ltr'>minis</span> <span class='ocrx_word' id='word_1_27' title='bbox 518 765 753 857; x_wconf 88' lang='lat' dir='ltr'>philosophici</span> <span class='ocrx_word' id='word_1_28' title='bbox 775 769 819 835; x_wconf 89' lang='lat' dir='ltr'>ab</span> <span class='ocrx_word' id='word_1_29' title='bbox 841 766 929 858; x_wconf 90' lang='lat' dir='ltr'>ipsis</span> <span class='ocrx_word' id='word_1_30' title='bbox 952 765 1176 836; x_wconf 87' lang='lat' dir='ltr'>instituendi.</span> 
     </span>
    </p>

    <p class='ocr_par' dir='ltr' id='par_1_2' title="bbox 383 872 1565 2900">
     <span class='ocr_line' id='line_1_6' title="bbox 457 872 1565 966; baseline 0 -24"><span class='ocrx_word' id='word_1_31' title='bbox 457 876 491 963; x_wconf 85' lang='lat' dir='ltr'>b)</span> <span class='ocrx_word' id='word_1_32' title='bbox 513 876 621 953; x_wconf 86' lang='lat' dir='ltr'>Porro</span> <span class='ocrx_word' id='word_1_33' title='bbox 643 875 681 944; x_wconf 92' lang='lat' dir='ltr'>in</span> <span class='ocrx_word' id='word_1_34' title='bbox 698 875 770 966; x_wconf 79' lang='lat' dir='ltr'>fids</span> <span class='ocrx_word' id='word_1_35' title='bbox 792 877 961 966; x_wconf 62' lang='lat' dir='ltr'>supliciis</span> <span class='ocrx_word' id='word_1_36' title='bbox 984 875 1143 946; x_wconf 88' lang='lat' dir='ltr'>cuiusvis</span> <span class='ocrx_word' id='word_1_37' title='bbox 1158 872 1273 946; x_wconf 86' lang='lat' dir='ltr'>fidelis</span> <span class='ocrx_word' id='word_1_38' title='bbox 1297 873 1427 964; x_wconf 84' lang='lat' dir='ltr'>duplex</span> <span class='ocrx_word' id='word_1_39' title='bbox 1443 894 1565 943; x_wconf 90' lang='lat' dir='ltr'>neces-</span> 
     </span>
     <span class='ocr_line' id='line_1_7' title="bbox 390 982 1565 1075; baseline -0.002 -23"><span class='ocrx_word' id='word_1_40' title='bbox 390 982 483 1052; x_wconf 89' lang='lat' dir='ltr'>sario</span> <span class='ocrx_word' id='word_1_41' title='bbox 505 983 704 1053; x_wconf 77' lang='lat' dir='ltr'>continetur</span> <span class='ocrx_word' id='word_1_42' title='bbox 727 985 892 1074; x_wconf 78' lang='lat' dir='ltr'>cognitio:</span> <span class='ocrx_word' id='word_1_43' title='bbox 918 984 1141 1075; x_wconf 87' lang='lat' dir='ltr'>cognoscitur</span> <span class='ocrx_word' id='word_1_44' title='bbox 1162 984 1338 1069; x_wconf 89' lang='lat' dir='ltr'>nimirum,</span> <span class='ocrx_word' id='word_1_45' title='bbox 1353 982 1565 1052; x_wconf 86' lang='lat' dir='ltr'>determina-</span> 
     </span>
     <span class='ocr_line' id='line_1_8' title="bbox 388 1089 1562 1182; baseline 0.002 -25"><span class='ocrx_word' id='word_1_46' title='bbox 388 1094 461 1158; x_wconf 87' lang='lat' dir='ltr'>tam</span> <span class='ocrx_word' id='word_1_47' title='bbox 483 1089 638 1182; x_wconf 81' lang='lat' dir='ltr'>hiiquam</span> <span class='ocrx_word' id='word_1_48' title='bbox 667 1091 790 1160; x_wconf 89' lang='lat' dir='ltr'>seriem</span> <span class='ocrx_word' id='word_1_49' title='bbox 814 1091 1004 1162; x_wconf 88' lang='lat' dir='ltr'>veritatum</span> <span class='ocrx_word' id='word_1_50' title='bbox 1028 1093 1066 1161; x_wconf 91' lang='lat' dir='ltr'>in</span> <span class='ocrx_word' id='word_1_51' title='bbox 1088 1093 1194 1162; x_wconf 86' lang='lat' dir='ltr'>verbo</span> <span class='ocrx_word' id='word_1_52' title='bbox 1216 1091 1282 1162; x_wconf 89' lang='lat' dir='ltr'>Dei</span> <span class='ocrx_word' id='word_1_53' title='bbox 1305 1089 1562 1181; x_wconf 88' lang='lat' dir='ltr'>comprehendi,</span> 
     </span>
     <span class='ocr_line' id='line_1_9' title="bbox 388 1195 1562 1289; baseline -0.002 -22"><span class='ocrx_word' id='word_1_54' title='bbox 388 1203 425 1267; x_wconf 90' lang='lat' dir='ltr'>et</span> <span class='ocrx_word' id='word_1_55' title='bbox 446 1195 589 1288; x_wconf 90' lang='lat' dir='ltr'>insuper</span> <span class='ocrx_word' id='word_1_56' title='bbox 604 1199 798 1289; x_wconf 79' lang='lat' dir='ltr'>percipitur</span> <span class='ocrx_word' id='word_1_57' title='bbox 817 1199 906 1270; x_wconf 88' lang='lat' dir='ltr'>-lioet</span> <span class='ocrx_word' id='word_1_58' title='bbox 927 1200 1071 1270; x_wconf 87' lang='lat' dir='ltr'>obscure</span> <span class='ocrx_word' id='word_1_59' title='bbox 1084 1207 1121 1270; x_wconf 89' lang='lat' dir='ltr'>et</span> <span class='ocrx_word' id='word_1_60' title='bbox 1140 1199 1339 1269; x_wconf 88' lang='lat' dir='ltr'>rationibus</span> <span class='ocrx_word' id='word_1_61' title='bbox 1350 1199 1461 1268; x_wconf 88' lang='lat' dir='ltr'>solum</span> <span class='ocrx_word' id='word_1_62' title='bbox 1476 1218 1562 1266; x_wconf 85' lang='lat' dir='ltr'>ana·</span> 
     </span>
     <span class='ocr_line' id='line_1_10' title="bbox 388 1303 1564 1398; baseline 0.002 -26"><span class='ocrx_word' id='word_1_63' title='bbox 388 1303 514 1393; x_wconf 87' lang='lat' dir='ltr'>logicis</span> <span class='ocrx_word' id='word_1_64' title='bbox 529 1305 660 1398; x_wconf 89' lang='lat' dir='ltr'>aliquis</span> <span class='ocrx_word' id='word_1_65' title='bbox 675 1306 929 1378; x_wconf 87' lang='lat' dir='ltr'>determinatus</span> <span class='ocrx_word' id='word_1_66' title='bbox 945 1308 1070 1378; x_wconf 88' lang='lat' dir='ltr'>harum</span> <span class='ocrx_word' id='word_1_67' title='bbox 1086 1307 1277 1378; x_wconf 84' lang='lat' dir='ltr'>veritatum</span> <span class='ocrx_word' id='word_1_68' title='bbox 1292 1329 1427 1392; x_wconf 89' lang='lat' dir='ltr'>sensus,</span> <span class='ocrx_word' id='word_1_69' title='bbox 1445 1311 1482 1375; x_wconf 91' lang='lat' dir='ltr'>et</span> <span class='ocrx_word' id='word_1_70' title='bbox 1493 1304 1564 1373; x_wconf 90' lang='lat' dir='ltr'>ali-</span> 
     </span>
     <span class='ocr_line' id='line_1_11' title="bbox 387 1412 1564 1505; baseline -0.002 -23"><span class='ocrx_word' id='word_1_71' title='bbox 387 1414 467 1502; x_wconf 92' lang='lat' dir='ltr'>quis</span> <span class='ocrx_word' id='word_1_72' title='bbox 489 1433 609 1480; x_wconf 89' lang='lat' dir='ltr'>earum</span> <span class='ocrx_word' id='word_1_73' title='bbox 631 1413 725 1482; x_wconf 85' lang='lat' dir='ltr'>inter</span> <span class='ocrx_word' id='word_1_74' title='bbox 747 1435 784 1483; x_wconf 90' lang='lat' dir='ltr'>se</span> <span class='ocrx_word' id='word_1_75' title='bbox 806 1437 916 1484; x_wconf 88' lang='lat' dir='ltr'>nexus</span> <span class='ocrx_word' id='word_1_76' title='bbox 939 1415 977 1483; x_wconf 92' lang='lat' dir='ltr'>in</span> <span class='ocrx_word' id='word_1_77' title='bbox 1000 1414 1121 1484; x_wconf 87' lang='lat' dir='ltr'>ordine</span> <span class='ocrx_word' id='word_1_78' title='bbox 1144 1413 1366 1505; x_wconf 88' lang='lat' dir='ltr'>cognitionis.</span> <span class='ocrx_word' id='word_1_79' title='bbox 1384 1412 1459 1480; x_wconf 90' lang='lat' dir='ltr'>Iam</span> <span class='ocrx_word' id='word_1_80' title='bbox 1475 1433 1564 1481; x_wconf 85' lang='lat' dir='ltr'>vero</span> 
     </span>
     <span class='ocr_line' id='line_1_12' title="bbox 387 1520 1563 1614; baseline -0.002 -24"><span class='ocrx_word' id='word_1_81' title='bbox 387 1520 618 1612; x_wconf 81' lang='lat' dir='ltr'>explicatione</span> <span class='ocrx_word' id='word_1_82' title='bbox 630 1521 759 1611; x_wconf 91' lang='lat' dir='ltr'>prioris</span> <span class='ocrx_word' id='word_1_83' title='bbox 770 1521 871 1592; x_wconf 91' lang='lat' dir='ltr'>illius</span> <span class='ocrx_word' id='word_1_84' title='bbox 883 1522 1097 1593; x_wconf 84' lang='lat' dir='ltr'>christianae</span> <span class='ocrx_word' id='word_1_85' title='bbox 1109 1520 1322 1614; x_wconf 85' lang='lat' dir='ltr'>cognitionis</span> <span class='ocrx_word' id='word_1_86' title='bbox 1337 1521 1563 1612; x_wconf 89' lang='lat' dir='ltr'>eiusdemque</span> 
     </span>
     <span class='ocr_line' id='line_1_13' title="bbox 386 1628 1561 1721; baseline 0.001 -25"><span class='ocrx_word' id='word_1_87' title='bbox 386 1628 591 1718; x_wconf 81' lang='lat' dir='ltr'>probatione</span> <span class='ocrx_word' id='word_1_88' title='bbox 614 1629 808 1700; x_wconf 89' lang='lat' dir='ltr'>scientifica</span> <span class='ocrx_word' id='word_1_89' title='bbox 830 1637 867 1700; x_wconf 88' lang='lat' dir='ltr'>et</span> <span class='ocrx_word' id='word_1_90' title='bbox 888 1631 1088 1700; x_wconf 84' lang='lat' dir='ltr'>defensione</span> <span class='ocrx_word' id='word_1_91' title='bbox 1109 1653 1153 1700; x_wconf 89' lang='lat' dir='ltr'>ex</span> <span class='ocrx_word' id='word_1_92' title='bbox 1176 1630 1347 1715; x_wconf 90' lang='lat' dir='ltr'>omnibus,</span> <span class='ocrx_word' id='word_1_93' title='bbox 1373 1629 1435 1721; x_wconf 90' lang='lat' dir='ltr'>qui</span> <span class='ocrx_word' id='word_1_94' title='bbox 1459 1650 1561 1719; x_wconf 90' lang='lat' dir='ltr'>prae·</span> 
     </span>
     <span class='ocr_line' id='line_1_14' title="bbox 387 1737 1561 1828; baseline 0 -24"><span class='ocrx_word' id='word_1_95' title='bbox 387 1741 443 1805; x_wconf 90' lang='lat' dir='ltr'>sto</span> <span class='ocrx_word' id='word_1_96' title='bbox 466 1742 575 1822; x_wconf 92' lang='lat' dir='ltr'>sunt,</span> <span class='ocrx_word' id='word_1_97' title='bbox 602 1737 777 1808; x_wconf 87' lang='lat' dir='ltr'>revelatae</span> <span class='ocrx_word' id='word_1_98' title='bbox 807 1739 986 1809; x_wconf 87' lang='lat' dir='ltr'>doctrinae</span> <span class='ocrx_word' id='word_1_99' title='bbox 1017 1739 1197 1824; x_wconf 82' lang='lat' dir='ltr'>fontibus,</span> <span class='ocrx_word' id='word_1_100' title='bbox 1222 1737 1384 1828; x_wconf 85' lang='lat' dir='ltr'>exsurgit</span> <span class='ocrx_word' id='word_1_101' title='bbox 1405 1759 1446 1806; x_wconf 86' lang='lat' dir='ltr'>aa</span> <span class='ocrx_word' id='word_1_102' title='bbox 1470 1757 1561 1828; x_wconf 88' lang='lat' dir='ltr'>qnae</span> 
     </span>
     <span class='ocr_line' id='line_1_15' title="bbox 386 1843 1560 1938; baseline 0 -26"><span class='ocrx_word' id='word_1_103' title='bbox 386 1843 458 1913; x_wconf 93' lang='lat' dir='ltr'>dioi</span> <span class='ocrx_word' id='word_1_104' title='bbox 481 1845 663 1916; x_wconf 88' lang='lat' dir='ltr'>consuevit</span> <span class='ocrx_word' id='word_1_105' title='bbox 694 1849 868 1938; x_wconf 71' lang='lat' dir='ltr'>theolegio</span> <span class='ocrx_word' id='word_1_106' title='bbox 890 1851 1069 1937; x_wconf 79' lang='lat' dir='ltr'>positivo,</span> <span class='ocrx_word' id='word_1_107' title='bbox 1098 1847 1215 1916; x_wconf 91' lang='lat' dir='ltr'>eodem</span> <span class='ocrx_word' id='word_1_108' title='bbox 1238 1847 1311 1916; x_wconf 86' lang='lat' dir='ltr'>fere</span> <span class='ocrx_word' id='word_1_109' title='bbox 1335 1846 1456 1931; x_wconf 91' lang='lat' dir='ltr'>modo,</span> <span class='ocrx_word' id='word_1_110' title='bbox 1490 1867 1560 1936; x_wconf 90' lang='lat' dir='ltr'>quo</span> 
     </span>
     <span class='ocr_line' id='line_1_16' title="bbox 385 1945 1560 2046; baseline 0.001 -26"><span class='ocrx_word' id='word_1_111' title='bbox 385 1949 597 2042; x_wconf 87' lang='lat' dir='ltr'>theologiam</span> <span class='ocrx_word' id='word_1_112' title='bbox 620 1955 870 2045; x_wconf 70' lang='lat' dir='ltr'>apologeticam</span> <span class='ocrx_word' id='word_1_113' title='bbox 885 1981 927 2026; x_wconf 89' lang='lat' dir='ltr'>ex</span> <span class='ocrx_word' id='word_1_114' title='bbox 944 1945 1201 2027; x_wconf 81' lang='lat' dir='ltr'>fundamentali</span> <span class='ocrx_word' id='word_1_115' title='bbox 1223 1955 1446 2046; x_wconf 88' lang='lat' dir='ltr'>persuasione</span> <span class='ocrx_word' id='word_1_116' title='bbox 1464 1952 1560 2024; x_wconf 90' lang='lat' dir='ltr'>chri-</span> 
     </span>
     <span class='ocr_line' id='line_1_17' title="bbox 386 2058 1558 2156; baseline 0.003 -30"><span class='ocrx_word' id='word_1_117' title='bbox 386 2058 503 2126; x_wconf 89' lang='lat' dir='ltr'>stiana</span> <span class='ocrx_word' id='word_1_118' title='bbox 518 2061 560 2129; x_wconf 87' lang='lat' dir='ltr'>de</span> <span class='ocrx_word' id='word_1_119' title='bbox 586 2062 778 2132; x_wconf 85' lang='lat' dir='ltr'>existentia</span> <span class='ocrx_word' id='word_1_120' title='bbox 800 2065 1027 2135; x_wconf 84' lang='lat' dir='ltr'>revelationis</span> <span class='ocrx_word' id='word_1_121' title='bbox 1049 2085 1253 2156; x_wconf 82' lang='lat' dir='ltr'>premanere</span> <span class='ocrx_word' id='word_1_122' title='bbox 1287 2062 1453 2132; x_wconf 89' lang='lat' dir='ltr'>diximus.</span> <span class='ocrx_word' id='word_1_123' title='bbox 1489 2061 1558 2132; x_wconf 89' lang='lat' dir='ltr'>Ne-</span> 
     </span>
     <span class='ocr_line' id='line_1_18' title="bbox 385 2169 1558 2264; baseline 0.003 -31"><span class='ocrx_word' id='word_1_124' title='bbox 385 2187 451 2235; x_wconf 87' lang='lat' dir='ltr'>xus</span> <span class='ocrx_word' id='word_1_125' title='bbox 482 2189 565 2237; x_wconf 87' lang='lat' dir='ltr'>varo</span> <span class='ocrx_word' id='word_1_126' title='bbox 598 2169 796 2261; x_wconf 89' lang='lat' dir='ltr'>theologiae</span> <span class='ocrx_word' id='word_1_127' title='bbox 830 2196 909 2243; x_wconf 89' lang='lat' dir='ltr'>cum</span> <span class='ocrx_word' id='word_1_128' title='bbox 932 2174 1000 2243; x_wconf 90' lang='lat' dir='ltr'>fide</span> <span class='ocrx_word' id='word_1_129' title='bbox 1023 2171 1287 2264; x_wconf 87' lang='lat' dir='ltr'>supernaturali</span> <span class='ocrx_word' id='word_1_130' title='bbox 1309 2171 1347 2240; x_wconf 90' lang='lat' dir='ltr'>in</span> <span class='ocrx_word' id='word_1_131' title='bbox 1371 2171 1436 2238; x_wconf 88' lang='lat' dir='ltr'>has</span> <span class='ocrx_word' id='word_1_132' title='bbox 1462 2169 1558 2260; x_wconf 89' lang='lat' dir='ltr'>ipsas</span> 
     </span>
     <span class='ocr_line' id='line_1_19' title="bbox 385 2271 1554 2367; baseline 0.002 -25"><span class='ocrx_word' id='word_1_133' title='bbox 385 2271 555 2343; x_wconf 84' lang='lat' dir='ltr'>veritates</span> <span class='ocrx_word' id='word_1_134' title='bbox 577 2283 649 2344; x_wconf 91' lang='lat' dir='ltr'>tam</span> <span class='ocrx_word' id='word_1_135' title='bbox 673 2287 793 2348; x_wconf 86' lang='lat' dir='ltr'>arctus</span> <span class='ocrx_word' id='word_1_136' title='bbox 815 2287 880 2367; x_wconf 90' lang='lat' dir='ltr'>est,</span> <span class='ocrx_word' id='word_1_137' title='bbox 906 2287 948 2362; x_wconf 86' lang='lat' dir='ltr'>ut</span> <span class='ocrx_word' id='word_1_138' title='bbox 970 2281 1040 2350; x_wconf 90' lang='lat' dir='ltr'>nisi</span> <span class='ocrx_word' id='word_1_139' title='bbox 1063 2281 1212 2351; x_wconf 87' lang='lat' dir='ltr'>scientia</span> <span class='ocrx_word' id='word_1_140' title='bbox 1233 2279 1371 2348; x_wconf 89' lang='lat' dir='ltr'>nitatur</span> <span class='ocrx_word' id='word_1_141' title='bbox 1392 2277 1459 2346; x_wconf 90' lang='lat' dir='ltr'>hac</span> <span class='ocrx_word' id='word_1_142' title='bbox 1473 2275 1554 2361; x_wconf 89' lang='lat' dir='ltr'>fide,</span> 
     </span>
     <span class='ocr_line' id='line_1_20' title="bbox 385 2381 1556 2480; baseline 0.003 -32"><span class='ocrx_word' id='word_1_143' title='bbox 385 2381 545 2451; x_wconf 89' lang='lat' dir='ltr'>omnibus</span> <span class='ocrx_word' id='word_1_144' title='bbox 568 2385 698 2453; x_wconf 90' lang='lat' dir='ltr'>studiis</span> <span class='ocrx_word' id='word_1_145' title='bbox 724 2409 792 2455; x_wconf 90' lang='lat' dir='ltr'>non</span> <span class='ocrx_word' id='word_1_146' title='bbox 809 2387 880 2456; x_wconf 90' lang='lat' dir='ltr'>iam</span> <span class='ocrx_word' id='word_1_147' title='bbox 902 2389 1081 2480; x_wconf 92' lang='lat' dir='ltr'>theologia</span> <span class='ocrx_word' id='word_1_148' title='bbox 1097 2389 1293 2458; x_wconf 88' lang='lat' dir='ltr'>christiana</span> <span class='ocrx_word' id='word_1_149' title='bbox 1309 2391 1428 2474; x_wconf 88' lang='lat' dir='ltr'>(sensu</span> <span class='ocrx_word' id='word_1_150' title='bbox 1443 2383 1556 2453; x_wconf 87' lang='lat' dir='ltr'>subie-</span> 
     </span>
     <span class='ocr_line' id='line_1_21' title="bbox 385 2487 1552 2586; baseline 0.005 -31"><span class='ocrx_word' id='word_1_151' title='bbox 385 2487 491 2574; x_wconf 89' lang='lat' dir='ltr'>ctivo,</span> <span class='ocrx_word' id='word_1_152' title='bbox 517 2495 558 2558; x_wconf 91' lang='lat' dir='ltr'>nt</span> <span class='ocrx_word' id='word_1_153' title='bbox 573 2488 631 2558; x_wconf 92' lang='lat' dir='ltr'>hic</span> <span class='ocrx_word' id='word_1_154' title='bbox 647 2493 825 2579; x_wconf 85' lang='lat' dir='ltr'>sumitur),</span> <span class='ocrx_word' id='word_1_155' title='bbox 844 2495 903 2564; x_wconf 88' lang='lat' dir='ltr'>sed</span> <span class='ocrx_word' id='word_1_156' title='bbox 923 2495 1071 2564; x_wconf 89' lang='lat' dir='ltr'>scientia</span> <span class='ocrx_word' id='word_1_157' title='bbox 1086 2495 1254 2586; x_wconf 89' lang='lat' dir='ltr'>quaedam</span> <span class='ocrx_word' id='word_1_158' title='bbox 1277 2489 1552 2580; x_wconf 83' lang='lat' dir='ltr'>archaeologioa,</span> 
     </span>
     <span class='ocr_line' id='line_1_22' title="bbox 384 2591 1556 2692; baseline 0.003 -32"><span class='ocrx_word' id='word_1_159' title='bbox 384 2591 564 2681; x_wconf 89' lang='lat' dir='ltr'>historica,</span> <span class='ocrx_word' id='word_1_160' title='bbox 591 2597 715 2666; x_wconf 89' lang='lat' dir='ltr'>critica</span> <span class='ocrx_word' id='word_1_161' title='bbox 737 2605 774 2668; x_wconf 88' lang='lat' dir='ltr'>et</span> <span class='ocrx_word' id='word_1_162' title='bbox 798 2601 1012 2691; x_wconf 80' lang='lat' dir='ltr'>philologiae</span> <span class='ocrx_word' id='word_1_163' title='bbox 1035 2607 1266 2692; x_wconf 84' lang='lat' dir='ltr'>comparetur,</span> <span class='ocrx_word' id='word_1_164' title='bbox 1292 2597 1487 2669; x_wconf 89' lang='lat' dir='ltr'>cuiusmodi</span> <span class='ocrx_word' id='word_1_165' title='bbox 1513 2595 1556 2664; x_wconf 91' lang='lat' dir='ltr'>de</span> 
     </span>
     <span class='ocr_line' id='line_1_23' title="bbox 384 2700 1556 2800; baseline 0.001 -30"><span class='ocrx_word' id='word_1_166' title='bbox 384 2703 508 2794; x_wconf 84' lang='lat' dir='ltr'>quovis</span> <span class='ocrx_word' id='word_1_167' title='bbox 530 2711 720 2795; x_wconf 83' lang='lat' dir='ltr'>systemate</span> <span class='ocrx_word' id='word_1_168' title='bbox 743 2707 922 2778; x_wconf 87' lang='lat' dir='ltr'>doctrinae</span> <span class='ocrx_word' id='word_1_169' title='bbox 944 2711 1050 2778; x_wconf 85' lang='lat' dir='ltr'>etiam</span> <span class='ocrx_word' id='word_1_170' title='bbox 1082 2700 1266 2800; x_wconf 84' lang='lat' dir='ltr'>religionis</span> <span class='ocrx_word' id='word_1_171' title='bbox 1299 2705 1447 2776; x_wconf 86' lang='lat' dir='ltr'>fictitiae</span> <span class='ocrx_word' id='word_1_172' title='bbox 1481 2725 1556 2774; x_wconf 88' lang='lat' dir='ltr'>esse</span> 
     </span>
     <span class='ocr_line' id='line_1_24' title="bbox 383 2816 510 2900; baseline 0.008 -22"><span class='ocrx_word' id='word_1_173' title='bbox 383 2816 510 2900; x_wconf 88' lang='lat' dir='ltr'>potest.</span> 
     </span>
    </p>

    <p class='ocr_par' dir='ltr' id='par_1_3' title="bbox 379 2907 1556 3976">
     <span class='ocr_line' id='line_1_25' title="bbox 450 2907 1556 3012; baseline 0.007 -28"><span class='ocrx_word' id='word_1_174' title='bbox 450 2923 481 3004; x_wconf 90' lang='lat' dir='ltr'>c)</span> <span class='ocrx_word' id='word_1_175' title='bbox 509 2917 666 3012; x_wconf 90' lang='lat' dir='ltr'>Denique</span> <span class='ocrx_word' id='word_1_176' title='bbox 695 2921 926 3012; x_wconf 87' lang='lat' dir='ltr'>explicatione</span> <span class='ocrx_word' id='word_1_177' title='bbox 963 2923 1185 2994; x_wconf 86' lang='lat' dir='ltr'>distinctiora</span> <span class='ocrx_word' id='word_1_178' title='bbox 1219 2928 1256 2991; x_wconf 99' lang='grc' dir='ltr'><strong>εὴ</strong></span> <span class='ocrx_word' id='word_1_179' title='bbox 1285 2907 1556 3012; x_wconf 76' lang='lat' dir='ltr'>amplificatione</span> 
     </span>
     <span class='ocr_line' id='line_1_26' title="bbox 382 3025 1552 3116; baseline 0.003 -21"><span class='ocrx_word' id='word_1_180' title='bbox 382 3025 593 3115; x_wconf 87' lang='lat' dir='ltr'>cognitionis</span> <span class='ocrx_word' id='word_1_181' title='bbox 615 3029 889 3099; x_wconf 85' lang='lat' dir='ltr'>fundamentalis</span> <span class='ocrx_word' id='word_1_182' title='bbox 905 3031 947 3100; x_wconf 90' lang='lat' dir='ltr'>de</span> <span class='ocrx_word' id='word_1_183' title='bbox 964 3031 1156 3102; x_wconf 83' lang='lat' dir='ltr'>veritatum</span> <span class='ocrx_word' id='word_1_184' title='bbox 1175 3031 1424 3101; x_wconf 87' lang='lat' dir='ltr'>credendarum</span> <span class='ocrx_word' id='word_1_185' title='bbox 1436 3051 1552 3116; x_wconf 89' lang='lat' dir='ltr'>sensu,</span> 
     </span>
     <span class='ocr_line' id='line_1_27' title="bbox 382 3137 1554 3226; baseline 0.006 -27"><span class='ocrx_word' id='word_1_186' title='bbox 382 3138 554 3222; x_wconf 86' lang='lat' dir='ltr'>quatenus</span> <span class='ocrx_word' id='word_1_187' title='bbox 577 3155 599 3200; x_wconf 89' lang='lat' dir='ltr'>a</span> <span class='ocrx_word' id='word_1_188' title='bbox 621 3137 875 3226; x_wconf 89' lang='lat' dir='ltr'>comparatione</span> <span class='ocrx_word' id='word_1_189' title='bbox 898 3139 1028 3226; x_wconf 89' lang='lat' dir='ltr'>pendet</span> <span class='ocrx_word' id='word_1_190' title='bbox 1050 3162 1128 3206; x_wconf 89' lang='lat' dir='ltr'>curn</span> <span class='ocrx_word' id='word_1_191' title='bbox 1162 3137 1252 3206; x_wconf 89' lang='lat' dir='ltr'>ideis</span> <span class='ocrx_word' id='word_1_192' title='bbox 1275 3143 1311 3206; x_wconf 88' lang='lat' dir='ltr'>et</span> <span class='ocrx_word' id='word_1_193' title='bbox 1340 3137 1554 3206; x_wconf 81' lang='lat' dir='ltr'>veritatibus</span> 
     </span>
     <span class='ocr_line' id='line_1_28' title="bbox 380 3239 1551 3336; baseline 0.007 -30"><span class='ocrx_word' id='word_1_194' title='bbox 380 3239 639 3326; x_wconf 85' lang='lat' dir='ltr'>rationalibus,</span> <span class='ocrx_word' id='word_1_195' title='bbox 665 3247 701 3311; x_wconf 90' lang='lat' dir='ltr'>et</span> <span class='ocrx_word' id='word_1_196' title='bbox 723 3243 765 3311; x_wconf 92' lang='lat' dir='ltr'>de</span> <span class='ocrx_word' id='word_1_197' title='bbox 799 3251 922 3312; x_wconf 90' lang='lat' dir='ltr'>mutua</span> <span class='ocrx_word' id='word_1_198' title='bbox 954 3245 1076 3336; x_wconf 90' lang='lat' dir='ltr'>aliqua</span> <span class='ocrx_word' id='word_1_199' title='bbox 1104 3247 1295 3314; x_wconf 85' lang='lat' dir='ltr'>veritatum</span> <span class='ocrx_word' id='word_1_200' title='bbox 1329 3245 1551 3332; x_wconf 87' lang='lat' dir='ltr'>connexione,</span> 
     </span>
     <span class='ocr_line' id='line_1_29' title="bbox 381 3349 1553 3443; baseline 0.005 -29"><span class='ocrx_word' id='word_1_201' title='bbox 381 3367 484 3438; x_wconf 88' lang='lat' dir='ltr'>quam</span> <span class='ocrx_word' id='word_1_202' title='bbox 507 3353 679 3437; x_wconf 91' lang='lat' dir='ltr'>postremo</span> <span class='ocrx_word' id='word_1_203' title='bbox 701 3349 776 3418; x_wconf 92' lang='lat' dir='ltr'>loco</span> <span class='ocrx_word' id='word_1_204' title='bbox 800 3353 1152 3438; x_wconf 85' lang='lat' dir='ltr'>commemoravimus,</span> <span class='ocrx_word' id='word_1_205' title='bbox 1180 3353 1353 3443; x_wconf 73' lang='lat' dir='ltr'>theologia</span> <span class='ocrx_word' id='word_1_206' title='bbox 1369 3353 1553 3442; x_wconf 80' lang='lat' dir='ltr'>speculati·</span> 
     </span>
     <span class='ocr_line' id='line_1_30' title="bbox 381 3455 1551 3551; baseline 0.009 -32"><span class='ocrx_word' id='word_1_207' title='bbox 381 3475 437 3536; x_wconf 82' lang='lat' dir='ltr'>co,</span> <span class='ocrx_word' id='word_1_208' title='bbox 454 3475 528 3538; x_wconf 91' lang='lat' dir='ltr'>seu,</span> <span class='ocrx_word' id='word_1_209' title='bbox 547 3459 590 3522; x_wconf 91' lang='lat' dir='ltr'>ut</span> <span class='ocrx_word' id='word_1_210' title='bbox 612 3455 657 3524; x_wconf 94' lang='lat' dir='ltr'>ad</span> <span class='ocrx_word' id='word_1_211' title='bbox 680 3455 940 3528; x_wconf 85' lang='lat' dir='ltr'>distinctionem</span> <span class='ocrx_word' id='word_1_212' title='bbox 957 3482 979 3528; x_wconf 92' lang='lat' dir='ltr'>a</span> <span class='ocrx_word' id='word_1_213' title='bbox 994 3459 1173 3550; x_wconf 86' lang='lat' dir='ltr'>theologia</span> <span class='ocrx_word' id='word_1_214' title='bbox 1191 3460 1345 3551; x_wconf 84' lang='lat' dir='ltr'>positiva</span> <span class='ocrx_word' id='word_1_215' title='bbox 1360 3459 1431 3530; x_wconf 92' lang='lat' dir='ltr'>dici</span> <span class='ocrx_word' id='word_1_216' title='bbox 1449 3460 1551 3546; x_wconf 88' lang='lat' dir='ltr'>solet,</span> 
     </span>
     <span class='ocr_line' id='line_1_31' title="bbox 382 3553 1552 3661; baseline 0.01 -36"><span class='ocrx_word' id='word_1_217' title='bbox 382 3553 562 3650; x_wconf 68' lang='lat' dir='ltr'>theologia</span> <span class='ocrx_word' id='word_1_218' title='bbox 578 3563 782 3631; x_wconf 80' lang='lat' dir='ltr'>scholastico</span> <span class='ocrx_word' id='word_1_219' title='bbox 802 3567 1044 3636; x_wconf 87' lang='lat' dir='ltr'>constituitur.</span> <span class='ocrx_word' id='word_1_220' title='bbox 1056 3569 1151 3638; x_wconf 89' lang='lat' dir='ltr'>Haec</span> <span class='ocrx_word' id='word_1_221' title='bbox 1166 3569 1332 3661; x_wconf 90' lang='lat' dir='ltr'>quomodo</span> <span class='ocrx_word' id='word_1_222' title='bbox 1355 3589 1377 3634; x_wconf 93' lang='lat' dir='ltr'>a</span> <span class='ocrx_word' id='word_1_223' title='bbox 1388 3568 1455 3636; x_wconf 88' lang='lat' dir='ltr'>fide</span> <span class='ocrx_word' id='word_1_224' title='bbox 1471 3591 1552 3657; x_wconf 90' lang='lat' dir='ltr'>pen-</span> 
     </span>
     <span class='ocr_line' id='line_1_32' title="bbox 380 3667 1553 3767; baseline 0.007 -31"><span class='ocrx_word' id='word_1_225' title='bbox 380 3667 472 3752; x_wconf 89' lang='lat' dir='ltr'>deat,</span> <span class='ocrx_word' id='word_1_226' title='bbox 497 3667 599 3738; x_wconf 87' lang='lat' dir='ltr'>fidem</span> <span class='ocrx_word' id='word_1_227' title='bbox 621 3681 882 3762; x_wconf 88' lang='lat' dir='ltr'>praesupponat</span> <span class='ocrx_word' id='word_1_228' title='bbox 903 3675 1003 3766; x_wconf 90' lang='lat' dir='ltr'>eique</span> <span class='ocrx_word' id='word_1_229' title='bbox 1026 3676 1214 3761; x_wconf 89' lang='lat' dir='ltr'>innitatur,</span> <span class='ocrx_word' id='word_1_230' title='bbox 1241 3699 1282 3744; x_wconf 91' lang='lat' dir='ltr'>ex</span> <span class='ocrx_word' id='word_1_231' title='bbox 1306 3677 1384 3767; x_wconf 90' lang='lat' dir='ltr'>ipsa</span> <span class='ocrx_word' id='word_1_232' title='bbox 1412 3675 1553 3745; x_wconf 88' lang='lat' dir='ltr'>notione</span> 
     </span>
     <span class='ocr_line' id='line_1_33' title="bbox 380 3774 1553 3874; baseline 0.009 -32"><span class='ocrx_word' id='word_1_233' title='bbox 380 3774 608 3866; x_wconf 88' lang='lat' dir='ltr'>intelligitur,</span> <span class='ocrx_word' id='word_1_234' title='bbox 632 3785 669 3848; x_wconf 91' lang='lat' dir='ltr'>et</span> <span class='ocrx_word' id='word_1_235' title='bbox 691 3780 895 3851; x_wconf 87' lang='lat' dir='ltr'>distinctius</span> <span class='ocrx_word' id='word_1_236' title='bbox 917 3785 1052 3874; x_wconf 88' lang='lat' dir='ltr'>patebit</span> <span class='ocrx_word' id='word_1_237' title='bbox 1074 3806 1116 3852; x_wconf 87' lang='lat' dir='ltr'>ex</span> <span class='ocrx_word' id='word_1_238' title='bbox 1140 3785 1376 3854; x_wconf 89' lang='lat' dir='ltr'>declaratione</span> <span class='ocrx_word' id='word_1_239' title='bbox 1390 3805 1553 3852; x_wconf 86' lang='lat' dir='ltr'>assensus</span> 
     </span>
     <span class='ocr_line' id='line_1_34' title="bbox 379 3881 948 3976; baseline 0.019 -27"><span class='ocrx_word' id='word_1_240' title='bbox 379 3881 570 3974; x_wconf 91' lang='lat' dir='ltr'>theologici</span> <span class='ocrx_word' id='word_1_241' title='bbox 592 3887 750 3976; x_wconf 88' lang='lat' dir='ltr'>specifice</span> <span class='ocrx_word' id='word_1_242' title='bbox 773 3888 825 3956; x_wconf 90' lang='lat' dir='ltr'>ita</span> <span class='ocrx_word' id='word_1_243' title='bbox 848 3889 948 3960; x_wconf 91' lang='lat' dir='ltr'>dicti.</span> 
     </span>
    </p>

    <p class='ocr_par' dir='ltr' id='par_1_4' title="bbox 378 3990 1554 4402">
     <span class='ocr_line' id='line_1_35' title="bbox 445 3990 1554 4088; baseline 0.011 -30"><span class='ocrx_word' id='word_1_244' title='bbox 445 3990 496 4059; x_wconf 89' lang='lat' dir='ltr'>H.</span> <span class='ocrx_word' id='word_1_245' title='bbox 521 3991 565 4059; x_wconf 88' lang='lat' dir='ltr'>In</span> <span class='ocrx_word' id='word_1_246' title='bbox 587 3993 700 4063; x_wconf 87' lang='lat' dir='ltr'>altera</span> <span class='ocrx_word' id='word_1_247' title='bbox 723 4001 823 4084; x_wconf 84' lang='lat' dir='ltr'>parte</span> <span class='ocrx_word' id='word_1_248' title='bbox 845 3996 984 4067; x_wconf 88' lang='lat' dir='ltr'>theseos</span> <span class='ocrx_word' id='word_1_249' title='bbox 1007 3999 1145 4088; x_wconf 87' lang='lat' dir='ltr'>agimus</span> <span class='ocrx_word' id='word_1_250' title='bbox 1168 4001 1210 4070; x_wconf 93' lang='lat' dir='ltr'>de</span> <span class='ocrx_word' id='word_1_251' title='bbox 1233 4000 1436 4070; x_wconf 89' lang='lat' dir='ltr'>discrimine</span> <span class='ocrx_word' id='word_1_252' title='bbox 1459 4001 1554 4070; x_wconf 86' lang='lat' dir='ltr'>inter</span> 
     </span>
     <span class='ocr_line' id='line_1_36' title="bbox 379 4099 1553 4192; baseline 0.011 -26"><span class='ocrx_word' id='word_1_253' title='bbox 379 4099 613 4188; x_wconf 86' lang='lat' dir='ltr'>cognitionem</span> <span class='ocrx_word' id='word_1_254' title='bbox 635 4101 866 4192; x_wconf 88' lang='lat' dir='ltr'>theologicam</span> <span class='ocrx_word' id='word_1_255' title='bbox 889 4111 926 4174; x_wconf 91' lang='lat' dir='ltr'>et</span> <span class='ocrx_word' id='word_1_256' title='bbox 942 4127 1126 4175; x_wconf 85' lang='lat' dir='ltr'>assensum</span> <span class='ocrx_word' id='word_1_257' title='bbox 1149 4107 1242 4176; x_wconf 85' lang='lat' dir='ltr'>fidei.</span> <span class='ocrx_word' id='word_1_258' title='bbox 1267 4107 1325 4176; x_wconf 89' lang='lat' dir='ltr'>Ad</span> <span class='ocrx_word' id='word_1_259' title='bbox 1348 4107 1413 4178; x_wconf 94' lang='lat' dir='ltr'>hoc</span> <span class='ocrx_word' id='word_1_260' title='bbox 1429 4109 1553 4178; x_wconf 89' lang='lat' dir='ltr'>discri-</span> 
     </span>
     <span class='ocr_line' id='line_1_37' title="bbox 378 4207 1551 4308; baseline 0.009 -35"><span class='ocrx_word' id='word_1_261' title='bbox 378 4227 455 4275; x_wconf 89' lang='lat' dir='ltr'>men</span> <span class='ocrx_word' id='word_1_262' title='bbox 478 4207 723 4277; x_wconf 89' lang='lat' dir='ltr'>declarandum</span> <span class='ocrx_word' id='word_1_263' title='bbox 747 4213 979 4302; x_wconf 89' lang='lat' dir='ltr'>spectabimus</span> <span class='ocrx_word' id='word_1_264' title='bbox 1001 4214 1214 4306; x_wconf 85' lang='lat' dir='ltr'>theologiam</span> <span class='ocrx_word' id='word_1_265' title='bbox 1230 4217 1341 4308; x_wconf 92' lang='lat' dir='ltr'>primo</span> <span class='ocrx_word' id='word_1_266' title='bbox 1348 4219 1551 4306; x_wconf 78' lang='lat' dir='ltr'>positivam,</span> 
     </span>
     <span class='ocr_line' id='line_1_38' title="bbox 378 4313 782 4402; baseline 0.012 -20"><span class='ocrx_word' id='word_1_267' title='bbox 378 4313 502 4384; x_wconf 86' lang='lat' dir='ltr'>deinde</span> <span class='ocrx_word' id='word_1_268' title='bbox 525 4316 782 4402; x_wconf 77' lang='lat' dir='ltr'>speculativam.</span> 
     </span>
    </p>
   </div>
   <div class='ocr_carea' id='block_1_2' title="bbox 444 4421 1545 4524">
    <p class='ocr_par' dir='ltr' id='par_1_5' title="bbox 444 4421 1545 4524">
     <span class='ocr_line' id='line_1_39' title="bbox 444 4421 1545 4524; baseline 0.011 -36"><span class='ocrx_word' id='word_1_269' title='bbox 444 4421 490 4490; x_wconf 74' lang='lat'>1⁰.</span> <span class='ocrx_word' id='word_1_270' title='bbox 508 4423 632 4515; x_wconf 88' lang='lat' dir='ltr'>Itaque</span> <span class='ocrx_word' id='word_1_271' title='bbox 655 4447 766 4494; x_wconf 89' lang='lat' dir='ltr'>sermo</span> <span class='ocrx_word' id='word_1_272' title='bbox 788 4439 863 4496; x_wconf 89' lang='lat' dir='ltr'>esse</span> <span class='ocrx_word' id='word_1_273' title='bbox 885 4433 1001 4518; x_wconf 88' lang='lat' dir='ltr'>potest</span> <span class='ocrx_word' id='word_1_274' title='bbox 1024 4429 1066 4498; x_wconf 92' lang='lat' dir='ltr'>de</span> <span class='ocrx_word' id='word_1_275' title='bbox 1088 4429 1278 4522; x_wconf 88' lang='lat' dir='ltr'>theologia,</span> <span class='ocrx_word' id='word_1_276' title='bbox 1298 4439 1472 4524; x_wconf 88' lang='lat' dir='ltr'>qnatenus</span> <span class='ocrx_word' id='word_1_277' title='bbox 1489 4453 1545 4502; x_wconf 90' lang='lat' dir='ltr'>ve-</span> 
     </span>
    </p>
   </div>
   <div class='ocr_carea' id='block_1_3' title="bbox 0 0 1702 5056">
    <p class='ocr_par' dir='ltr' id='par_1_6' title="bbox 0 0 1702 5056">
     <span class='ocr_line' id='line_1_40' title="bbox 0 0 1702 5056; baseline 0 5"><span class='ocrx_word' id='word_1_278' title='bbox 0 0 1702 5056; x_wconf 95' lang='lat' dir='ltr'> </span> 
     </span>
    </p>
   </div>
  </div>
 </body>
</html>
