3240 5064
517 385 555 398 ..
577 352 638 414 205
658 385 695 398 ..

52 465 129 526 actm
148 467 295 548 possunt
324 483 399 529 esse
430 457 627 528 formaliter
658 464 758 527 actus
781 457 866 542 Dei,
894 457 1021 548 quibus
1043 455 1138 525 Dens
1162 479 1198 526 sa

51 567 141 654 ipsum
163 565 261 634 videt
284 574 321 636 et
343 574 437 635 amat
459 573 495 635 et
518 567 555 634 in
580 590 616 635 se
641 567 762 633 beatus
784 571 849 633 est.
867 565 1053 654 speciatim
1075 565 1199 634 deinde

52 671 197 743 ananus
211 681 249 743 et
264 675 457 745 declaratio
474 673 707 757 Thomassini,
729 672 759 740 si
775 672 877 740 obvio
895 674 1079 742 verborum
1096 695 1200 741 sensu

49 781 251 872 intelligitur,
273 782 436 872 pluribus
450 807 492 852 ex
508 783 681 872 capitibus
704 779 938 848 absurditatis
961 779 1197 848 convincitur.

50 887 117 954 Nam
131 889 164 972 a)
178 886 252 956 ista
272 917 290 952 e
305 911 462 979 congrua
485 887 638 980 partium
663 886 858 976 assignatio
873 908 936 976 pro
952 885 1105 976 singulis
1122 908 1195 972 per·

49 995 123 1062 sanis
144 995 205 1064 SS.
227 995 422 1064 Trinitatis
439 1022 456 1058 n
474 1001 649 1086 repugnat
664 995 734 1083 ipsi
758 993 926 1083 mysterio
951 994 1059 1062 trium
1083 1015 1198 1083 perso·

50 1122 160 1184 narum,
178 1123 268 1192 quae
292 1099 445 1170 essentia
467 1105 506 1169 et
527 1098 726 1190 operatione
750 1121 858 1165 unum
881 1104 978 1182 sunt,
997 1103 1034 1166 et
1048 1120 1070 1164 a
1086 1099 1199 1168 beatis

49 1205 191 1275 intuitive
216 1205 386 1276 videntur
409 1230 524 1276 amnas
548 1230 619 1275 una
633 1207 818 1298 eademque
841 1205 978 1273 ratione
993 1229 1033 1274 ac
1049 1205 1198 1292 visione,

50 1313 122 1381 sient
142 1319 246 1400 sunt,
273 1313 511 1384 identificatae
534 1339 612 1384 cum
643 1313 765 1382 divina
799 1313 973 1400 essentia3
1000 1319 1198 1401 repugnat,

50 1419 189 1512 inquam,
215 1421 289 1490 ista
321 1421 548 1505 distributio,
574 1421 644 1489 nisi
668 1442 759 1488 mare
787 1444 851 1508 per
885 1422 1202 1508 appropriationem

51 1523 265 1613 intelligatur,
292 1525 481 1594 secundnm
505 1547 607 1618 qnam
630 1525 754 1593 Patres
777 1524 971 1615 loquuntur
995 1545 1017 1590 a
1034 1523 1201 1592 Thomas·

52 1631 110 1698 aino
123 1631 233 1718 citati,
253 1632 317 1724 qui
333 1641 448 1700 tamen
463 1655 532 1700 non
555 1633 597 1701 de
613 1633 747 1701 visione
762 1631 926 1700 beatifica
943 1631 1003 1699 sed
1022 1631 1064 1699 de
1082 1631 1201 1720 gratia

51 1747 77 1804 et
93 1740 349 1828 supernaturali
380 1741 577 1830 cognitione
600 1739 796 1830 praesentis
822 1739 922 1807 vitae
946 1744 1073 1828 agunt.
1105 1739 1139 1828 b)
1162 1739 1202 1808 Si

53 1869 98 1932 per
117 1851 432 1936 appropriationem
448 1847 602 1915 Verbum
617 1851 696 1936 (pro
720 1845 843 1915 divina
865 1845 1018 1915 essentia
1044 1847 1110 1914 snb
1132 1847 1203 1914 for·

53 1953 116 2019 nali
136 1955 271 2023 ratione
296 1955 475 2038 veritatis)
492 1954 625 2024 dicitur
648 1956 773 2042 species
797 1955 976 2042 impressa,
993 1957 1030 2020 et
1045 1952 1203 2043 Spiritus

54 2057 177 2128 Sanctus
200 2065 280 2152 (pro
305 2061 427 2130 divina
457 2060 611 2130 essentia
642 2063 707 2128 snb
738 2059 878 2129 formali
909 2061 1045 2128 ratione
1077 2081 1204 2128 causae

53 2165 278 2253 illuminantis)
302 2168 436 2237 dicitur
458 2168 569 2234 tanen
592 2169 748 2257 pionica·
773 2167 809 2236 id
833 2167 945 2236 solnm
968 2167 1108 2236 admitti
1128 2170 1203 2257 pot·

53 2281 93 2340 est
110 2297 204 2344 sensu
228 2277 395 2365 superius
417 2275 594 2345 declarato
611 2300 619 2342 :
639 2275 750 2367 quoad
774 2279 915 2364 speciem
938 2273 1076 2366 quidem
1100 2297 1203 2342 sensu

56 2382 204 2470 negativo,
223 2382 318 2474 quod
341 2382 442 2452 nulla
464 2383 571 2451 datur
594 2382 737 2472 species,
756 2382 816 2450 sed
833 2382 929 2450 Deus
944 2383 981 2450 in
997 2404 1033 2449 se
1059 2381 1134 2471 ipso
1150 2387 1205 2449 est

56 2489 199 2560 obiectum
223 2491 386 2578 visionis;
410 2490 524 2583 quoad
548 2491 659 2556 tamen
674 2489 823 2578 pieriae,
838 2490 929 2581 quod
952 2489 1047 2558 Deus
1071 2497 1125 2558 ast
1141 2489 1205 2558 lux

58 2618 102 2662 sen
121 2599 286 2681 obiectum
311 2597 458 2667 visionis
476 2605 511 2666 at
527 2597 632 2664 simul
655 2619 761 2665 cansa
784 2595 884 2664 illius
909 2597 1021 2664 infusi
1045 2597 1201 2682 luminis,

58 2724 107 2791 quo
125 2713 252 2775 mentes
275 2707 398 2774 beatoe
428 2705 663 2772 informantur
685 2709 722 2772 et
752 2703 939 2772 elevantur
962 2703 1007 2772 ad
1037 2703 1205 2772 visionem

59 2806 234 2878 intuitivam
259 2809 337 2898 Dei;
364 2809 423 2878 sed
446 2807 545 2878 nullo
569 2809 667 2877 modo
690 2809 783 2878 Deus
806 2815 1030 2898 potestesse,
1057 2815 1098 2877 nt
1115 2809 1205 2878 'lho-

59 2917 202 2986 ominus
225 2917 293 3002 ait,
313 2917 444 3008 species
457 2923 494 2986 at
508 2915 625 2985 lumen
649 2917 845 3004 informans
868 2921 1027 2984 mentem.
1047 2915 1098 2985 Ut
1113 2917 1203 2985 enim

60 3022 129 3090 nibil
150 3023 260 3093 dicam
284 3025 327 3093 de
349 3047 401 3108 eo,
427 3023 518 3114 qnod
541 3024 651 3092 omnis
669 3023 791 3112 forma
813 3023 919 3091 estin
942 3046 978 3092 sa
1001 3024 1207 3113 imperfecta

62 3129 127 3198 etin
140 3133 295 3221 muntia
310 3133 355 3200 ad
371 3131 572 3201 ulteriorem
589 3130 849 3221 perfectionem
868 3153 962 3200 mens
979 3131 1078 3200 cuius
1085 3134 1208 3221 forma

62 3235 173 3323 proprie
195 3235 293 3306 dicta
314 3237 545 3324 esset-Dens,
572 3235 641 3302 iam
664 3235 813 3325 ipsamet
834 3235 928 3304 Deus
962 3241 1065 3304 esset.
1091 3236 1205 3318 Quam
1270 3229 1273 3236 ’

64 3339 173 3428 quiden
189 3343 444 3413 absurditatem
466 3339 575 3411 'verba
591 3341 812 3410 Thomasaini
835 3341 872 3408 in
896 3365 959 3410 sno
984 3343 1087 3412 obvio
1101 3366 1206 3413 sensu

63 3445 289 3532 exprimerent:
318 3478 334 3511 ι
358 3446 459 3515 nulla
483 3453 645 3516 creatura
667 3447 778 3515 Deum
809 3445 928 3515 videre
953 3453 1086 3536 patest3
1113 3471 1208 3518 mens

64 3549 135 3616 enim
158 3551 228 3642 ipso
258 3551 398 3642 Spiritu
430 3551 558 3620 Sancto
587 3551 777 3619 informata
803 3550 872 3618 ianr
899 3571 1006 3641 snpra
1029 3560 1208 3622 creaturas

65 3662 172 3742 erata,
195 3659 264 3728 iam
289 3660 326 3728 in
351 3659 458 3728 Βθιιω
483 3665 650 3749 provecta
672 3664 775 3727 eat.»

116 3765 155 3833 6⁰.
178 3767 347 3860 Sepositis
370 3767 569 3837 notionibus
593 3766 695 3835 falsis
718 3765 760 3834 de
782 3765 912 3834 lumine
936 3763 1087 3856 gloriae,
1118 3787 1202 3834 vara

66 3885 96 3933 uc
112 3875 240 3963 propria
262 3875 339 3942 eius
362 3872 466 3957 ratio,
493 3878 535 3940 ut
549 3894 590 3939 ex
615 3871 772 3940 omnibus
794 3869 963 3939 haamnus
987 3870 1093 3940 dictis
1117 3873 1208 3940 satis

68 3981 186 4064 arsut,
209 4004 277 4049 non
300 3979 405 4050 aliter
428 3979 584 4069 intelligi
608 3984 732 4069 potest,
750 3979 821 4046 nisi
844 3977 1033 4047 secundnm
1056 4001 1207 4048 commu-

69 4099 127 4149 ucn
144 4085 376 4180 theologorum
400 4087 678 4178 explicationem,
697 4091 738 4154 ut
753 4085 802 4155 sit
817 4089 868 4154 aie
884 4085 1051 4178 paredam
1074 4085 1206 4152 intelli·

71 4190 151 4268 pendi
169 4196 442 4284 supernaturalia
466 4197 559 4261 omni
577 4197 613 4260 ai
631 4195 791 4261 natarali
816 4196 1031 4276 eminentior,
1048 4191 1208 4283 superad-

76 4289 334 4371 dilatatatione·
357 4305 528 4371 beatorum
550 4317 583 4370 et
602 4327 666 4394 per
692 4301 824 4370 modam
851 4302 988 4368 latitas
1014 4301 1211 4389 informans

77 4418 198 4490 maten,
217 4435 354 4502 emaque
377 4411 508 4477 elaeone
532 4409 578 4476 od
601 4412 801 4477 inanietaan
827 4411 988 4475 visionem
1010 4407 1089 4488 Dei,
1106 4409 1211 4474 sicuti
