3230 5072
910 413 948 426 -
970 381 1030 442 424
1050 413 1089 428 ..

415 492 467 560 ita
482 493 524 556 ut
538 484 725 579 praecedat
747 505 878 554 omnem
902 488 1085 557 scientiam
1109 494 1184 558 tnm
1207 487 1370 574 mediam,
1388 488 1472 580 qnid
1494 509 1577 558 crea

413 604 497 668 tura
519 596 583 666 snb
606 592 714 666 certis
737 592 994 663 conditionibus
1016 601 1110 665 esset
1131 595 1241 665 libere
1263 602 1410 682 actura,
1438 602 1512 665 tum
1533 597 1577 664 vi·

414 705 536 790 sionis,
562 724 631 795 qna
646 702 743 771 Dens
765 701 924 771 intuetur
946 702 1057 794 ipsam
1072 703 1143 772 iam
1158 703 1305 774 liberam
1328 703 1578 774 determinatio

1608 4819 1609 4864 ι

414 837 504 902 nem;
531 810 588 881 vel
611 810 676 895 ita,
702 814 745 878 ut
767 809 988 900 praelucente
1010 809 1160 880 scientia
1182 811 1297 880 media
1311 811 1410 881 Dens
1432 811 1580 880 absoluta

415 922 599 994 voluntate
621 919 786 1010 disponat
808 941 923 990 omnes
947 927 1189 992 creaturarum
1211 921 1343 991 liberos
1365 927 1471 991 actua
1495 925 1577 988 ante·

415 1030 579 1101 cedentar
601 1027 646 1098 ad
669 1027 851 1097 scientiam
876 1029 1035 1118 visionie;
1056 1029 1113 1100 vel
1129 1029 1279 1122 deniqne
1300 1028 1366 1115 ita,
1384 1034 1428 1098 nt
1450 1052 1519 1097 non
1533 1029 1580 1095 ah

416 1137 528 1208 solute
545 1135 636 1207 velit
651 1135 742 1206 tales
757 1140 858 1205 actus
875 1137 1037 1221 existere,
1056 1137 1127 1207 nisi
1143 1138 1225 1208 dum
1241 1137 1280 1204 in
1296 1159 1362 1206 sua
1381 1137 1580 1208 aeternitate

415 1246 514 1317 videt
536 1249 733 1314 creaturam
756 1267 830 1314 sese
853 1245 897 1314 ad
920 1267 977 1314 eos
999 1244 1110 1315 libere
1133 1246 1439 1316 determinantem.

481 1352 587 1420 Hisce
610 1350 735 1442 positis
758 1350 988 1420 affirmamus:
1015 1353 1049 1420 1⁰
1071 1351 1188 1420 nullos
1212 1357 1315 1422 actua
1338 1351 1451 1421 malou
1474 1373 1497 1418 a
1517 1351 1578 1418 Deo

415 1457 640 1551 praedefiniri
656 1457 798 1548 proprio
828 1481 943 1544 sensu,
961 1481 1029 1529 non
1059 1459 1172 1528 solum
1198 1459 1311 1552 quoad
1329 1459 1498 1528 moralem
1513 1482 1578 1548 pra·

416 1567 575 1650 vitatem,
593 1565 684 1658 quod
706 1571 762 1634 est
785 1565 853 1634 fide
876 1565 1121 1656 certissimum
1140 1567 1201 1636 eed
1219 1589 1330 1660 nequa
1350 1567 1468 1660 quoad
1483 1567 1580 1656 ipsam

416 1675 600 1746 entitatem
622 1672 806 1764 physicam
830 1679 983 1744 actuum.
1003 1673 1103 1758 Quod
1126 1674 1217 1744 enim
1232 1675 1329 1744 Deus
1351 1674 1580 1766 prohibetsnb

414 1781 648 1853 intentatione
669 1780 744 1850 irae
767 1802 850 1851 suae
872 1787 909 1851 et
938 1805 1067 1872 poenae
1096 1789 1279 1868 aeternae,
1305 1788 1361 1851 est
1383 1783 1461 1873 ipae
1492 1788 1579 1850 actos

414 1890 605 1984 physicus,
631 1888 716 1958 lieet
738 1890 849 1976 ratio,
875 1911 983 1982 quare
1011 1913 1089 1960 enm
1119 1890 1323 1981 prohibeat,
1350 1891 1401 1960 sit
1429 1888 1579 1980 pravitas

415 1997 558 2068 moralis
581 1998 625 2064 ab
640 2019 679 2065 eo
702 1996 961 2088 inseparabilis.
980 1998 1094 2090 Atqui
1115 2004 1290 2089 repugnat
1312 1996 1483 2068 voluntas
1505 2019 1578 2065 com·

414 2105 609 2199 placentiae
632 2105 670 2174 in
684 2105 768 2188 Deo,
794 2111 836 2173 ut
857 2104 923 2174 fiat
944 2106 1029 2176 talis
1052 2112 1171 2192 actus,
1197 2113 1234 2175 ct
1256 2111 1455 2198 repugnat,
1482 2105 1576 2174 Deum

416 2213 508 2284 velle
523 2211 668 2296 efficere,
686 2217 728 2280 ut
750 2210 850 2279 homo
865 2212 911 2281 ad
926 2212 1032 2281 talem
1047 2217 1164 2282 actum
1187 2236 1223 2283 ee
1246 2212 1468 2298 determinet,
1485 2235 1508 2280 a
1523 2232 1577 2302 qno

415 2317 663 2410 inseparabilis
685 2324 741 2388 eet
762 2319 923 2408 pravitas
939 2319 1093 2405 moralis,
1111 2327 1149 2388 et
1164 2343 1266 2412 quem
1282 2319 1360 2388 ideo
1374 2319 1474 2388 Daue
1497 2339 1576 2386 seve·

414 2427 555 2496 tissime
577 2424 750 2517 prohihet.
768 2424 866 2514 Ergo
888 2425 983 2494 Dens
1005 2423 1121 2494 nullos
1144 2425 1236 2495 tales
1258 2433 1361 2496 aetna
1383 2423 1576 2517 praedefinit

411 2536 555 2627 proprio
579 2556 695 2604 sensu.
715 2532 806 2602 Sane
828 2539 988 2623 peccator
1010 2534 1086 2626 ipae
1100 2557 1169 2602 non
1185 2535 1266 2604 vult
1287 2536 1503 2626 pravitatem
1520 2553 1574 2599 mc

409 2643 532 2728 ralem‚
552 2641 622 2710 nisi
640 2645 813 2733 quatenns
837 2639 919 2710 vult
932 2647 1061 2726 actum,
1080 2663 1185 2734 aquo
1201 2663 1242 2709 ea
1257 2647 1311 2710 est
1327 2639 1571 2734 inseparabilis.

411 2751 497 2820 Cum
521 2770 605 2839 ergo
628 2749 704 2818 eine
727 2747 833 2816 dnbio
857 2747 1094 2840 blasphemum
1117 2749 1167 2818 sit
1189 2772 1267 2818 cnm
1290 2749 1440 2820 Calvino
1470 2746 1573 2819 existi-

414 2881 508 2940 mare
538 2858 648 2927 Deum
679 2855 791 2940 velle,
818 2856 1170 2947 utfiatpeccatum;
1195 2856 1420 2927 nullomodo
1448 2851 1572 2925 admitti

414 2972 550 3058 potest,
576 2965 668 3035 velle
690 2965 820 3049 Deum,
847 2964 949 3033 immo
971 2971 1010 3033 et
1038 2965 1187 3034 motione
1210 2964 1340 3034 efficaci
1363 2965 1572 3055 praecedente

414 3073 668 3165 praevisionem
690 3070 821 3140 liberae
843 3071 1144 3142 determinationis
1174 3071 1345 3141 hnmanae
1368 3072 1519 3156 efficere,
1540 3075 1571 3135 ut

414 3181 514 3248 homo
537 3203 573 3249 ee
596 3177 803 3248 determinet
825 3179 869 3248 ad
885 3179 991 3248 talem
1015 3185 1132 3248 actum
1156 3179 1261 3248 etiam
1283 3178 1435 3270 physice
1458 3183 1570 3270 specta-

412 3293 500 3373 tum,
517 3309 539 3355 a
556 3309 624 3378 quo
639 3286 732 3355 ratio
746 3287 882 3376 peccati
899 3291 953 3354 eet
968 3285 1226 3378 inseparabilis.
1243 3285 1470 3358 Advertatnr
1483 3285 1567 3366 enim,

413 3415 483 3463 non
498 3394 611 3464 solum
627 3394 687 3484 agi
702 3393 745 3462 de
760 3393 896 3464 actione
911 3399 1056 3464 externa
1072 3395 1132 3464 sed
1148 3395 1190 3464 de
1205 3395 1282 3484 ipso
1297 3400 1381 3465 actu
1396 3395 1569 3467 deliberato

416 3698 478 3737 eam
496 3681 628 3749 reticem
654 3681 767 3736 credere
791 3686 885 3738 autem
908 3685 989 3737 illam
1014 3700 1048 3738 ea
1069 3684 1140 3752 lide,
1167 3699 1224 3754 qua
1249 3685 1391 3740 eredimus
1417 3683 1565 3754 mysteria!

415 3773 584 3838 Trinitatis,
606 3787 687 3825 nemo
698 3775 805 3839 potest.
823 3774 949 3828 «uirum
965 3777 1050 3841 plana
1070 3779 1124 3844 est,
1140 3775 1239 3842 inquit
1250 3773 1354 3830 illudue
1368 3777 1494 3831 Ararim
1504 3773 1565 3829 al’.

414 3863 455 3938 (1.
478 3879 502 3916 c.
519 3879 550 3916 ιι.
567 3857 654 3932 41.),
677 3860 753 3928 quod
772 3861 888 3929 quidam
909 3863 1018 3916 novitii
1045 3863 1171 3929 theologi
1190 3861 1336 3937 (tempora
1354 3862 1492 3936 huvil),
1513 3875 1564 3928 quc

415 3968 476 4006 rum
489 3953 574 4005 multi
587 3952 697 4020 absque
719 3952 780 4005 ullo
799 3954 929 4006 examine
950 3967 1064 4006 suorum
1083 3953 1283 4018 magistrorum
1303 3957 1451 4008 sectantur
1468 3949 1563 4022 placitu.

414 4047 525 4098 tautam
548 4043 606 4096 eibi
623 4042 705 4097 fldem
725 4041 822 4097 velint
840 4043 958 4110 haberi,
979 4047 1013 4096 ut
1031 4042 1232 4098 indubitanter
1249 4045 1360 4112 posteri
1382 4043 1503 4109 theologi
1519 4053 1563 4092 crc-

413 4134 481 4188 deru
501 4135 657 4187 uocantur
677 4133 753 4186 huuc
772 4132 826 4185 Dei
845 4133 996 4200 physicum
1016 4134 1155 4188 humanae
1168 4134 1330 4189 voluntatis
1350 4131 1564 4202 pnsdeominc

414 4223 506 4276 tirum
526 4237 705 4292 concursum,
725 4223 807 4276 cuins
825 4239 877 4277 nuo
895 4223 1024 4277 Oouoilia
1042 4239 1094 4277 uec
1113 4225 1265 4278 aaPatrec
1283 4223 1439 4292 aliquando
1451 4221 1560 4274 menine-

414 4315 491 4380 ruut,
516 4311 567 4366 aad
590 4313 625 4366 ab
645 4313 687 4366 eis
706 4313 765 4367 ruit
789 4313 911 4380 quodam
934 4313 1034 4368 fallaci
1056 4313 1188 4368 discursu
1206 4315 1381 4370 confictae·
1403 4312 1470 4368 Vide
1489 4307 1558 4362 etiam

411 4401 606 4456 Alhertlnium
618 4401 737 4458 0.1³.1n
753 4401 867 4460 Scholia
880 4403 926 4458 87.
946 4402 981 4456 ud
993 4403 1105 4458 Volum.
1120 4404 1159 4460 11.
1174 4407 1204 4458 et
1216 4419 1260 4472 ep.
1275 4404 1315 4457 Π.
1328 4403 1364 4458 ad
1384 4399 1510 4458 Dominio.
1520 4397 1557 4447 Pe

413 4493 522 4558 lentini
534 4509 558 4546 o.
571 4493 598 4547 8,
613 4509 642 4546 u.
655 4493 700 4544 37.
