3224 5068
880 407 917 422 -
939 375 999 436 322
1020 407 1057 422 -

386 472 554 542 Dominus
576 473 672 544 Dens
696 476 848 546 Sabaoth
872 479 909 548 in
926 503 962 552 se
980 483 1054 574 ipso
1073 481 1264 566 aSanctns,
1284 477 1451 564 Sanctus,
1477 477 1557 548 San·

387 587 465 650 ctus
483 608 499 644 n
515 581 647 652 IsaVI.
665 584 699 652 3.

453 687 548 758 ldem
572 713 674 780 porro
697 713 793 762 amor
813 697 1022 783 essentialis,
1041 721 1108 789 quo
1131 698 1227 766 Deus
1243 697 1380 766 infinite
1399 699 1499 763 amat
1513 717 1560 763 re·

387 795 594 865 ctitndinem
609 799 646 867 in
665 821 729 868 sua
743 802 907 888 essentia,
926 827 993 894 qno
1009 813 1257 898 consequenter
1273 803 1356 873 vult
1375 802 1561 872 rectitudi-

387 925 464 972 nem
479 905 516 972 in
533 905 607 974 suis
631 911 805 978 creaturis
829 910 987 1002 hancque
1010 919 1115 997 amat,
1134 935 1176 981 ex
1193 912 1351 1004 opposito
1366 917 1424 980 est
1440 910 1561 999 impro-

334 1107 336 1112 .
388 1010 482 1078 butio
498 1015 693 1082 necessaria
708 1023 744 1084 et
761 1017 875 1086 odium
894 1020 1027 1108 peccati
1043 1020 1100 1088 Ps.
1113 1021 1201 1088 Vb.
1218 1043 1308 1112 sqq.;
1319 1019 1428 1086 Prov.
1439 1017 1519 1086 XV.
1529 1017 1559 1084 9.

386 1115 486 1185 Unde
509 1127 667 1208 apparet,
686 1123 852 1213 quomodo
875 1149 942 1192 non
967 1126 1080 1194 solnm
1103 1126 1254 1194 identice
1283 1125 1342 1194 sed
1367 1123 1561 1192 formaliter

389 1334 560 1403 sanctitas
582 1335 648 1404 Dei
663 1337 712 1405 sit
728 1337 783 1406 ira
809 1339 887 1424 Dei,
906 1339 942 1408 h.
960 1363 990 1410 e.
1010 1341 1151 1410 iustitia
1167 1341 1204 1408 in
1220 1339 1396 1431 puniendo
1411 1343 1559 1428 peccato,

389 1447 426 1508 at
448 1464 545 1510 amor
568 1444 736 1514 bonitatis
760 1447 808 1515 sit
831 1447 948 1516 odium
975 1449 1122 1538 peccati:
1141 1449 1322 1518 distinctio
1346 1447 1489 1517 seilicet
1503 1467 1561 1514 non

388 1549 490 1617 estin
504 1553 727 1640 perfectione,
742 1555 848 1622 etiam
863 1561 901 1624 ut
913 1578 935 1623 a
946 1557 1045 1625 nobis
1058 1556 1287 1646 intelligitur,
1303 1555 1362 1624 sed
1374 1553 1561 1624 diversitas

387 1661 442 1725 est
463 1657 500 1724 in
523 1659 668 1744 obiecto,
694 1661 738 1730 ad
762 1663 852 1754 quod
876 1686 947 1733 una
969 1665 1137 1754 perfectio
1160 1665 1325 1733 refertur.
1344 1691 1361 1726 a
1377 1663 1479 1731 Deus
1494 1659 1559 1752 qui·

388 1765 464 1833 dem
489 1766 598 1834 bonus
621 1775 674 1837 cst
696 1791 758 1858 per
788 1773 824 1840 st
855 1771 989 1862 ipsum,
1015 1773 1131 1841 iustus
1161 1778 1279 1840 antem
1313 1776 1560 1861 consequenter

389 1877 533 1962 propter
556 1895 615 1958 ea,
642 1897 729 1968 quae
753 1885 874 1946 nostra
898 1887 1001 1965 sunt,
1028 1887 1064 1950 et
1089 1881 1148 1947 too
1173 1882 1283 1970 iprum
1308 1880 1395 1970 quio
1422 1877 1559 1942 bonum

389 1975 545 2047 Clemens
566 1980 671 2050 Alex.
689 1983 887 2076 Paedagog.
906 1986 937 2054 Ι.
956 2011 986 2056 c.
1001 1989 1034 2056 8.
1048 2011 1083 2078 p.
1098 1987 1177 2056 127.

456 2088 562 2157 Ratio
585 2091 704 2183 itaque
728 2093 870 2183 propria
893 2096 1096 2165 sanctitatis
1126 2093 1192 2163 Dei
1215 2117 1258 2164 ex
1281 2093 1390 2164 dictis
1418 2092 1560 2162 adhaec

390 2201 589 2266 revocatur.
606 2197 702 2268 Deus
724 2207 779 2270 est
802 2206 838 2286 o)
858 2205 1008 2292 positive
1032 2203 1109 2293 ipsa
1136 2205 1325 2288 sanctitas,
1359 2202 1448 2294 quia
1477 2200 1559 2268 sicut
1602 2289 1603 2294 ἵ

390 2303 467 2372 eius
489 2305 641 2374 essentia
665 2307 854 2379 intrinsece
877 2317 931 2380 est
954 2311 1030 2401 ipsa
1053 2311 1246 2395 rectitudo,
1272 2333 1340 2379 non
1364 2309 1471 2378 velut
1492 2329 1558 2375 con·

392 2411 542 2481 formata
564 2413 609 2482 ad
633 2413 787 2508 aliquam
810 2439 975 2503 normam,
994 2419 1053 2488 sed
1077 2427 1118 2488 ιιι
1140 2419 1218 2508 ipsa
1233 2441 1276 2487 ex
1293 2440 1330 2486 se
1347 2424 1449 2486 recta
1465 2419 1557 2485 estet

391 2541 511 2588 norma
533 2522 644 2590 omnis
659 2523 899 2594 rectitudinis:
918 2527 970 2595 ita
993 2533 1048 2596 est
1071 2527 1144 2618 ipso
1160 2549 1256 2594 amor
1272 2525 1380 2594 huius
1395 2523 1556 2594 essentiae

390 2626 605 2720 adaequatus
628 2631 839 2700 amabilitati
864 2633 1010 2720 obiecti,
1036 2635 1060 2704 i.
1080 2657 1111 2703 e.
1130 2634 1290 2702 infinitae
1318 2629 1556 2702 substantialis

393 2734 560 2804 bonitatis
576 2757 671 2806 amor
688 2739 850 2809 infinitus
866 2741 937 2828 (1);
956 2743 1017 2834 qui
1034 2743 1123 2812 idem
1147 2749 1249 2812 actus
1275 2741 1404 2810 amoris
1423 2737 1555 2808 amando

390 2864 488 2912 suam
511 2845 778 2916 substantialem
802 2848 990 2918 bonitatem
1014 2849 1118 2918 simul
1142 2851 1178 2918 iu
1201 2871 1253 2936 ea,
1272 2871 1351 2918 cum
1366 2870 1423 2934 ea,
1440 2853 1554 2935 stpro

390 2960 467 3044 pter
482 2973 568 3038 eam,
587 2959 682 3021 amat
696 2957 919 3026 sanctitatem
942 2965 978 3026 et
1001 2959 1246 3028 rectitudinem
1262 2957 1510 3050 participatam
1525 2954 1554 3020 in

392 3059 576 3128 creaturis.
597 3057 697 3128 Sicut
719 3063 899 3152 cognoscit
924 3065 1017 3133 Deus
1042 3065 1156 3132 omnia
1170 3065 1207 3133 in
1224 3087 1289 3133 sua
1304 3064 1460 3133 essentia
1474 3059 1554 3128 utin
1601 3121 1602 3152 ,

393 3187 551 3255 suprema
563 3167 731 3252 peritate,
747 3169 799 3238 ita
814 3179 910 3238 amat
922 3171 1036 3240 omnia
1056 3172 1092 3240 in
1109 3194 1172 3240 sua
1184 3171 1337 3240 essentia
1350 3178 1392 3240 ιιι
1407 3187 1554 3261 suprema
1601 3195 1602 3262 ι

393 3273 559 3358 bonitate,
586 3277 773 3345 secundum
796 3279 929 3367 gradus
952 3279 1109 3348 diversos
1132 3279 1364 3370 participatae
1382 3275 1550 3346 bonitatis.
1601 3265 1602 3272 '

394 3379 573 3471 Quidquid
589 3382 678 3450 enim
700 3382 735 3449 in
760 3383 931 3452 creaturis
948 3389 1001 3452 est
1016 3383 1246 3452 amabilitatis
1262 3389 1316 3452 est
1333 3381 1505 3452 derivatio
1518 3377 1553 3443 ab

394 3485 457 3553 illa
469 3487 698 3557 substantiali
712 3497 746 3558 et
757 3491 937 3559 essentiali
950 3489 1168 3560 amabilitate
1180 3490 1243 3577 (2).
1260 3491 1293 3576 b)
1309 3489 1392 3558 Ideo
1409 3487 1553 3578 sepetire

461 3661 564 3734 (1)Ex
584 3665 770 3720 bacicrmali
791 3668 907 3720 notione
933 3667 1099 3720 sanctitatis
1126 3665 1314 3731 intelligimur,
1337 3679 1426 3732 qnare
1445 3673 1551 3730 persona

395 3753 484 3806 tertia
502 3751 550 3807 SS.
562 3755 718 3808 Trinitatis
745 3756 899 3822 procedens
922 3772 973 3824 per
998 3771 1119 3809 amoram
1139 3757 1180 3807 sit
1198 3754 1337 3808 sanctitas
1364 3749 1548 3820 hypostatica,

394 3843 470 3898 sicut
487 3858 608 3910 persona
627 3845 750 3898 secunda
769 3845 922 3912 procedens
936 3847 1119 3912 generatione
1133 3859 1184 3912 par
1198 3844 1379 3896 intellectum
1394 3843 1440 3894 est
1452 3837 1549 3905 sapien·
1600 3883 1601 3904 ,

395 3936 438 3988 tia
455 3935 646 4002 hypostatica.
667 3935 710 3988 (ll.
725 3937 811 3989 'iract
830 3935 862 3988 do
881 3937 962 3990 lirin.
977 3935 1020 3988 tb.
1032 3935 1136 3990 XXVI.
1152 3951 1181 3987 u.
1196 3935 1234 4000 113
1250 3933 1293 3986 th.
1310 3933 1412 3985 XLVI.
1600 3921 1601 4016 l

461 4017 503 4098 (Β)
521 4026 594 4080 Hinc
612 4026 755 4092 intellige,
776 4024 914 4092 quomodo
933 4026 1009 4080 Deus
1028 4039 1079 4078 nos
1099 4027 1175 4076 amet
1192 4037 1285 4076 amora
1304 4022 1433 4088 gratuito
1452 4023 1480 4072 et
1492 4015 1548 4069 ani·

395 4111 492 4180 ciiiae,
513 4115 662 4180 postquam
681 4113 717 4166 ad
736 4115 909 4166 consortium
929 4129 996 4166 suae
1015 4113 1131 4165 divinae
1152 4115 1271 4164 naturae
1291 4113 1321 4162 et
1339 4109 1375 4162 ad
1395 4101 1547 4162 similitudi·

397 4219 460 4258 nem
480 4205 726 4270 supernaturalem
745 4209 796 4270 per
815 4205 1040 4258 sanctificantem
1059 4203 1184 4268 gratiam
1203 4215 1254 4254 nos
1275 4199 1413 4264 elevavit,
1428 4195 1551 4250 eruum

397 4307 448 4346 noa
468 4293 543 4346 sicut
561 4299 654 4347 cetera
673 4295 767 4347 omnia
790 4309 885 4347 amare
904 4309 959 4346 non
984 4291 1077 4359 possit
1095 4291 1154 4344 nisi
1173 4293 1291 4358 propter
1313 4305 1343 4342 se
1362 4289 1469 4356 ipsum,
1487 4285 1512 4336 b.
1526 4295 1545 4331 ο·

397 4385 428 4436 in
447 4397 499 4436 ana
517 4383 646 4438 bonitate
665 4383 781 4438 intinita
804 4387 834 4435 et
852 4388 968 4451 propter
987 4396 1067 4436 suam
1087 4382 1260 4446 bonitatem,
1281 4379 1363 4432 cuins
1382 4378 1476 4444 aliqua
1494 4383 1544 4440 par·

396 4472 527 4540 ticipatto
546 4489 598 4527 noa
617 4475 674 4527 Deo
700 4473 865 4528 assimilans
883 4475 915 4526 in
934 4471 1017 4526 nebia
1036 4475 1081 4524 eat
1104 4471 1139 4526 ab
1161 4471 1224 4538 ipro
1245 4468 1455 4522 communicata.
1476 4459 1544 4512 Ἐὐ
