3394 5056
574 281 734 388 -77⁵.

91 438 219 506 tument
241 440 280 504 et
302 434 504 505 debuissent
525 433 753 526 intelligere?
772 463 788 499 a
805 432 860 502 Ex
886 432 944 502 hie
968 454 1055 526 quae
1079 432 1245 503 videntur
1307 501 1314 512 ,

92 547 186 613 bna»
204 540 248 628 (ἐκ
266 565 322 608 των
346 543 493 635 ἰρωμενων
511 540 651 630 Qubus)
671 546 741 631 (l);
771 571 787 606 o
805 543 967 632 operibus
989 541 1241 612 attendentesn

94 649 149 738 (aa
162 647 252 741 ἔργοις
269 645 493 742 πρεσεχοντες).
521 650 563 718 In
585 653 737 719 Actibus
760 651 859 719 XIV.
879 651 934 718 16.
956 651 1090 720 Paulus
1114 651 1244 722 diserte

91 767 311 828 commemorat
333 758 572 837 testimonium
596 759 661 826 Dei
685 758 726 826 de
750 781 787 827 ee
810 758 886 848 ipse
901 758 946 826 ad
963 782 1078 828 omnes
1108 766 1243 848 gentes,

90 867 163 937 illud
183 890 264 938 vere
288 869 478 956 restringit
505 868 549 936 ad
581 866 820 934 testimonium
851 867 1044 951 factorum,
1069 867 1114 935 ad
1144 868 1244 936 testi·

90 977 218 1043 nonium
241 998 304 1066 per
328 975 495 1044 beneficia
517 975 711 1044 naturalior
734 997 836 1042 onon
861 975 936 1043 sine
960 975 1159 1044 testimonie
1194 998 1245 1046 se·

92 1083 253 1172 metipsum
276 1083 438 1174 reliquit,
465 1083 684 1151 benefaciens
700 1083 742 1151 de
759 1083 864 1166 coelo,
879 1083 967 1150 dans
982 1083 1123 1173 pluvias
1141 1109 1157 1144 n
1176 1089 1243 1152 ete.

140 1189 245 1280 Atqui
270 1193 308 1275 a)
325 1189 530 1258 incredibile
547 1197 613 1274 est,
629 1189 818 1279 scriptores
833 1189 1025 1279 inspiratos
1041 1190 1079 1257 in
1094 1196 1165 1258 tam
1178 1189 1246 1258 sel·

90 1295 170 1364 licita
190 1296 429 1365 declaratione
452 1297 543 1365 modi
568 1295 797 1387 cognoscendi
819 1297 931 1364 Deum
961 1297 1099 1387 reliqua
1131 1296 1246 1364 omnia

89 1426 295 1486 enumerasse,
314 1426 404 1497 qnae
419 1427 462 1473 ex
485 1403 675 1494 hypothesi
690 1403 971 1473 adversariorum
988 1405 1063 1472 sine
1080 1403 1144 1472 illa
1158 1427 1245 1493 sup·

91 1513 182 1602 posite
203 1513 404 1603 cognitione
428 1536 489 1604 per
511 1513 737 1582 traditionem
761 1535 804 1581 ne
826 1513 940 1582 locum
964 1513 1102 1605 quidem
1118 1511 1246 1582 hahere

90 1627 224 1709 pessum,
248 1621 342 1689 hanc
365 1641 470 1688 unam
498 1641 541 1688 ex
573 1619 762 1710 hypothesi
794 1621 954 1690 omnibus
985 1619 1245 1710 suppeditatum

92 1733 118 1792 et
135 1727 330 1796 facillimam
353 1737 389 1796 et
413 1750 473 1817 per
495 1749 533 1796 ee
555 1727 664 1795 solam
688 1726 914 1795 sufficientem
934 1749 1122 1818 numquam
1153 1727 1243 1796 indi-

93 1854 178 1918 casse,
200 1835 260 1904 nbi
284 1836 329 1905 de
353 1835 458 1926 culpa
480 1836 658 1904 hominum
681 1837 835 1925 agebant
858 1857 980 1904 verum
1003 1835 1114 1904 Deum
1145 1834 1244 1926 igno·

92 1943 231 2028 rentium,
246 1945 279 2012 si
291 1945 511 2013 censuissent
527 1943 761 2035 cognitionem
777 1943 877 2011 illam
892 1943 1155 2013 traditionalem
1170 1965 1246 2014 esse

95 2051 332 2124 tundamentum
356 2060 393 2122 et
416 2053 647 2123 conditionem
666 2053 896 2121 necessariam
912 2052 957 2120 ad
973 2051 1246 2141 recognitionem

94 2157 142 2226 Dei
160 2181 197 2228 ex
218 2160 408 2229 creaturis.
427 2160 461 2246 t)
477 2161 543 2229 Est
575 2160 799 2246 incredibile,
826 2181 943 2230 sacros
973 2160 1186 2250 scriptores,
1215 2157 1247 2226 si

96 2265 276 2338 fuissentin
300 2268 479 2336 sententia
501 2267 801 2352 adversariorum,
826 2273 939 2336 tetum
970 2267 1100 2336 crimen
1132 2266 1246 2356 genti-

95 2371 171 2458 lium,
187 2398 251 2468 qne
274 2384 396 2446 essent
417 2375 685 2460 inexcusabiles,
711 2397 893 2445 revocasse
916 2375 960 2443 ad
991 2374 1189 2463 neglectum
1212 2378 1248 2442 et

96 2482 212 2551 ebusum
234 2484 489 2574 recognitionis
504 2508 547 2554 ex
564 2484 749 2570 creaturis,
775 2484 876 2552 nulla
892 2483 987 2551 facta
1003 2481 1176 2550 mentione
1190 2501 1247 2549 ne·

97 2588 206 2675 glectus
225 2599 261 2660 et
283 2593 418 2660 abusus
439 2592 651 2682 cognitionis
675 2613 717 2661 ex
739 2591 874 2660 tradita
889 2589 1117 2658 revelatione.
1134 2593 1164 2674 o)
1180 2587 1248 2658 Est

98 2695 184 2767 rdhuo
212 2699 480 2780 incredibilius,
506 2699 679 2782 Paulum,
713 2699 775 2788 qui
810 2697 965 2766 studiose
1000 2695 1247 2788 quedammodo

99 2805 207 2892 quaerit
226 2807 468 2877 testimonium
492 2815 528 2875 et
550 2807 759 2876 locutionem
781 2807 847 2874 Dei
866 2801 1050 2896 (occepere)
1069 2804 1114 2872 ad
1131 2825 1248 2874 omnes

98 2921 203 2999 gentes,
220 2937 324 3008 quam
349 2915 507 2984 conferat
530 2937 607 2984 eum
630 2915 696 2984 Dei
719 2914 918 2984 testimonio
934 2913 978 2984 ad
994 2911 1162 3002 populum
1179 2911 1248 2980 ele·

100 3087 311 3153 suntsellicit13
341 3085 460 3138 dixerat
486 3085 561 3138 enim
586 3087 672 3153 paulo
696 3087 780 3151 ante,
803 3099 851 3136 eos
876 3083 1043 3149 cognovisse
1069 3081 1172 3148 Deum,
1198 3079 1248 3134 sed

101 3179 255 3229 onnubsse
275 3177 400 3242 gloriam
421 3175 472 3229 Dei
494 3175 526 3228 in
547 3175 768 3228 similitudinem
787 3173 923 3239 imaginis
941 3173 1075 3238 heminis,
1100 3173 1247 3224 etverlta·

101 3265 142 3314 ten
152 3265 196 3318 Dei
214 3268 243 3320 in
259 3267 448 3320 menducium.
463 3267 551 3319 Deum
572 3281 670 3318 verum
684 3269 888 3330 cognoverunt,
905 3263 955 3318 sed
969 3268 1168 3332 pervertentes
1185 3263 1248 3317 eins

102 3351 180 3422 idean,
195 3360 409 3412 transtulerunt
427 3371 527 3408 nemen
546 3359 577 3408 et
595 3357 703 3409 cultum
717 3355 752 3408 ad
775 3359 934 3408 erecturam
957 3351 1006 3428 (cl.
1022 3353 1088 3422 Sap.
1099 3354 1177 3406 XIV.
1189 3348 1246 3424 21);

103 3455 156 3506 qnae
174 3451 213 3500 eet
230 3447 385 3500 rationalis
407 3450 528 3500 naturae
547 3446 651 3512 ingens
672 3444 820 3512 perversio
833 3441 956 3515 (ματαιοι
977 3440 1068 3514 coner)
1087 3446 1117 3496 ct
1135 3442 1247 3496 menda·

102 3533 157 3588 den
173 3537 241 3590 illud
266 3536 392 3605 grande,
417 3551 451 3588 ex
473 3551 528 3604 qne
550 3540 684 3589 ereatura
705 3536 778 3603 ipsa,
801 3539 945 3602 qnatenus
967 3536 1139 3587 aestimatur
1156 3537 1187 3586 et
1208 3548 1250 3586 ce·

103 3621 158 3677 liter
171 3630 200 3680 nt
215 3629 297 3695 liene,
320 3627 429 3682 dicitnr
448 3626 634 3694 mendacium,
656 3626 689 3678 in
709 3624 890 3692 oppositione
909 3624 945 3678 ad
958 3626 1047 3678 Deum
1068 3623 1118 3690 qni
1136 3626 1182 3676 est
1201 3639 1248 3677 va·

105 3711 159 3766 ritas
174 3715 237 3770 Rom
246 3719 270 3771 1.
284 3719 329 3771 al.
342 3717 387 3770 23.
401 3717 444 3770 ab.
457 3717 503 3769 28.

150 3801 185 3874 (Ι)
202 3807 307 3861 olliud
327 3812 374 3860 eet
393 3808 481 3860 Deum
503 3820 671 3872 cognoscere
690 3805 722 3858 ln
742 3805 890 3871 ereatura,
913 3802 995 3856 aliud
1014 3817 1066 3870 per
1091 3804 1247 3855 creaturas.

104 3887 245 3958 Cognemere
264 3899 352 3952 Deum
375 3899 406 3949 in
427 3899 569 3962 ereatura,
596 3897 643 3948 est
662 3909 829 3960 cognoscere
852 3895 915 3946 eins
939 3893 1180 3960 praesentisceret
1205 3892 1248 3944 ln-

105 3981 223 4040 lncntiam
247 3991 277 4042 in
299 3991 433 4046 creatura
454 3986 544 4061 (haec
563 3987 594 4039 in
614 3987 698 4038 nobie
723 3988 801 4038 esset
822 3985 995 4050 recognitio,
1019 3997 1091 4050 qnae
1111 3983 1250 4050 supponit

105 4072 171 4126 olion
179 4079 362 4143 cognitionem
373 4079 427 4131 Dei
438 4077 605 4142 existentis,
619 4077 650 4128 in
661 4075 762 4127 Beati·
776 4075 821 4128 est
833 4074 960 4140 cognitio
971 4073 1023 4125 Dei
1036 4069 1248 4145 immediata)...

108 4161 248 4228 Cognoscere
267 4173 354 4224 Deum
369 4175 598 4236 pererraturum,
621 4175 660 4218 oet
674 4167 778 4218 elevari
791 4184 809 4217 a
821 4165 986 4232 cognitione
998 4171 1144 4215 creaturos
1156 4163 1193 4212 ad
1206 4178 1249 4214 co·

107 4253 231 4312 sirionem
248 4261 301 4312 Dei
321 4261 407 4328 qnasi
431 4275 483 4328 per
502 4259 607 4319 scalam
630 4257 760 4324 mediam,
781 4261 812 4309 et
826 4257 878 4310 hoe
898 4259 943 4308 est
959 4255 1074 4323 proprie
1093 4255 1247 4318 viatorum,

108 4341 132 4389 oi
147 4342 206 4398 dicit
223 4349 383 4404 bernardus
405 4350 441 4404 ad
465 4350 650 4417 Eugenium
669 4345 838 4422 (consider.
855 4348 875 4399 1.
888 4347 924 4400 V.
937 4361 961 4400 e.
973 4342 1020 4416 1.)
1043 4345 1072 4398 8.
1087 4344 1247 4396 Benevent.

110 4427 194 4488 tout
204 4437 228 4490 d.
241 4455 266 4492 a.
280 4442 305 4493 1.
321 4457 349 4510 q.
360 4441 388 4495 ὅ.
