3230 5072
870 401 907 415 -
927 367 987 429 333
1009 399 1048 415 ..

370 471 1045 567 sisliquseouditioverihesretnr.1n
1067 471 1134 542 hoo
1156 471 1309 543 seeundo
1328 493 1428 541 sensu
1445 471 1529 541 obie
1605 477 1606 492 ¹

370 589 465 653 otum
487 605 551 654 neo
573 583 685 652 soitur
708 587 749 652 ut
770 582 914 652 realiter
936 603 999 672 pro
1022 580 1144 673 ulique
1158 580 1326 671 temporis
1340 579 1532 650 uidemus

369 689 539 774 existens,
565 687 656 782 quod
683 711 744 780 per
767 711 804 757 se
831 693 947 778 pstet;
971 709 1034 757 neu
1064 686 1177 756 solnm
1203 686 1357 756 essentis
1386 693 1423 754 et
1446 707 1534 754 mers

368 797 577 866 existentias
586 795 804 887 possibilitas
815 795 1051 885 cognoscitur.
1061 794 1222 864 Profecto
1230 794 1322 863 enim
1331 793 1533 884 lougeslind

369 911 425 974 est
447 925 652 994 cognoscere
674 925 704 972 e.
722 927 758 993 g.
775 907 956 993 peceatum
979 905 1021 970 ut
1034 900 1212 993 possibile,
1230 906 1267 970 et
1288 900 1389 970 uliud
1402 901 1534 970 novisse
1605 937 1606 945 κ

369 1012 541 1083 homiuem
552 1015 661 1080 morte
672 1015 893 1101 praereptum
908 1015 1002 1079 serto
1013 1017 1156 1101 peoosts
1167 1008 1254 1078 hseo
1266 1016 1330 1078 eut
1344 1007 1410 1076 ills
1424 1015 1534 1099 putre
1605 1016 1606 1022 ’

369 1127 489 1190 turum
505 1117 627 1205 luisse,
645 1117 676 1186 si
692 1117 829 1188 diutius
852 1117 1015 1205 vixisset;
1033 1139 1101 1210 quo
1116 1115 1273 1206 exemplo
1289 1121 1441 1186 utuntur
1455 1115 1534 1184 Gre-
1605 1126 1606 1162 ³

369 1225 492 1317 gorius
507 1224 631 1315 Nyso,
653 1223 880 1314 Augustinus
903 1223 1035 1316 sliique
1056 1223 1192 1307 Patres,
1211 1221 1254 1291 de
1273 1221 1401 1315 quibus
1423 1227 1535 1311 posoes

370 1333 536 1404 dicemus.
560 1331 686 1400 Merito
717 1353 802 1422 ergo
835 1331 1023 1401 seeundum
1057 1330 1269 1401 obieotorum
1299 1329 1535 1399 diversitatum
1605 1355 1606 1380 ³

368 1445 508 1533 praeter
530 1439 712 1510 seientiam
728 1439 876 1510 visionis
891 1445 929 1508 et
951 1437 1122 1531 simplicis
1144 1437 1405 1528 intelligentiae
1418 1435 1535 1505 distin·
1605 1484 1606 1489 κ

369 1549 495 1640 guitur
517 1552 664 1617 seientia
673 1550 877 1638 futurorum
891 1549 953 1615 sub
968 1546 1176 1616 seruditione:
1192 1547 1288 1617 Haeo
1303 1569 1382 1616 oum
1396 1547 1536 1612 somniis
1605 1589 1606 1596 κ

368 1657 538 1746 simplicis
561 1655 818 1745 inteliiqsnrios
840 1655 878 1726 in
900 1677 939 1724 eo
962 1655 1139 1740 eonvenit,
1165 1653 1255 1748 quod
1278 1653 1452 1723 obieotum
1472 1673 1535 1720 non
1605 1701 1606 1706 η

370 1763 530 1833 intuetur·
543 1769 586 1833 ut
601 1762 758 1832 absolute
773 1769 858 1833 notu
873 1763 1040 1852 existens;
1057 1763 1096 1831 in
1110 1785 1150 1832 eo
1168 1768 1284 1832 eutem
1299 1761 1435 1847 differt,
1451 1758 1535 1853 quod
1605 1787 1606 1814 1

369 1893 437 1940 non
461 1869 572 1940 solum
596 1869 640 1940 sd
663 1871 849 1940 essentium
878 1869 1129 1957 neeessariam,
1155 1870 1215 1940 sed
1245 1869 1290 1938 sd
1319 1868 1535 1938 existentium
1605 1887 1606 1922 1

369 1977 625 2068 contingentem
649 1979 815 2064 refertur,
841 1999 928 2070 quse
951 1977 1192 2048 infallibiliter
1216 1978 1308 2046 foret
1323 1977 1390 2045 sub
1423 1974 1537 2067 sliqns
1605 1995 1606 2031 1

368 2085 577 2155 conditione:
602 2085 724 2155 ordine
745 2085 887 2156 inverso
903 2109 979 2156 oum
995 2087 1143 2153 seientia
1157 2087 1302 2153 visionis
1317 2083 1534 2175 sliqustenns
1605 2103 1606 2110 ¹

369 2193 532 2264 eonvenit
546 2215 597 2280 eo,
611 2193 702 2286 quod
718 2196 872 2264 refertur
886 2193 931 2264 sd
946 2193 1170 2264 existentium
1185 2191 1457 2283 contingentem,
1474 2213 1535 2259 non

368 2307 483 2370 sutem
507 2300 618 2371 solnm
633 2301 679 2371 sd
694 2301 881 2372 essentiam
897 2300 1141 2390 neeessarism3
1159 2299 1282 2370 differt
1295 2309 1414 2370 sutem
1428 2299 1465 2368 iu
1486 2320 1533 2382 eo,

368 2407 460 2501 quod
483 2430 552 2476 uon
575 2407 736 2478 intuetur
757 2407 979 2478 existentiam
1002 2408 1161 2478 obsolute
1183 2407 1342 2477 futurum
1363 2411 1459 2476 sotn.
1475 2405 1536 2476 Est
1605 2411 1606 2440 ³

368 2537 452 2606 ergo
464 2515 529 2584 hoo
540 2515 865 2586 obiectumsnedism
876 2517 1149 2587 interobieotum
1159 2515 1308 2586 visionis
1319 2523 1357 2586 et
1366 2515 1534 2586 obieotum
1605 2589 1606 2592 ,

368 2622 540 2715 simplicis
556 2623 826 2716 intelligentiae,
847 2647 925 2694 oum
942 2647 1009 2717 quo
1026 2630 1175 2718 utroque
1189 2624 1229 2694 in
1241 2623 1362 2716 eliquo
1378 2623 1534 2694 convenit

367 2735 404 2802 et
414 2731 452 2800 in
463 2731 583 2824 eliquo
595 2731 729 2801 differt.
738 2731 838 2801 Unde
851 2730 1008 2822 theologi
1019 2731 1282 2802 indessseoulo
1294 2731 1394 2802 XVI.
1405 2731 1534 2800 lsbents
1605 2773 1606 2800 }

368 2837 552 2908 seientiam
574 2837 640 2907 Dei
663 2841 728 2908 sub
750 2837 817 2910 hue
839 2839 975 2910 ratione
990 2839 1329 2932 speetutumnomine
1344 2839 1533 2909 derivatos
1605 2883 1606 2888 κ

367 2946 643 3038 proprietatibus
659 2945 785 3017 obieoti
801 2945 970 3018 dixerunt
987 2949 1167 3016 seientiam
1188 2947 1348 3029 neubon,-
1364 2951 1421 3016 est
1442 2943 1534 3014 nimi·
1605 2961 1606 2976 ¹

368 3076 459 3142 rum,
484 3059 527 3124 ut
549 3077 591 3123 ex
615 3053 722 3124 dietis
745 3059 854 3146 petet,
879 3053 991 3122 media
1017 3053 1112 3125 inter
1134 3057 1313 3123 seientiam
1339 3055 1533 3122 uisioniset

367 3162 536 3252 simplicis
561 3161 828 3250 intelliqentioe.
846 3160 967 3231 Fsoile
995 3167 1112 3230 tumen
1135 3182 1177 3230 ea
1206 3161 1378 3232 eommuni
1407 3160 1533 3231 momine

367 3268 563 3359 eomputsri
586 3274 700 3361 potest
727 3291 805 3338 oum
836 3268 985 3338 seientia
1008 3269 1066 3338 vel
1088 3269 1258 3358 simplicis
1286 3269 1533 3358 intelligentius

367 3376 425 3445 vel
441 3377 598 3458 visionis,
616 3381 722 3466 prout
736 3376 802 3444 sub
817 3376 959 3445 diverse
985 3376 1121 3445 ratione
1137 3399 1215 3446 oum
1230 3375 1407 3445 ulterutrs
1421 3395 1531 3445 oonve
1605 3393 1606 3428 l

367 3483 433 3569 uit;
449 3483 637 3552 seeundum
653 3482 743 3552 hene
759 3482 874 3573 igitur
888 3485 1225 3554 connumerationem
1252 3505 1356 3576 penes
1372 3483 1531 3553 vetustio

367 3611 425 3660 res
447 3589 628 3680 theologos
651 3589 780 3681 duplex
803 3595 942 3660 tentum
965 3589 1152 3660 divisionis
1184 3593 1371 3661 membrum
1394 3587 1531 3681 reperiri

366 3719 436 3767 non
459 3703 514 3768 est
536 3697 674 3768 mirum.
692 3697 778 3768 Rem
802 3721 885 3770 vero
908 3701 1019 3790 ipsam
1034 3721 1139 3790 penes
1153 3699 1318 3791 antiquos
1330 3697 1443 3768 inisse
1458 3719 1531 3768 oon

366 3804 615 3898 pottissimum,
642 3811 711 3877 suo‘
726 3804 802 3876 loeo
824 3807 1063 3894 ostendemus;
1089 3828 1183 3875 nune
1214 3805 1329 3875 adhue
1357 3805 1477 3896 potius
1495 3823 1530 3871 ex

367 3911 558 4005 hypothesi
581 3912 815 4004 disputemus.
840 3911 880 3982 Si
903 3934 1024 4005 nempe
1050 3914 1240 3984 existentis
1262 3914 1315 3983 rei
1337 3912 1530 3983 nominatim

367 4041 451 4090 vero
480 4021 671 4091 existentis
693 4028 795 4092 sotus
824 4021 927 4091 liberi
958 4021 1155 4092 voluntatis
1182 4027 1340 4106 orestes,
1367 4041 1455 4113 quse
1475 4017 1529 4086 sub

367 4127 489 4222 ulique
503 4131 698 4202 conditione
713 4129 954 4200 infallibiliter
971 4134 1095 4201 futuru
1109 4135 1213 4216 esset,
1230 4135 1348 4220 potest
1362 4151 1437 4199 esse
1451 4126 1528 4196 obie-

367 4242 462 4308 otum
485 4236 652 4308 soientiee
674 4237 847 4326 infinitam
873 4238 938 4306 sub
960 4237 1026 4308 hso
1052 4237 1242 4328 hypothesi
1264 4243 1385 4328 postes
1406 4236 1527 4306 demon·

367 4343 515 4416 stronde
536 4344 758 4433 affirmemus,
777 4345 822 4416 sd
845 4343 974 4436 duplex
997 4345 1186 4415 membrum
1209 4346 1372 4412 scientius
1397 4341 1527 4412 nisiosis

368 4457 405 4524 st
419 4453 590 4544 sinpiiois
606 4453 864 4546 intelligentius
879 4453 1003 4524 merito
1019 4452 1122 4524 subdi
1137 4452 1282 4523 tertium
1309 4447 1525 4538 seiensiusfs
