3292 5062
533 381 571 394 -
596 349 656 408 169
676 379 714 392 -

54 461 173 524 ciuem
187 456 251 544 (l).
275 484 291 518 s
307 455 407 524 Visio
430 453 582 520 mediata
597 454 633 520 b.
650 477 682 522 e.
701 451 985 543 cognoscibilitas
1001 456 1038 519 et
1053 450 1208 540 cognitio

53 565 105 632 lici
123 586 183 653 pro
212 562 399 631 intellectu
429 569 546 631 creato
576 583 638 651 per
664 559 823 628 notiones
853 557 995 626 aliunde
1029 557 1209 626 derivatas

52 672 228 740 affirmetur
253 671 318 755 ita,
344 669 444 738 utin
470 691 506 737 se
530 669 604 759 ipso
627 667 722 736 Deus
746 689 807 734 seu
829 665 944 734 omnia
967 679 1055 758 quae
1078 665 1115 734 in
1137 665 1210 734 Deo

52 785 134 862 suut,
163 777 332 846 dicantur
363 775 572 867 simpliciter
603 771 917 840 inuisibilia.1em
949 794 1032 840 vero
1063 776 1099 858 a)
1134 778 1211 840 tota

53 885 189 978 quaestio
207 885 260 954 ibi
278 884 390 977 est-de
405 883 618 952 visibilitate
640 888 677 951 et
697 880 947 949 invisibilitate
963 879 1208 949 intellectuali.

53 994 77 1078 i)
90 991 325 1061 invisibilitas
347 991 555 1060 enuntietur
577 989 615 1057 in
640 989 798 1057 subiecto
821 995 996 1080 tamquam
1020 987 1211 1058 intrinsece

51 1097 231 1168 essentialis
255 1104 340 1166 nota
362 1097 615 1166 attributorum
637 1095 716 1181 Dei,
734 1117 775 1165 ac
797 1095 941 1185 proinde
966 1100 1119 1186 (propter
1134 1095 1209 1164 eius

51 1207 262 1275 omnimodam
284 1206 558 1297 simplicitatem)
581 1205 648 1274 Dei
669 1203 792 1294 ipsius.
819 1203 918 1296 Unde
942 1203 1027 1272 haec
1051 1201 1210 1272 invisibi-

52 1313 120 1380 litas
134 1337 202 1382 non
217 1319 337 1406 potest
358 1313 516 1403 intelligi
538 1313 703 1382 restricte
726 1333 788 1402 pro
808 1311 959 1379 humano
975 1310 1086 1378 solum
1108 1309 1211 1378 intel-

53 1420 139 1505 lectu,
153 1421 214 1491 sed
227 1423 332 1491 debet
344 1421 501 1512 intelligi
513 1421 722 1510 simpliciter
739 1443 781 1488 ex
797 1420 989 1488 intrinseca
1005 1418 1061 1486 sui
1076 1417 1212 1486 ratione

54 1549 102 1614 pro
116 1529 205 1596 omni
226 1528 415 1598 intellectu
434 1535 562 1615 creeto;
577 1551 656 1595 nam
680 1526 748 1595 sibi
763 1527 832 1617 ipsi
843 1527 954 1596 Deum
969 1548 1043 1596 esse
1059 1525 1212 1617 perfecte

55 1632 207 1703 visibilem
237 1642 275 1704 et
302 1633 667 1726 comprehensibilem,
694 1640 734 1702 ut
760 1657 821 1724 per
856 1657 891 1703 se
922 1634 1064 1732 evidens
1088 1653 1212 1722 suppo·

54 1740 145 1808 nitur.
169 1747 200 1828 c)
223 1743 323 1811 Haec
349 1742 581 1812 invisibilitas
603 1741 761 1810 excludit
783 1741 953 1810 visionem
979 1741 1212 1809 immediatam

55 1844 106 1913 llci
119 1853 152 1914 et
172 1847 211 1914 in
234 1871 273 1916 se
287 1849 376 1938 ipso,
405 1855 446 1917 ut
460 1856 598 1918 constat
620 1871 662 1917 ex
679 1849 908 1939 oppositione,
928 1869 997 1940 qua
1014 1846 1213 1914 invisibilia

58 1951 109 2016 Da·
127 1955 375 2042 praedicentur
409 1956 593 2025 intellectu
627 1957 791 2026 visibilia
825 1963 860 2025 et
894 1959 969 2024 cisa
1000 1980 1065 2045 per
1099 1953 1210 2023 aliud.

59 2055 185 2141 illum
208 2061 275 2130 hoc
303 2062 379 2131 loco
410 2070 485 2132 tum
513 2063 649 2155 quoties
677 2063 765 2132 alibi
795 2064 837 2132 de
868 2063 1118 2132 invisibilitate
1148 2063 1214 2131 Dei

58 2188 147 2234 sermo
167 2177 233 2256 est,
249 2193 320 2238 non
343 2177 458 2260 potest
472 2171 629 2261 intelligi
645 2171 793 2240 exclusa
810 2171 901 2239 visio
916 2193 978 2261 per
995 2169 1213 2239 intellectum

61 2272 211 2344 elevatum
234 2277 280 2345 ad
305 2277 460 2346 ordinem
483 2286 520 2347 et
542 2278 679 2348 modum
710 2277 935 2368 intelligendi
966 2283 1215 2368 supernatura·

60 2377 120 2464 len,
132 2383 211 2472 quie
234 2381 372 2452 diserta
394 2385 563 2453 revelatio
585 2385 623 2452 in
639 2385 712 2452 alie
727 2384 815 2452 serie
833 2385 1112 2453 testimoniorum
1124 2383 1214 2451 hanc

62 2489 341 2574 supernaturalem
364 2490 533 2560 visionem
556 2492 792 2560 immediatam
814 2496 889 2559 tum
911 2490 1048 2580 angelis
1063 2498 1138 2559 tum
1155 2489 1214 2558 ho·

63 2593 200 2682 ciuibus,
219 2604 261 2667 nt
277 2597 486 2684 videbimus,
511 2605 689 2691 tamqnam
705 2599 868 2667 ultimum
885 2599 987 2668 finem
1003 2605 1040 2668 et
1055 2619 1214 2667 coronam

63 2721 91 2767 sc
109 2703 415 2774 vitam‘eeternam
438 2706 568 2776 diserte
591 2706 761 2776 vindicet.
779 2707 957 2775 Dicuntur
982 2729 1067 2796 ergo
1093 2706 1215 2776 divine

67 2809 236 2880 irrisibilis
260 2817 300 2879 iss
322 2837 357 2880 se
380 2815 466 2903 ipsis
483 2838 550 2904 pro
573 2813 734 2880 natarali
753 2813 933 2902 facultate
957 2815 1065 2880 omnis
1081 2813 1215 2880 iatsils-

65 2929 119 2982 ctus
137 2923 241 2986 usati
264 2921 328 3008 (cf.
349 2943 457 3010 supra
480 2945 514 3011 p.
533 2921 620 3009 38.).

114 3025 233 3096 Eodem
249 3051 355 3096 sensu
370 3027 436 3097 Dei
451 3027 683 3098 invisibilitas
700 3029 829 3098 iterum
845 3029 1057 3099 describitur
1069 3029 1112 3096 ab
1123 3029 1216 3117 Apo·

67 3131 145 3200 stolo:
163 3163 179 3198 a
194 3137 319 3205 beatus
341 3143 377 3205 et
399 3136 496 3205 solus
518 3143 682 3227 potens...
703 3136 764 3229 qui
782 3137 878 3206 solus
894 3137 1000 3207 hebet
1013 3135 1216 3205 immortali·

68 3243 162 3326 tatem
186 3259 217 3310 st
241 3244 349 3320 lacera
371 3245 549 3311 inhabitat
572 3245 839 3312 inaccessibilem
851 3293 861 3327 ‚
888 3268 985 3336 quem
1020 3243 1217 3310 aulius-iso-

70 3347 170 3414 siccos
201 3349 295 3417 cidit
325 3349 383 3416 sed
413 3373 471 3418 aec
501 3349 616 3418 cidere
641 3366 757 3442 potest
774 3378 790 3413 n
809 3350 842 3419 l.
868 3349 958 3418 Tim.
978 3349 1042 3421 VI.
1062 3348 1219 3440 16.1pss

72 3449 234 3526 intrinseca
264 3462 303 3526 et
333 3458 507 3527 creaturis
537 3458 873 3528 incommunicabilis
904 3459 1072 3549 perfectio
1102 3458 1218 3528 divini

72 3553 320 3654 llusdescripte
342 3565 386 3630 ab
401 3563 574 3654 ⁸Apostolc
590 3565 779 3633 secundum
801 3564 922 3656 eliqua
944 3565 1136 3650 attribute,
1163 3571 1219 3633 est

71 3665 151 3752 nuo,
173 3693 233 3741 cur
256 3672 352 3740 Deus
376 3673 629 3739 habitatricem
654 3673 933 3742 inaccessibilem.
952 3673 1007 3742 Ex
1030 3674 1109 3764 ipsa
1127 3673 1218 3742 enim

74 3769 185 3844 infinita
205 3781 418 3870 perfectione
441 3779 479 3848 in
502 3803 539 3849 se
561 3779 699 3850 infinite
724 3781 971 3871 cognoscibilis
995 3789 1061 3867 est,
1081 3789 1118 3850 et
1142 3779 1219 3850 ideo

74 3875 179 3952 dicitur
200 3889 399 3954 inhabitare
432 3888 558 3971 lacem
581 3888 640 3957 sed
670 3911 713 3957 ex
742 3889 860 3958 eedem
890 3889 1026 3958 ratione
1060 3889 1220 3958 infinitae

76 3989 267 4070 perfectionis
289 3995 343 4080 fit,
363 4001 404 4064 ut
426 3995 518 4064 visio
541 3997 682 4087 proprie
706 3996 814 4082 diota,
833 3997 869 4064 h.
885 4019 915 4065 e.
936 3995 1089 4086 cognitio
1105 3995 1220 4064 imme-

75 4087 151 4162 diate
169 4099 279 4170 divini
302 4103 403 4185 Esse,
428 4109 533 4194 etque
557 4109 600 4171 ut
622 4109 676 4172 est
698 4103 736 4172 in
760 4126 820 4188 se,
846 4109 992 4194 superet
1014 4124 1145 4170 omnem
1169 4102 1221 4170 in-

78 4197 223 4276 elutum
245 4209 307 4301 qui
330 4217 385 4278 est
408 4224 508 4276 secra
524 4211 611 4276 banc
627 4210 745 4294 luccen,
763 4209 799 4279 h.
810 4233 842 4280 e.
855 4232 987 4280 omnem
1003 4209 1221 4279 intellectum

127 4435 161 4509 (l)
176 4445 212 4497 Ts
226 4443 332 4516 <inpare
349 4443 431 4497 durau
449 4465 504 4506 τοις
523 4464 656 4517 ausaausa
675 4463 803 4518 recupera
821 4441 979 4516 radagisius.
