<?xml version="1.0" encoding="UTF-8"?>
<!DOCTYPE html PUBLIC "-//W3C//DTD XHTML 1.0 Transitional//EN"
    "http://www.w3.org/TR/xhtml1/DTD/xhtml1-transitional.dtd">
<html xmlns="http://www.w3.org/1999/xhtml" xml:lang="en" lang="en">
 <head>
  <title>
</title>
<meta http-equiv="Content-Type" content="text/html;charset=utf-8" />
  <meta name='ocr-system' content='tesseract 3.04.00' />
  <meta name='ocr-capabilities' content='ocr_page ocr_carea ocr_par ocr_line ocrx_word'/>
</head>
<body>
  <div class='ocr_page' id='page_1' title='image "./ioannisbaptfran01frangoog_0565.png"; bbox 0 0 3280 5070; ppageno 0'>
   <div class='ocr_carea' id='block_1_1' title="bbox 877 379 1055 440">
    <p class='ocr_par' dir='ltr' id='par_1_1' title="bbox 877 379 1055 440">
     <span class='ocr_line' id='line_1_1' title="bbox 877 379 1055 440; baseline 0 -14"><span class='ocrx_word' id='word_1_1' title='bbox 877 379 1055 440; x_wconf 75' lang='lat'><strong>..548-</strong></span> 
     </span>
    </p>
   </div>
   <div class='ocr_carea' id='block_1_2' title="bbox 386 483 1636 685">
    <p class='ocr_par' dir='ltr' id='par_1_2' title="bbox 386 483 1636 685">
     <span class='ocr_line' id='line_1_2' title="bbox 386 483 1636 575; baseline -0.006 -19"><span class='ocrx_word' id='word_1_2' title='bbox 386 487 560 556; x_wconf 88' lang='lat' dir='ltr'><strong>cedentem</strong></span> <span class='ocrx_word' id='word_1_3' title='bbox 583 486 712 556; x_wconf 81' lang='lat' dir='ltr'><strong>salutis</strong></span> <span class='ocrx_word' id='word_1_4' title='bbox 735 485 899 553; x_wconf 84' lang='lat' dir='ltr'><strong>omnium:</strong></span> <span class='ocrx_word' id='word_1_5' title='bbox 926 485 1008 575; x_wconf 86' lang='lat' dir='ltr'><strong>quie</strong></span> <span class='ocrx_word' id='word_1_6' title='bbox 1031 505 1114 552; x_wconf 84' lang='lat' dir='ltr'><strong>vero</strong></span> <span class='ocrx_word' id='word_1_7' title='bbox 1138 483 1367 574; x_wconf 77' lang='lat' dir='ltr'><strong>pulchritudo</strong></span> <span class='ocrx_word' id='word_1_8' title='bbox 1392 484 1458 552; x_wconf 88' lang='lat' dir='ltr'><strong>illa</strong></span> <span class='ocrx_word' id='word_1_9' title='bbox 1480 485 1552 552; x_wconf 91' lang='lat' dir='ltr'><strong>uni·</strong></span> <span class='ocrx_word' id='word_1_10' title='bbox 1635 497 1636 572; x_wconf 64' lang='lat' dir='ltr'>j</span> 
     </span>
     <span class='ocr_line' id='line_1_3' title="bbox 386 591 1636 685; baseline -0.006 -19"><span class='ocrx_word' id='word_1_11' title='bbox 386 595 481 666; x_wconf 84' lang='lat' dir='ltr'><strong>versi</strong></span> <span class='ocrx_word' id='word_1_12' title='bbox 496 595 622 685; x_wconf 82' lang='lat' dir='ltr'><strong>exigit,</strong></span> <span class='ocrx_word' id='word_1_13' title='bbox 641 599 683 663; x_wconf 89' lang='lat' dir='ltr'><strong>ut</strong></span> <span class='ocrx_word' id='word_1_14' title='bbox 699 615 766 662; x_wconf 91' lang='lat' dir='ltr'><strong>non</strong></span> <span class='ocrx_word' id='word_1_15' title='bbox 782 613 897 660; x_wconf 90' lang='lat' dir='ltr'><strong>omnes</strong></span> <span class='ocrx_word' id='word_1_16' title='bbox 912 591 1097 661; x_wconf 85' lang='lat' dir='ltr'><strong>salventur</strong></span> <span class='ocrx_word' id='word_1_17' title='bbox 1112 592 1185 680; x_wconf 90' lang='grc'>(1),</span> <span class='ocrx_word' id='word_1_18' title='bbox 1202 592 1297 659; x_wconf 91' lang='lat' dir='ltr'><strong>Dens</strong></span> <span class='ocrx_word' id='word_1_19' title='bbox 1313 594 1553 662; x_wconf 68' lang='lat' dir='ltr'><strong>antecedenter</strong></span> <span class='ocrx_word' id='word_1_20' title='bbox 1635 591 1636 600; x_wconf 76' lang='grc'>’</span> 
     </span>
    </p>
   </div>
   <div class='ocr_carea' id='block_1_3' title="bbox 352 698 1554 1844">
    <p class='ocr_par' dir='ltr' id='par_1_3' title="bbox 352 698 1554 1844">
     <span class='ocr_line' id='line_1_4' title="bbox 385 698 1554 794; baseline -0.006 -21"><span class='ocrx_word' id='word_1_21' title='bbox 385 703 430 772; x_wconf 90' lang='lat' dir='ltr'><strong>ed</strong></span> <span class='ocrx_word' id='word_1_22' title='bbox 454 702 708 794; x_wconf 79' lang='lat' dir='ltr'><strong>praevisionem</strong></span> <span class='ocrx_word' id='word_1_23' title='bbox 733 699 883 768; x_wconf 88' lang='lat' dir='ltr'><strong>omnium</strong></span> <span class='ocrx_word' id='word_1_24' title='bbox 900 721 1039 787; x_wconf 90' lang='lat' dir='ltr'><strong>operum</strong></span> <span class='ocrx_word' id='word_1_25' title='bbox 1057 699 1220 767; x_wconf 86' lang='lat' dir='ltr'><strong>absolute</strong></span> <span class='ocrx_word' id='word_1_26' title='bbox 1236 698 1438 784; x_wconf 85' lang='lat' dir='ltr'><strong>voluntate,</strong></span> <span class='ocrx_word' id='word_1_27' title='bbox 1458 721 1554 792; x_wconf 90' lang='lat' dir='ltr'><strong>quam</strong></span> 
     </span>
     <span class='ocr_line' id='line_1_5' title="bbox 385 805 1554 902; baseline -0.006 -23"><span class='ocrx_word' id='word_1_28' title='bbox 385 811 454 900; x_wconf 87' lang='lat' dir='ltr'><strong>ipsi</strong></span> <span class='ocrx_word' id='word_1_29' title='bbox 470 809 651 902; x_wconf 86' lang='lat' dir='ltr'><strong>appellent</strong></span> <span class='ocrx_word' id='word_1_30' title='bbox 666 811 929 898; x_wconf 84' lang='lat' dir='ltr'><strong>consequentem</strong></span> <span class='ocrx_word' id='word_1_31' title='bbox 944 805 1127 891; x_wconf 88' lang='lat' dir='ltr'><strong>(videlicet</strong></span> <span class='ocrx_word' id='word_1_32' title='bbox 1144 815 1411 896; x_wconf 77' lang='lat' dir='ltr'><strong>consequentem</strong></span> <span class='ocrx_word' id='word_1_33' title='bbox 1427 807 1475 876; x_wconf 82' lang='lat' dir='ltr'><strong>ad</strong></span> <span class='ocrx_word' id='word_1_34' title='bbox 1491 807 1554 874; x_wconf 85' lang='lat' dir='ltr'><strong>esi·</strong></span> 
     </span>
     <span class='ocr_line' id='line_1_6' title="bbox 385 912 1554 1008; baseline -0.003 -23"><span class='ocrx_word' id='word_1_35' title='bbox 385 917 540 1008; x_wconf 82' lang='lat' dir='ltr'><strong>gentiam</strong></span> <span class='ocrx_word' id='word_1_36' title='bbox 563 913 843 1007; x_wconf 85' lang='lat' dir='ltr'><strong>pulchritudinis</strong></span> <span class='ocrx_word' id='word_1_37' title='bbox 865 912 1060 998; x_wconf 89' lang='lat' dir='ltr'><strong>universi),</strong></span> <span class='ocrx_word' id='word_1_38' title='bbox 1086 912 1168 980; x_wconf 88' lang='lat' dir='ltr'><strong>vult</strong></span> <span class='ocrx_word' id='word_1_39' title='bbox 1189 918 1232 980; x_wconf 89' lang='lat' dir='ltr'><strong>ut</strong></span> <span class='ocrx_word' id='word_1_40' title='bbox 1253 934 1322 980; x_wconf 91' lang='lat' dir='ltr'><strong>non</strong></span> <span class='ocrx_word' id='word_1_41' title='bbox 1346 936 1480 996; x_wconf 85' lang='lat' dir='ltr'><strong>omnes,</strong></span> <span class='ocrx_word' id='word_1_42' title='bbox 1501 914 1554 981; x_wconf 89' lang='lat' dir='ltr'><strong>sed</strong></span> 
     </span>
     <span class='ocr_line' id='line_1_7' title="bbox 352 1019 1550 1112; baseline -0.003 -20"><span class='ocrx_word' id='word_1_43' title='bbox 352 1071 357 1082; x_wconf 83' lang='grc'>-</span> <span class='ocrx_word' id='word_1_44' title='bbox 385 1023 423 1092; x_wconf 88' lang='lat' dir='ltr'><strong>bi</strong></span> <span class='ocrx_word' id='word_1_45' title='bbox 437 1023 502 1092; x_wconf 87' lang='lat' dir='ltr'><strong>soli</strong></span> <span class='ocrx_word' id='word_1_46' title='bbox 516 1022 609 1092; x_wconf 82' lang='lat' dir='ltr'><strong>salvi</strong></span> <span class='ocrx_word' id='word_1_47' title='bbox 621 1023 721 1106; x_wconf 85' lang='lat' dir='ltr'><strong>fiant,</strong></span> <span class='ocrx_word' id='word_1_48' title='bbox 735 1021 796 1112; x_wconf 88' lang='lat' dir='ltr'><strong>qui</strong></span> <span class='ocrx_word' id='word_1_49' title='bbox 810 1026 893 1089; x_wconf 87' lang='lat' dir='ltr'><strong>ectu</strong></span> <span class='ocrx_word' id='word_1_50' title='bbox 908 1019 1106 1088; x_wconf 84' lang='lat' dir='ltr'><strong>salvantur.</strong></span> <span class='ocrx_word' id='word_1_51' title='bbox 1118 1019 1209 1088; x_wconf 86' lang='lat' dir='ltr'><strong>Vide</strong></span> <span class='ocrx_word' id='word_1_52' title='bbox 1219 1041 1328 1110; x_wconf 87' lang='lat' dir='ltr'><strong>supra</strong></span> <span class='ocrx_word' id='word_1_53' title='bbox 1339 1020 1395 1088; x_wconf 92' lang='lat' dir='ltr'><strong>th.</strong></span> <span class='ocrx_word' id='word_1_54' title='bbox 1408 1021 1550 1088; x_wconf 84' lang='lat' dir='ltr'>XLVII.</span> 
     </span>
     <span class='ocr_line' id='line_1_8' title="bbox 384 1125 1553 1217; baseline -0.005 -17"><span class='ocrx_word' id='word_1_55' title='bbox 384 1131 547 1200; x_wconf 79' lang='lat' dir='ltr'><strong>n.11.At</strong></span> <span class='ocrx_word' id='word_1_56' title='bbox 564 1129 746 1198; x_wconf 81' lang='lat' dir='ltr'><strong>voluntate</strong></span> <span class='ocrx_word' id='word_1_57' title='bbox 763 1127 998 1210; x_wconf 75' lang='lat' dir='ltr'><strong>antecedente,</strong></span> <span class='ocrx_word' id='word_1_58' title='bbox 1013 1128 1078 1194; x_wconf 87' lang='lat' dir='ltr'><strong>sub</strong></span> <span class='ocrx_word' id='word_1_59' title='bbox 1090 1125 1288 1195; x_wconf 87' lang='lat' dir='ltr'><strong>conditione</strong></span> <span class='ocrx_word' id='word_1_60' title='bbox 1304 1127 1553 1217; x_wconf 72' lang='lat' dir='ltr'><strong>cooperationis</strong></span> 
     </span>
     <span class='ocr_line' id='line_1_9' title="bbox 382 1232 1550 1330; baseline -0.009 -22"><span class='ocrx_word' id='word_1_61' title='bbox 382 1261 424 1308; x_wconf 86' lang='lat' dir='ltr'><strong>ea</strong></span> <span class='ocrx_word' id='word_1_62' title='bbox 448 1245 548 1330; x_wconf 86' lang='lat' dir='ltr'><strong>parte</strong></span> <span class='ocrx_word' id='word_1_63' title='bbox 570 1235 759 1318; x_wconf 91' lang='lat' dir='ltr'><strong>hominum,</strong></span> <span class='ocrx_word' id='word_1_64' title='bbox 779 1233 870 1302; x_wconf 82' lang='lat' dir='ltr'><strong>velle</strong></span> <span class='ocrx_word' id='word_1_65' title='bbox 884 1233 995 1301; x_wconf 90' lang='lat' dir='ltr'><strong>Deum</strong></span> <span class='ocrx_word' id='word_1_66' title='bbox 1010 1233 1163 1301; x_wconf 88' lang='lat' dir='ltr'><strong>omniurn</strong></span> <span class='ocrx_word' id='word_1_67' title='bbox 1185 1232 1390 1300; x_wconf 71' lang='lat' dir='ltr'><strong>eduliorum</strong></span> <span class='ocrx_word' id='word_1_68' title='bbox 1407 1233 1550 1300; x_wconf 80' lang='lat' dir='ltr'><strong>salutem</strong></span> 
     </span>
     <span class='ocr_line' id='line_1_10' title="bbox 383 1339 1552 1415; baseline -0.006 0"><span class='ocrx_word' id='word_1_69' title='bbox 383 1351 420 1415; x_wconf 92' lang='lat' dir='ltr'><strong>et</strong></span> <span class='ocrx_word' id='word_1_70' title='bbox 442 1343 594 1414; x_wconf 89' lang='lat' dir='ltr'><strong>omnium</strong></span> <span class='ocrx_word' id='word_1_71' title='bbox 617 1341 807 1412; x_wconf 85' lang='lat' dir='ltr'><strong>infantium</strong></span> <span class='ocrx_word' id='word_1_72' title='bbox 830 1341 895 1409; x_wconf 91' lang='lat' dir='ltr'><strong>snb</strong></span> <span class='ocrx_word' id='word_1_73' title='bbox 917 1339 1000 1408; x_wconf 87' lang='lat' dir='ltr'><strong>eliis</strong></span> <span class='ocrx_word' id='word_1_74' title='bbox 1023 1340 1281 1410; x_wconf 87' lang='lat' dir='ltr'><strong>conditionibus</strong></span> <span class='ocrx_word' id='word_1_75' title='bbox 1300 1361 1490 1408; x_wconf 62' lang='lat' dir='ltr'><strong>canutum</strong></span> <span class='ocrx_word' id='word_1_76' title='bbox 1505 1363 1552 1408; x_wconf 87' lang='lat' dir='ltr'><strong>se·</strong></span> 
     </span>
     <span class='ocr_line' id='line_1_11' title="bbox 384 1446 1552 1540; baseline -0.008 -17"><span class='ocrx_word' id='word_1_77' title='bbox 384 1451 596 1534; x_wconf 87' lang='lat' dir='ltr'><strong>ouudarnm,</strong></span> <span class='ocrx_word' id='word_1_78' title='bbox 622 1457 727 1540; x_wconf 87' lang='lat' dir='ltr'><strong>atque</strong></span> <span class='ocrx_word' id='word_1_79' title='bbox 750 1447 847 1516; x_wconf 91' lang='lat' dir='ltr'><strong>iliam</strong></span> <span class='ocrx_word' id='word_1_80' title='bbox 870 1446 1130 1516; x_wconf 72' lang='lat' dir='ltr'><strong>distinctionem</strong></span> <span class='ocrx_word' id='word_1_81' title='bbox 1153 1447 1353 1518; x_wconf 84' lang='lat' dir='ltr'><strong>voluntatis</strong></span> <span class='ocrx_word' id='word_1_82' title='bbox 1371 1447 1552 1515; x_wconf 75' lang='lat' dir='ltr'><strong>salvificae</strong></span> 
     </span>
     <span class='ocr_line' id='line_1_12' title="bbox 384 1555 1552 1648; baseline -0.008 -19"><span class='ocrx_word' id='word_1_83' title='bbox 384 1563 421 1630; x_wconf 89' lang='lat' dir='ltr'><strong>in</strong></span> <span class='ocrx_word' id='word_1_84' title='bbox 444 1557 705 1628; x_wconf 75' lang='lat' dir='ltr'><strong>antecedentem</strong></span> <span class='ocrx_word' id='word_1_85' title='bbox 728 1563 764 1624; x_wconf 89' lang='lat' dir='ltr'><strong>et</strong></span> <span class='ocrx_word' id='word_1_86' title='bbox 786 1559 1061 1648; x_wconf 85' lang='lat' dir='ltr'><strong>consequentem,</strong></span> <span class='ocrx_word' id='word_1_87' title='bbox 1080 1577 1182 1646; x_wconf 87' lang='lat' dir='ltr'><strong>quam</strong></span> <span class='ocrx_word' id='word_1_88' title='bbox 1206 1555 1244 1622; x_wconf 91' lang='lat' dir='ltr'><strong>hi</strong></span> <span class='ocrx_word' id='word_1_89' title='bbox 1267 1563 1429 1624; x_wconf 89' lang='lat' dir='ltr'><strong>auctores</strong></span> <span class='ocrx_word' id='word_1_90' title='bbox 1454 1555 1552 1622; x_wconf 91' lang='lat' dir='ltr'><strong>indu-</strong></span> 
     </span>
     <span class='ocr_line' id='line_1_13' title="bbox 383 1661 1553 1755; baseline -0.008 -18"><span class='ocrx_word' id='word_1_91' title='bbox 383 1673 479 1750; x_wconf 89' lang='lat' dir='ltr'><strong>cont,</strong></span> <span class='ocrx_word' id='word_1_92' title='bbox 494 1685 689 1755; x_wconf 83' lang='lat' dir='ltr'><strong>repugnare</strong></span> <span class='ocrx_word' id='word_1_93' title='bbox 705 1661 908 1752; x_wconf 88' lang='lat' dir='ltr'><strong>Scripturae</strong></span> <span class='ocrx_word' id='word_1_94' title='bbox 923 1667 959 1730; x_wconf 90' lang='lat' dir='ltr'><strong>et</strong></span> <span class='ocrx_word' id='word_1_95' title='bbox 973 1663 1116 1730; x_wconf 87' lang='lat' dir='ltr'><strong>Patrnm</strong></span> <span class='ocrx_word' id='word_1_96' title='bbox 1132 1661 1371 1752; x_wconf 84' lang='lat' dir='ltr'><strong>explicationi,</strong></span> <span class='ocrx_word' id='word_1_97' title='bbox 1390 1663 1553 1752; x_wconf 88' lang='lat' dir='ltr'><strong>superius</strong></span> 
     </span>
     <span class='ocr_line' id='line_1_14' title="bbox 385 1771 862 1844; baseline -0.013 0"><span class='ocrx_word' id='word_1_98' title='bbox 385 1773 557 1844; x_wconf 85' lang='lat' dir='ltr'><strong>uberrime</strong></span> <span class='ocrx_word' id='word_1_99' title='bbox 580 1771 773 1839; x_wconf 86' lang='lat' dir='ltr'><strong>coniectum</strong></span> <span class='ocrx_word' id='word_1_100' title='bbox 796 1777 862 1839; x_wconf 90' lang='lat' dir='ltr'><strong>est.</strong></span> 
     </span>
    </p>
   </div>
   <div class='ocr_carea' id='block_1_4' title="bbox 451 1877 1638 1970">
    <p class='ocr_par' dir='ltr' id='par_1_4' title="bbox 451 1877 1638 1970">
     <span class='ocr_line' id='line_1_15' title="bbox 451 1877 1638 1970; baseline -0.003 -20"><span class='ocrx_word' id='word_1_101' title='bbox 451 1877 638 1970; x_wconf 84' lang='lat' dir='ltr'><strong>Supposito</strong></span> <span class='ocrx_word' id='word_1_102' title='bbox 661 1877 776 1968; x_wconf 83' lang='lat' dir='ltr'><strong>igitur</strong></span> <span class='ocrx_word' id='word_1_103' title='bbox 797 1901 900 1947; x_wconf 89' lang='lat' dir='ltr'><strong>seusu</strong></span> <span class='ocrx_word' id='word_1_104' title='bbox 915 1879 1065 1968; x_wconf 74' lang='lat' dir='ltr'><strong>genuino</strong></span> <span class='ocrx_word' id='word_1_105' title='bbox 1083 1877 1279 1946; x_wconf 82' lang='lat' dir='ltr'><strong>voluntatis</strong></span> <span class='ocrx_word' id='word_1_106' title='bbox 1300 1879 1552 1960; x_wconf 85' lang='lat' dir='ltr'><strong>antecedentis,</strong></span> <span class='ocrx_word' id='word_1_107' title='bbox 1637 1891 1638 1904; x_wconf 63' lang='lat'>¹</span> 
     </span>
    </p>
   </div>
   <div class='ocr_carea' id='block_1_5' title="bbox 383 1984 1556 2290">
    <p class='ocr_par' dir='ltr' id='par_1_5' title="bbox 383 1984 1556 2290">
     <span class='ocr_line' id='line_1_16' title="bbox 384 1984 1556 2076; baseline -0.003 -19"><span class='ocrx_word' id='word_1_108' title='bbox 384 1995 425 2058; x_wconf 92' lang='lat' dir='ltr'><strong>nt</strong></span> <span class='ocrx_word' id='word_1_109' title='bbox 448 2009 563 2055; x_wconf 87' lang='lat' dir='ltr'><strong>omnes</strong></span> <span class='ocrx_word' id='word_1_110' title='bbox 585 1984 741 2054; x_wconf 91' lang='lat' dir='ltr'><strong>homines</strong></span> <span class='ocrx_word' id='word_1_111' title='bbox 765 1985 858 2054; x_wconf 86' lang='lat' dir='ltr'><strong>salvi</strong></span> <span class='ocrx_word' id='word_1_112' title='bbox 880 1985 986 2070; x_wconf 86' lang='lat' dir='ltr'><strong>liant,</strong></span> <span class='ocrx_word' id='word_1_113' title='bbox 1019 2007 1120 2076; x_wconf 89' lang='lat' dir='ltr'><strong>qnam</strong></span> <span class='ocrx_word' id='word_1_114' title='bbox 1145 1985 1277 2054; x_wconf 83' lang='lat' dir='ltr'><strong>Snerea</strong></span> <span class='ocrx_word' id='word_1_115' title='bbox 1308 1985 1495 2054; x_wconf 85' lang='lat' dir='ltr'><strong>confltetur</strong></span> <span class='ocrx_word' id='word_1_116' title='bbox 1517 1991 1556 2053; x_wconf 84' lang='lat' dir='ltr'><strong>et</strong></span> 
     </span>
     <span class='ocr_line' id='line_1_17' title="bbox 383 2091 1556 2182; baseline -0.003 -18"><span class='ocrx_word' id='word_1_117' title='bbox 383 2093 562 2164; x_wconf 90' lang='lat' dir='ltr'><strong>nobiscum</strong></span> <span class='ocrx_word' id='word_1_118' title='bbox 586 2091 761 2178; x_wconf 85' lang='lat' dir='ltr'><strong>defendit,</strong></span> <span class='ocrx_word' id='word_1_119' title='bbox 788 2099 910 2162; x_wconf 88' lang='lat' dir='ltr'><strong>contra</strong></span> <span class='ocrx_word' id='word_1_120' title='bbox 933 2092 1045 2182; x_wconf 86' lang='lat' dir='ltr'><strong>ipsum</strong></span> <span class='ocrx_word' id='word_1_121' title='bbox 1068 2093 1338 2162; x_wconf 84' lang='lat' dir='ltr'><strong>demonstranda</strong></span> <span class='ocrx_word' id='word_1_122' title='bbox 1361 2099 1415 2161; x_wconf 89' lang='lat' dir='ltr'><strong>est</strong></span> <span class='ocrx_word' id='word_1_123' title='bbox 1428 2115 1556 2182; x_wconf 86' lang='lat' dir='ltr'><strong>propo·</strong></span> 
     </span>
     <span class='ocr_line' id='line_1_18' title="bbox 384 2199 1555 2290; baseline 0.001 -22"><span class='ocrx_word' id='word_1_124' title='bbox 384 2201 467 2270; x_wconf 85' lang='lat' dir='ltr'><strong>sitio</strong></span> <span class='ocrx_word' id='word_1_125' title='bbox 491 2199 600 2266; x_wconf 93' lang='lat' dir='ltr'><strong>maior</strong></span> <span class='ocrx_word' id='word_1_126' title='bbox 632 2201 746 2268; x_wconf 88' lang='lat' dir='ltr'><strong>nostri</strong></span> <span class='ocrx_word' id='word_1_127' title='bbox 775 2199 992 2290; x_wconf 82' lang='lat' dir='ltr'><strong>argumenti3</strong></span> <span class='ocrx_word' id='word_1_128' title='bbox 1019 2200 1236 2269; x_wconf 84' lang='lat' dir='ltr'><strong>voluntatem</strong></span> <span class='ocrx_word' id='word_1_129' title='bbox 1266 2223 1385 2290; x_wconf 89' lang='lat' dir='ltr'><strong>nempe</strong></span> <span class='ocrx_word' id='word_1_130' title='bbox 1414 2207 1555 2269; x_wconf 84' lang='lat' dir='ltr'><strong>autece-</strong></span> 
     </span>
    </p>
   </div>
   <div class='ocr_carea' id='block_1_6' title="bbox 383 2291 1639 2398">
    <p class='ocr_par' dir='ltr' id='par_1_6' title="bbox 383 2291 1639 2398">
     <span class='ocr_line' id='line_1_19' title="bbox 383 2291 1639 2398; baseline 0 -23"><span class='ocrx_word' id='word_1_131' title='bbox 383 2307 519 2375; x_wconf 88' lang='lat' dir='ltr'><strong>dentem</strong></span> <span class='ocrx_word' id='word_1_132' title='bbox 536 2329 602 2370; x_wconf 78' lang='lat' dir='ltr'><strong>non</strong></span> <span class='ocrx_word' id='word_1_133' title='bbox 619 2305 772 2395; x_wconf 72' lang='lat' dir='ltr'><strong>stipendi</strong></span> <span class='ocrx_word' id='word_1_134' title='bbox 783 2328 844 2374; x_wconf 86' lang='lat' dir='ltr'><strong>seu</strong></span> <span class='ocrx_word' id='word_1_135' title='bbox 856 2331 924 2372; x_wconf 79' lang='lat' dir='ltr'><strong>noe</strong></span> <span class='ocrx_word' id='word_1_136' title='bbox 937 2304 1223 2395; x_wconf 79' lang='lat' dir='ltr'><strong>praedestinandi</strong></span> <span class='ocrx_word' id='word_1_137' title='bbox 1233 2309 1277 2375; x_wconf 88' lang='lat' dir='ltr'><strong>ab</strong></span> <span class='ocrx_word' id='word_1_138' title='bbox 1292 2308 1367 2398; x_wconf 88' lang='lat' dir='ltr'><strong>ipso</strong></span> <span class='ocrx_word' id='word_1_139' title='bbox 1381 2313 1556 2374; x_wconf 73' lang='lat' dir='ltr'><strong>assertam</strong></span> <span class='ocrx_word' id='word_1_140' title='bbox 1638 2291 1639 2308; x_wconf 12' lang='grc' dir='ltr'><strong>Χ</strong></span> 
     </span>
    </p>
   </div>
   <div class='ocr_carea' id='block_1_7' title="bbox 382 2410 1256 2484">
    <p class='ocr_par' dir='ltr' id='par_1_7' title="bbox 382 2410 1256 2484">
     <span class='ocr_line' id='line_1_20' title="bbox 382 2410 1256 2484; baseline -0.003 0"><span class='ocrx_word' id='word_1_141' title='bbox 382 2435 457 2484; x_wconf 90' lang='lat' dir='ltr'><strong>esse</strong></span> <span class='ocrx_word' id='word_1_142' title='bbox 481 2410 698 2484; x_wconf 82' lang='lat' dir='ltr'><strong>voluntatem</strong></span> <span class='ocrx_word' id='word_1_143' title='bbox 723 2413 981 2483; x_wconf 79' lang='lat' dir='ltr'><strong>antecedentem</strong></span> <span class='ocrx_word' id='word_1_144' title='bbox 997 2438 1064 2478; x_wconf 81' lang='lat' dir='ltr'><strong>non</strong></span> <span class='ocrx_word' id='word_1_145' title='bbox 1081 2413 1256 2481; x_wconf 77' lang='lat' dir='ltr'><strong>solvendi.</strong></span> 
     </span>
    </p>
   </div>
   <div class='ocr_carea' id='block_1_8' title="bbox 375 2593 1557 4549">
    <p class='ocr_par' dir='ltr' id='par_1_8' title="bbox 380 2593 1557 3205">
     <span class='ocr_line' id='line_1_21' title="bbox 382 2593 1556 2664; baseline 0.002 -14"><span class='ocrx_word' id='word_1_146' title='bbox 382 2593 545 2652; x_wconf 69' lang='lat' dir='ltr'><strong>natantes</strong></span> <span class='ocrx_word' id='word_1_147' title='bbox 557 2593 593 2648; x_wconf 84' lang='lat' dir='ltr'><strong>ad</strong></span> <span class='ocrx_word' id='word_1_148' title='bbox 606 2595 774 2650; x_wconf 71' lang='lat' dir='ltr'><strong>husmtsm</strong></span> <span class='ocrx_word' id='word_1_149' title='bbox 787 2594 978 2649; x_wconf 83' lang='lat' dir='ltr'><strong>conditionem</strong></span> <span class='ocrx_word' id='word_1_150' title='bbox 990 2611 1046 2648; x_wconf 90' lang='lat' dir='ltr'><strong>non</strong></span> <span class='ocrx_word' id='word_1_151' title='bbox 1060 2599 1137 2648; x_wconf 87' lang='lat' dir='ltr'><strong>esset</strong></span> <span class='ocrx_word' id='word_1_152' title='bbox 1149 2611 1218 2648; x_wconf 85' lang='lat' dir='ltr'><strong>vera</strong></span> <span class='ocrx_word' id='word_1_153' title='bbox 1229 2601 1260 2650; x_wconf 88' lang='lat' dir='ltr'><strong>et</strong></span> <span class='ocrx_word' id='word_1_154' title='bbox 1272 2598 1383 2650; x_wconf 88' lang='lat' dir='ltr'><strong>sincera</strong></span> <span class='ocrx_word' id='word_1_155' title='bbox 1403 2599 1556 2664; x_wconf 63' lang='lat' dir='ltr'><strong>volum,</strong></span> 
     </span>
     <span class='ocr_line' id='line_1_22' title="bbox 383 2685 1557 2759; baseline 0 -18"><span class='ocrx_word' id='word_1_156' title='bbox 383 2687 495 2759; x_wconf 63' lang='lat' dir='ltr'><strong>elidat,</strong></span> <span class='ocrx_word' id='word_1_157' title='bbox 516 2685 590 2754; x_wconf 87' lang='lat' dir='ltr'><strong>qnod</strong></span> <span class='ocrx_word' id='word_1_158' title='bbox 612 2686 664 2740; x_wconf 88' lang='lat' dir='ltr'><strong>sub</strong></span> <span class='ocrx_word' id='word_1_159' title='bbox 680 2685 843 2740; x_wconf 86' lang='lat' dir='ltr'><strong>conditione</strong></span> <span class='ocrx_word' id='word_1_160' title='bbox 854 2686 992 2752; x_wconf 61' lang='lat' dir='ltr'><strong>intendit</strong></span> <span class='ocrx_word' id='word_1_161' title='bbox 1007 2685 1056 2740; x_wconf 90' lang='lat' dir='ltr'><strong>sed</strong></span> <span class='ocrx_word' id='word_1_162' title='bbox 1069 2685 1142 2740; x_wconf 89' lang='lat' dir='ltr'><strong>dicit</strong></span> <span class='ocrx_word' id='word_1_163' title='bbox 1153 2687 1317 2739; x_wconf 74' lang='lat' dir='ltr'><strong>edicitaieos</strong></span> <span class='ocrx_word' id='word_1_164' title='bbox 1334 2687 1485 2754; x_wconf 87' lang='lat' dir='ltr'><strong>supposita</strong></span> <span class='ocrx_word' id='word_1_165' title='bbox 1498 2691 1557 2742; x_wconf 79' lang='lat' dir='ltr'><strong>iam</strong></span> 
     </span>
     <span class='ocr_line' id='line_1_23' title="bbox 382 2775 1557 2845; baseline 0.003 -15"><span class='ocrx_word' id='word_1_166' title='bbox 382 2776 563 2845; x_wconf 77' lang='lat' dir='ltr'><strong>praevisione</strong></span> <span class='ocrx_word' id='word_1_167' title='bbox 579 2775 737 2828; x_wconf 71' lang='lat' dir='ltr'><strong>frustratae</strong></span> <span class='ocrx_word' id='word_1_168' title='bbox 755 2775 930 2829; x_wconf 87' lang='lat' dir='ltr'><strong>conditionis</strong></span> <span class='ocrx_word' id='word_1_169' title='bbox 947 2779 977 2828; x_wconf 90' lang='lat' dir='ltr'><strong>et</strong></span> <span class='ocrx_word' id='word_1_170' title='bbox 996 2777 1146 2842; x_wconf 89' lang='lat' dir='ltr'><strong>supposita</strong></span> <span class='ocrx_word' id='word_1_171' title='bbox 1161 2775 1229 2829; x_wconf 89' lang='lat' dir='ltr'><strong>iude</strong></span> <span class='ocrx_word' id='word_1_172' title='bbox 1249 2778 1399 2830; x_wconf 81' lang='lat' dir='ltr'><strong>voluntate</strong></span> <span class='ocrx_word' id='word_1_173' title='bbox 1418 2777 1557 2833; x_wconf 85' lang='lat' dir='ltr'><strong>absolata</strong></span> 
     </span>
     <span class='ocr_line' id='line_1_24' title="bbox 381 2865 1555 2934; baseline 0.002 -16"><span class='ocrx_word' id='word_1_174' title='bbox 381 2869 570 2933; x_wconf 84' lang='lat' dir='ltr'><strong>consequente</strong></span> <span class='ocrx_word' id='word_1_175' title='bbox 589 2866 744 2918; x_wconf 89' lang='lat' dir='ltr'><strong>contraria.</strong></span> <span class='ocrx_word' id='word_1_176' title='bbox 765 2865 819 2931; x_wconf 80' lang='lat' dir='ltr'><strong>Sic,</strong></span> <span class='ocrx_word' id='word_1_177' title='bbox 841 2865 894 2930; x_wconf 86' lang='lat' dir='ltr'><strong>ait,</strong></span> <span class='ocrx_word' id='word_1_178' title='bbox 915 2880 976 2918; x_wconf 89' lang='lat' dir='ltr'><strong>esse</strong></span> <span class='ocrx_word' id='word_1_179' title='bbox 998 2867 1176 2918; x_wconf 78' lang='lat' dir='ltr'><strong>voluntatem</strong></span> <span class='ocrx_word' id='word_1_180' title='bbox 1196 2866 1409 2919; x_wconf 71' lang='lat' dir='ltr'><strong>antecedentem</strong></span> <span class='ocrx_word' id='word_1_181' title='bbox 1428 2865 1555 2934; x_wconf 85' lang='lat' dir='ltr'><strong>iudicis,</strong></span> 
     </span>
     <span class='ocr_line' id='line_1_25' title="bbox 381 2954 1557 3023; baseline 0.002 -13"><span class='ocrx_word' id='word_1_182' title='bbox 381 2959 415 3010; x_wconf 89' lang='lat' dir='ltr'><strong>nt</strong></span> <span class='ocrx_word' id='word_1_183' title='bbox 434 2956 515 3009; x_wconf 88' lang='lat' dir='ltr'><strong>homo</strong></span> <span class='ocrx_word' id='word_1_184' title='bbox 528 2957 620 3022; x_wconf 62' lang='lat' dir='ltr'><strong>visat</strong></span> <span class='ocrx_word' id='word_1_185' title='bbox 636 2954 685 3009; x_wconf 88' lang='lat' dir='ltr'><strong>sed</strong></span> <span class='ocrx_word' id='word_1_186' title='bbox 699 2955 846 3023; x_wconf 80' lang='lat' dir='ltr'><strong>supposito</strong></span> <span class='ocrx_word' id='word_1_187' title='bbox 859 2955 978 3008; x_wconf 88' lang='lat' dir='ltr'><strong>crimine</strong></span> <span class='ocrx_word' id='word_1_188' title='bbox 991 2955 1139 3008; x_wconf 82' lang='lat' dir='ltr'><strong>homicidii</strong></span> <span class='ocrx_word' id='word_1_189' title='bbox 1152 2961 1196 3009; x_wconf 89' lang='lat' dir='ltr'><strong>est</strong></span> <span class='ocrx_word' id='word_1_190' title='bbox 1209 2957 1343 3020; x_wconf 76' lang='lat' dir='ltr'><strong>eelieitcs,</strong></span> <span class='ocrx_word' id='word_1_191' title='bbox 1357 2959 1390 3010; x_wconf 89' lang='lat' dir='ltr'><strong>nt</strong></span> <span class='ocrx_word' id='word_1_192' title='bbox 1407 2957 1557 3012; x_wconf 85' lang='lat' dir='ltr'><strong>homicida</strong></span> 
     </span>
     <span class='ocr_line' id='line_1_26' title="bbox 381 3043 1557 3114; baseline 0.001 -14"><span class='ocrx_word' id='word_1_193' title='bbox 381 3045 474 3111; x_wconf 82' lang='lat' dir='ltr'><strong>vivat,</strong></span> <span class='ocrx_word' id='word_1_194' title='bbox 497 3047 524 3099; x_wconf 90' lang='lat' dir='ltr'><strong>sl</strong></span> <span class='ocrx_word' id='word_1_195' title='bbox 544 3046 655 3100; x_wconf 88' lang='lat' dir='ltr'><strong>scilicet</strong></span> <span class='ocrx_word' id='word_1_196' title='bbox 672 3061 729 3100; x_wconf 90' lang='lat' dir='ltr'><strong>nou</strong></span> <span class='ocrx_word' id='word_1_197' title='bbox 748 3051 825 3100; x_wconf 88' lang='lat' dir='ltr'><strong>esset</strong></span> <span class='ocrx_word' id='word_1_198' title='bbox 841 3043 991 3112; x_wconf 83' lang='lat' dir='ltr'><strong>homicida,</strong></span> <span class='ocrx_word' id='word_1_199' title='bbox 1006 3051 1051 3100; x_wconf 87' lang='lat' dir='ltr'><strong>est</strong></span> <span class='ocrx_word' id='word_1_200' title='bbox 1063 3047 1138 3099; x_wconf 86' lang='lat' dir='ltr'><strong>enim</strong></span> <span class='ocrx_word' id='word_1_201' title='bbox 1157 3047 1303 3100; x_wconf 82' lang='lat' dir='ltr'><strong>verificata</strong></span> <span class='ocrx_word' id='word_1_202' title='bbox 1321 3047 1377 3100; x_wconf 87' lang='lat' dir='ltr'><strong>iam</strong></span> <span class='ocrx_word' id='word_1_203' title='bbox 1395 3046 1557 3114; x_wconf 75' lang='lat' dir='ltr'><strong>hypothesi</strong></span> 
     </span>
     <span class='ocr_line' id='line_1_27' title="bbox 380 3135 1518 3205; baseline 0 -15"><span class='ocrx_word' id='word_1_204' title='bbox 380 3137 510 3190; x_wconf 86' lang='lat' dir='ltr'><strong>criminis</strong></span> <span class='ocrx_word' id='word_1_205' title='bbox 529 3139 664 3190; x_wconf 81' lang='lat' dir='ltr'><strong>voluntas</strong></span> <span class='ocrx_word' id='word_1_206' title='bbox 683 3151 859 3204; x_wconf 86' lang='lat' dir='ltr'><strong>consequens</strong></span> <span class='ocrx_word' id='word_1_207' title='bbox 874 3137 1016 3202; x_wconf 86' lang='lat' dir='ltr'><strong>absoluta,</strong></span> <span class='ocrx_word' id='word_1_208' title='bbox 1032 3141 1066 3189; x_wconf 89' lang='lat' dir='ltr'><strong>nt</strong></span> <span class='ocrx_word' id='word_1_209' title='bbox 1085 3135 1226 3190; x_wconf 87' lang='lat' dir='ltr'><strong>homicida</strong></span> <span class='ocrx_word' id='word_1_210' title='bbox 1245 3139 1338 3204; x_wconf 90' lang='lat' dir='ltr'><strong>capite</strong></span> <span class='ocrx_word' id='word_1_211' title='bbox 1360 3137 1518 3205; x_wconf 66' lang='lat' dir='ltr'><strong>piscatur.</strong></span> 
     </span>
    </p>

    <p class='ocr_par' dir='ltr' id='par_1_9' title="bbox 375 3223 1555 4549">
     <span class='ocr_line' id='line_1_28' title="bbox 445 3223 1554 3296; baseline 0.005 -18"><span class='ocrx_word' id='word_1_212' title='bbox 445 3223 487 3296; x_wconf 89' lang='lat'><strong>(1)</strong></span> <span class='ocrx_word' id='word_1_213' title='bbox 508 3227 564 3280; x_wconf 81' lang='lat' dir='ltr'><strong>Via</strong></span> <span class='ocrx_word' id='word_1_214' title='bbox 583 3225 719 3280; x_wconf 83' lang='lat' dir='ltr'><strong>credibile</strong></span> <span class='ocrx_word' id='word_1_215' title='bbox 740 3231 794 3292; x_wconf 88' lang='lat' dir='ltr'><strong>est,</strong></span> <span class='ocrx_word' id='word_1_216' title='bbox 816 3231 991 3294; x_wconf 78' lang='lat' dir='ltr'><strong>quantopere</strong></span> <span class='ocrx_word' id='word_1_217' title='bbox 1003 3228 1137 3280; x_wconf 88' lang='lat' dir='ltr'><strong>nonnulli</strong></span> <span class='ocrx_word' id='word_1_218' title='bbox 1150 3227 1293 3280; x_wconf 83' lang='lat' dir='ltr'><strong>insistent</strong></span> <span class='ocrx_word' id='word_1_219' title='bbox 1310 3228 1375 3280; x_wconf 88' lang='lat' dir='ltr'><strong>hnic</strong></span> <span class='ocrx_word' id='word_1_220' title='bbox 1391 3228 1554 3294; x_wconf 89' lang='lat' dir='ltr'><strong>pulchritu-</strong></span> 
     </span>
     <span class='ocr_line' id='line_1_29' title="bbox 381 3317 1555 3386; baseline 0.002 -16"><span class='ocrx_word' id='word_1_221' title='bbox 381 3317 443 3370; x_wconf 87' lang='lat' dir='ltr'><strong>dini</strong></span> <span class='ocrx_word' id='word_1_222' title='bbox 463 3317 603 3384; x_wconf 81' lang='lat' dir='ltr'><strong>universi,</strong></span> <span class='ocrx_word' id='word_1_223' title='bbox 618 3333 701 3386; x_wconf 87' lang='lat' dir='ltr'><strong>qnam</strong></span> <span class='ocrx_word' id='word_1_224' title='bbox 714 3319 771 3386; x_wconf 87' lang='lat' dir='ltr'><strong>ipsi</strong></span> <span class='ocrx_word' id='word_1_225' title='bbox 784 3317 935 3385; x_wconf 87' lang='lat' dir='ltr'><strong>reperiunt</strong></span> <span class='ocrx_word' id='word_1_226' title='bbox 945 3319 977 3370; x_wconf 91' lang='lat' dir='ltr'><strong>iu</strong></span> <span class='ocrx_word' id='word_1_227' title='bbox 990 3317 1171 3370; x_wconf 89' lang='lat' dir='ltr'><strong>damnatione</strong></span> <span class='ocrx_word' id='word_1_228' title='bbox 1192 3318 1441 3370; x_wconf 78' lang='lat' dir='ltr'><strong>innumerabilium</strong></span> <span class='ocrx_word' id='word_1_229' title='bbox 1461 3317 1555 3372; x_wconf 84' lang='lat' dir='ltr'><strong>homi·</strong></span> 
     </span>
     <span class='ocr_line' id='line_1_30' title="bbox 381 3405 1552 3478; baseline 0.004 -20"><span class='ocrx_word' id='word_1_230' title='bbox 381 3421 456 3458; x_wconf 87' lang='lat' dir='ltr'><strong>num.</strong></span> <span class='ocrx_word' id='word_1_231' title='bbox 468 3405 576 3460; x_wconf 80' lang='lat' dir='ltr'><strong>obiicit</strong></span> <span class='ocrx_word' id='word_1_232' title='bbox 588 3407 644 3460; x_wconf 84' lang='lat' dir='ltr'><strong>sthi</strong></span> <span class='ocrx_word' id='word_1_233' title='bbox 657 3407 793 3474; x_wconf 83' lang='lat' dir='ltr'><strong>(ionetus,</strong></span> <span class='ocrx_word' id='word_1_234' title='bbox 808 3407 833 3460; x_wconf 93' lang='lat' dir='ltr'><strong>si</strong></span> <span class='ocrx_word' id='word_1_235' title='bbox 848 3407 1076 3475; x_wconf 72' lang='lat' dir='ltr'><strong>reprobationem</strong></span> <span class='ocrx_word' id='word_1_236' title='bbox 1090 3407 1189 3474; x_wconf 69' lang='lat' dir='ltr'><strong>exigat</strong></span> <span class='ocrx_word' id='word_1_237' title='bbox 1202 3407 1386 3474; x_wconf 82' lang='lat' dir='ltr'><strong>pulchritudo</strong></span> <span class='ocrx_word' id='word_1_238' title='bbox 1405 3409 1552 3478; x_wconf 77' lang='lat' dir='ltr'><strong>universi,</strong></span> 
     </span>
     <span class='ocr_line' id='line_1_31' title="bbox 380 3493 1551 3562; baseline 0.002 -15"><span class='ocrx_word' id='word_1_239' title='bbox 380 3509 555 3560; x_wconf 85' lang='lat' dir='ltr'><strong>consequens</strong></span> <span class='ocrx_word' id='word_1_240' title='bbox 575 3495 646 3560; x_wconf 83' lang='lat' dir='ltr'><strong>iore,</strong></span> <span class='ocrx_word' id='word_1_241' title='bbox 661 3499 694 3548; x_wconf 87' lang='lat' dir='ltr'><strong>nt</strong></span> <span class='ocrx_word' id='word_1_242' title='bbox 713 3495 789 3548; x_wconf 84' lang='lat' dir='ltr'><strong>Dens</strong></span> <span class='ocrx_word' id='word_1_243' title='bbox 808 3510 859 3550; x_wconf 89' lang='lat' dir='ltr'><strong>neo</strong></span> <span class='ocrx_word' id='word_1_244' title='bbox 878 3497 1023 3562; x_wconf 88' lang='lat' dir='ltr'><strong>potuisset</strong></span> <span class='ocrx_word' id='word_1_245' title='bbox 1041 3511 1136 3548; x_wconf 86' lang='lat' dir='ltr'><strong>omnes</strong></span> <span class='ocrx_word' id='word_1_246' title='bbox 1153 3495 1279 3548; x_wconf 73' lang='lat' dir='ltr'><strong>saltare.</strong></span> <span class='ocrx_word' id='word_1_247' title='bbox 1301 3493 1376 3547; x_wconf 77' lang='lat' dir='ltr'><strong>Audi</strong></span> <span class='ocrx_word' id='word_1_248' title='bbox 1395 3494 1551 3560; x_wconf 65' lang='lat' dir='ltr'><strong>ingenuam</strong></span> 
     </span>
     <span class='ocr_line' id='line_1_32' title="bbox 380 3585 1554 3654; baseline 0.003 -16"><span class='ocrx_word' id='word_1_249' title='bbox 380 3585 504 3638; x_wconf 87' lang='lat' dir='ltr'><strong>hominia</strong></span> <span class='ocrx_word' id='word_1_250' title='bbox 517 3587 738 3653; x_wconf 85' lang='lat' dir='ltr'><strong>responsionem:</strong></span> <span class='ocrx_word' id='word_1_251' title='bbox 752 3601 813 3640; x_wconf 87' lang='lat' dir='ltr'><strong>esse</strong></span> <span class='ocrx_word' id='word_1_252' title='bbox 826 3588 937 3654; x_wconf 88' lang='lat' dir='ltr'><strong>ntique,</strong></span> <span class='ocrx_word' id='word_1_253' title='bbox 951 3587 1059 3654; x_wconf 82' lang='lat' dir='ltr'><strong>lnquit,</strong></span> <span class='ocrx_word' id='word_1_254' title='bbox 1073 3587 1164 3640; x_wconf 87' lang='lat' dir='ltr'><strong>mains</strong></span> <span class='ocrx_word' id='word_1_255' title='bbox 1177 3585 1281 3638; x_wconf 89' lang='lat' dir='ltr'><strong>bonnm</strong></span> <span class='ocrx_word' id='word_1_256' title='bbox 1294 3587 1422 3640; x_wconf 81' lang='lat' dir='ltr'><strong>nmversi</strong></span> <span class='ocrx_word' id='word_1_257' title='bbox 1441 3589 1472 3638; x_wconf 89' lang='lat' dir='ltr'><strong>et</strong></span> <span class='ocrx_word' id='word_1_258' title='bbox 1493 3603 1554 3641; x_wconf 77' lang='lat' dir='ltr'><strong>na·</strong></span> 
     </span>
     <span class='ocr_line' id='line_1_33' title="bbox 380 3672 1553 3744; baseline 0.004 -18"><span class='ocrx_word' id='word_1_259' title='bbox 380 3672 425 3738; x_wconf 73' lang='lat' dir='ltr'><strong>gis</strong></span> <span class='ocrx_word' id='word_1_260' title='bbox 444 3675 600 3728; x_wconf 85' lang='lat' dir='ltr'><strong>elucescere</strong></span> <span class='ocrx_word' id='word_1_261' title='bbox 620 3675 721 3730; x_wconf 81' lang='lat' dir='ltr'><strong>divina</strong></span> <span class='ocrx_word' id='word_1_262' title='bbox 738 3676 892 3742; x_wconf 86' lang='lat' dir='ltr'><strong>attributa,</strong></span> <span class='ocrx_word' id='word_1_263' title='bbox 908 3677 982 3744; x_wconf 88' lang='lat' dir='ltr'><strong>quod</strong></span> <span class='ocrx_word' id='word_1_264' title='bbox 1002 3692 1058 3730; x_wconf 90' lang='lat' dir='ltr'><strong>non</strong></span> <span class='ocrx_word' id='word_1_265' title='bbox 1079 3691 1176 3730; x_wconf 88' lang='lat' dir='ltr'><strong>omnes</strong></span> <span class='ocrx_word' id='word_1_266' title='bbox 1195 3677 1357 3742; x_wconf 72' lang='lat' dir='ltr'><strong>mirentur,</strong></span> <span class='ocrx_word' id='word_1_267' title='bbox 1378 3675 1427 3730; x_wconf 87' lang='lat' dir='ltr'><strong>sed</strong></span> <span class='ocrx_word' id='word_1_268' title='bbox 1448 3677 1553 3731; x_wconf 72' lang='lat' dir='ltr'><strong>«Deus</strong></span> 
     </span>
     <span class='ocr_line' id='line_1_34' title="bbox 380 3765 1553 3834; baseline 0.006 -18"><span class='ocrx_word' id='word_1_269' title='bbox 380 3779 437 3818; x_wconf 91' lang='lat' dir='ltr'><strong>nou</strong></span> <span class='ocrx_word' id='word_1_270' title='bbox 450 3769 565 3818; x_wconf 88' lang='lat' dir='ltr'><strong>tenetur</strong></span> <span class='ocrx_word' id='word_1_271' title='bbox 576 3765 617 3834; x_wconf 92' lang='lat' dir='ltr'><strong>id,</strong></span> <span class='ocrx_word' id='word_1_272' title='bbox 633 3765 708 3834; x_wconf 86' lang='lat' dir='ltr'><strong>qnod</strong></span> <span class='ocrx_word' id='word_1_273' title='bbox 721 3767 824 3820; x_wconf 87' lang='lat' dir='ltr'><strong>molins</strong></span> <span class='ocrx_word' id='word_1_274' title='bbox 837 3770 891 3833; x_wconf 88' lang='lat' dir='ltr'><strong>est,</strong></span> <span class='ocrx_word' id='word_1_275' title='bbox 907 3767 1056 3820; x_wconf 74' lang='lat' dir='ltr'><strong>elicerent</strong></span> <span class='ocrx_word' id='word_1_276' title='bbox 1071 3767 1171 3820; x_wconf 89' lang='lat' dir='ltr'><strong>maiori</strong></span> <span class='ocrx_word' id='word_1_277' title='bbox 1183 3767 1256 3820; x_wconf 89' lang='lat' dir='ltr'><strong>bono</strong></span> <span class='ocrx_word' id='word_1_278' title='bbox 1270 3767 1427 3832; x_wconf 86' lang='lat' dir='ltr'><strong>consulere,</strong></span> <span class='ocrx_word' id='word_1_279' title='bbox 1443 3788 1455 3814; x_wconf 85' lang='grc' dir='ltr'>ι</span> <span class='ocrx_word' id='word_1_280' title='bbox 1466 3768 1553 3823; x_wconf 89' lang='lat' dir='ltr'><strong>adec-</strong></span> 
     </span>
     <span class='ocr_line' id='line_1_35' title="bbox 380 3854 1551 3929; baseline 0.004 -22"><span class='ocrx_word' id='word_1_281' title='bbox 380 3869 434 3922; x_wconf 86' lang='lat' dir='ltr'><strong>qne</strong></span> <span class='ocrx_word' id='word_1_282' title='bbox 454 3855 597 3922; x_wconf 87' lang='lat' dir='ltr'><strong>potuisset</strong></span> <span class='ocrx_word' id='word_1_283' title='bbox 615 3855 746 3909; x_wconf 88' lang='lat' dir='ltr'><strong>absolute</strong></span> <span class='ocrx_word' id='word_1_284' title='bbox 768 3855 908 3923; x_wconf 84' lang='lat' dir='ltr'><strong>loquendo</strong></span> <span class='ocrx_word' id='word_1_285' title='bbox 928 3857 1014 3910; x_wconf 89' lang='lat' dir='ltr'><strong>etiam</strong></span> <span class='ocrx_word' id='word_1_286' title='bbox 1036 3871 1132 3910; x_wconf 86' lang='lat' dir='ltr'><strong>omnes</strong></span> <span class='ocrx_word' id='word_1_287' title='bbox 1155 3856 1270 3910; x_wconf 81' lang='lat' dir='ltr'><strong>salvare</strong></span> <span class='ocrx_word' id='word_1_288' title='bbox 1288 3854 1408 3929; x_wconf 79' lang='lat' dir='ltr'><strong>(const.</strong></span> <span class='ocrx_word' id='word_1_289' title='bbox 1422 3855 1498 3926; x_wconf 87' lang='lat' dir='ltr'><strong>disp.</strong></span> <span class='ocrx_word' id='word_1_290' title='bbox 1516 3862 1551 3914; x_wconf 80' lang='lat' dir='ltr'><strong>V.</strong></span> 
     </span>
     <span class='ocr_line' id='line_1_36' title="bbox 379 3941 1550 4017; baseline 0.003 -19"><span class='ocrx_word' id='word_1_291' title='bbox 379 3960 406 3998; x_wconf 89' lang='lat' dir='ltr'><strong>a.</strong></span> <span class='ocrx_word' id='word_1_292' title='bbox 417 3945 444 3998; x_wconf 79' lang='lat'><strong>8.</strong></span> <span class='ocrx_word' id='word_1_293' title='bbox 457 3961 485 3998; x_wconf 90' lang='lat' dir='ltr'><strong>n.</strong></span> <span class='ocrx_word' id='word_1_294' title='bbox 496 3941 566 4017; x_wconf 79' lang='lat' dir='ltr'><strong>ea).</strong></span> <span class='ocrx_word' id='word_1_295' title='bbox 579 3943 618 3999; x_wconf 79' lang='lat' dir='ltr'><strong>lt</strong></span> <span class='ocrx_word' id='word_1_296' title='bbox 632 3947 718 4000; x_wconf 83' lang='lat' dir='ltr'><strong>Deum</strong></span> <span class='ocrx_word' id='word_1_297' title='bbox 740 3947 859 3999; x_wconf 83' lang='lat' dir='ltr'><strong>bonnm!</strong></span> <span class='ocrx_word' id='word_1_298' title='bbox 883 3961 976 4000; x_wconf 91' lang='lat' dir='ltr'><strong>nonne</strong></span> <span class='ocrx_word' id='word_1_299' title='bbox 994 3946 1097 3999; x_wconf 82' lang='lat' dir='ltr'><strong>vident</strong></span> <span class='ocrx_word' id='word_1_300' title='bbox 1116 3947 1252 4012; x_wconf 74' lang='lat' dir='ltr'><strong>gloriam,</strong></span> <span class='ocrx_word' id='word_1_301' title='bbox 1268 3961 1351 4014; x_wconf 86' lang='lat' dir='ltr'><strong>quam</strong></span> <span class='ocrx_word' id='word_1_302' title='bbox 1370 3948 1446 4000; x_wconf 86' lang='lat' dir='ltr'><strong>Deus</strong></span> <span class='ocrx_word' id='word_1_303' title='bbox 1455 3949 1550 4002; x_wconf 82' lang='lat' dir='ltr'><strong>luten</strong></span> 
     </span>
     <span class='ocr_line' id='line_1_37' title="bbox 379 4033 1551 4102; baseline 0.006 -16"><span class='ocrx_word' id='word_1_304' title='bbox 379 4033 424 4088; x_wconf 89' lang='lat' dir='ltr'><strong>dit</strong></span> <span class='ocrx_word' id='word_1_305' title='bbox 442 4049 477 4087; x_wconf 86' lang='lat' dir='ltr'><strong>ea</strong></span> <span class='ocrx_word' id='word_1_306' title='bbox 498 4051 560 4089; x_wconf 86' lang='lat' dir='ltr'><strong>sese</strong></span> <span class='ocrx_word' id='word_1_307' title='bbox 577 4037 766 4090; x_wconf 79' lang='lat' dir='ltr'><strong>etvolnntste</strong></span> <span class='ocrx_word' id='word_1_308' title='bbox 787 4035 983 4102; x_wconf 82' lang='lat' dir='ltr'><strong>antecedente,</strong></span> <span class='ocrx_word' id='word_1_309' title='bbox 1002 4051 1064 4090; x_wconf 88' lang='lat' dir='ltr'><strong>esse</strong></span> <span class='ocrx_word' id='word_1_310' title='bbox 1081 4037 1163 4090; x_wconf 88' lang='lat' dir='ltr'><strong>unice</strong></span> <span class='ocrx_word' id='word_1_311' title='bbox 1174 4037 1219 4088; x_wconf 91' lang='lat' dir='ltr'><strong>sul</strong></span> <span class='ocrx_word' id='word_1_312' title='bbox 1240 4035 1499 4091; x_wconf 71' lang='lat' dir='ltr'><strong>manifestationem</strong></span> <span class='ocrx_word' id='word_1_313' title='bbox 1522 4041 1551 4094; x_wconf 87' lang='lat' dir='ltr'><strong>in</strong></span> 
     </span>
     <span class='ocr_line' id='line_1_38' title="bbox 379 4123 1550 4194; baseline 0.007 -18"><span class='ocrx_word' id='word_1_314' title='bbox 379 4123 500 4188; x_wconf 82' lang='lat' dir='ltr'><strong>visione,</strong></span> <span class='ocrx_word' id='word_1_315' title='bbox 522 4141 627 4192; x_wconf 87' lang='lat' dir='ltr'><strong>amore,</strong></span> <span class='ocrx_word' id='word_1_316' title='bbox 651 4129 680 4180; x_wconf 89' lang='lat' dir='ltr'><strong>et</strong></span> <span class='ocrx_word' id='word_1_317' title='bbox 700 4125 882 4190; x_wconf 79' lang='lat' dir='ltr'><strong>beatitudine</strong></span> <span class='ocrx_word' id='word_1_318' title='bbox 900 4131 1017 4180; x_wconf 81' lang='lat' dir='ltr'><strong>aetem</strong></span> <span class='ocrx_word' id='word_1_319' title='bbox 1035 4129 1183 4180; x_wconf 78' lang='lat' dir='ltr'><strong>menturae</strong></span> <span class='ocrx_word' id='word_1_320' title='bbox 1203 4126 1367 4193; x_wconf 86' lang='lat' dir='ltr'><strong>rationalis,</strong></span> <span class='ocrx_word' id='word_1_321' title='bbox 1381 4131 1411 4180; x_wconf 88' lang='lat' dir='ltr'><strong>et</strong></span> <span class='ocrx_word' id='word_1_322' title='bbox 1429 4129 1550 4194; x_wconf 69' lang='lat' dir='ltr'><strong>glorian</strong></span> 
     </span>
     <span class='ocr_line' id='line_1_39' title="bbox 378 4209 1548 4282; baseline 0.006 -18"><span class='ocrx_word' id='word_1_323' title='bbox 378 4209 548 4266; x_wconf 81' lang='lat' dir='ltr'><strong>obtectivsm</strong></span> <span class='ocrx_word' id='word_1_324' title='bbox 567 4214 599 4266; x_wconf 89' lang='lat' dir='ltr'><strong>iu</strong></span> <span class='ocrx_word' id='word_1_325' title='bbox 619 4214 749 4268; x_wconf 82' lang='lat' dir='ltr'><strong>vindicta</strong></span> <span class='ocrx_word' id='word_1_326' title='bbox 770 4219 800 4268; x_wconf 87' lang='lat' dir='ltr'><strong>et</strong></span> <span class='ocrx_word' id='word_1_327' title='bbox 820 4215 970 4282; x_wconf 87' lang='lat' dir='ltr'><strong>punitione</strong></span> <span class='ocrx_word' id='word_1_328' title='bbox 992 4219 1167 4282; x_wconf 86' lang='lat' dir='ltr'><strong>peccatorum</strong></span> <span class='ocrx_word' id='word_1_329' title='bbox 1181 4229 1236 4268; x_wconf 91' lang='lat' dir='ltr'><strong>non</strong></span> <span class='ocrx_word' id='word_1_330' title='bbox 1257 4230 1338 4282; x_wconf 86' lang='lat' dir='ltr'><strong>posse</strong></span> <span class='ocrx_word' id='word_1_331' title='bbox 1357 4215 1472 4270; x_wconf 87' lang='lat' dir='ltr'><strong>intendi</strong></span> <span class='ocrx_word' id='word_1_332' title='bbox 1490 4219 1548 4271; x_wconf 84' lang='lat' dir='ltr'><strong>nisi</strong></span> 
     </span>
     <span class='ocr_line' id='line_1_40' title="bbox 377 4303 1546 4372; baseline 0.007 -18"><span class='ocrx_word' id='word_1_333' title='bbox 377 4303 529 4356; x_wconf 78' lang='lat' dir='ltr'><strong>voluntate</strong></span> <span class='ocrx_word' id='word_1_334' title='bbox 547 4309 737 4372; x_wconf 76' lang='lat' dir='ltr'><strong>commonente</strong></span> <span class='ocrx_word' id='word_1_335' title='bbox 759 4303 795 4358; x_wconf 90' lang='lat' dir='ltr'><strong>ad</strong></span> <span class='ocrx_word' id='word_1_336' title='bbox 817 4305 1042 4372; x_wconf 84' lang='lat' dir='ltr'><strong>suppositionem</strong></span> <span class='ocrx_word' id='word_1_337' title='bbox 1061 4309 1247 4372; x_wconf 67' lang='lat' dir='ltr'><strong>peccatorum</strong></span> <span class='ocrx_word' id='word_1_338' title='bbox 1264 4319 1336 4372; x_wconf 81' lang='lat' dir='ltr'><strong>qnae</strong></span> <span class='ocrx_word' id='word_1_339' title='bbox 1356 4303 1432 4358; x_wconf 85' lang='lat' dir='ltr'><strong>lleus</strong></span> <span class='ocrx_word' id='word_1_340' title='bbox 1450 4306 1546 4362; x_wconf 68' lang='lat' dir='ltr'><strong>eden</strong></span> 
     </span>
     <span class='ocr_line' id='line_1_41' title="bbox 377 4391 1545 4462; baseline 0.006 -19"><span class='ocrx_word' id='word_1_341' title='bbox 377 4391 527 4446; x_wconf 80' lang='lat' dir='ltr'><strong>voluntate</strong></span> <span class='ocrx_word' id='word_1_342' title='bbox 545 4391 609 4446; x_wconf 88' lang='lat' dir='ltr'><strong>odio</strong></span> <span class='ocrx_word' id='word_1_343' title='bbox 628 4393 724 4458; x_wconf 86' lang='lat' dir='ltr'><strong>habet,</strong></span> <span class='ocrx_word' id='word_1_344' title='bbox 740 4409 796 4460; x_wconf 85' lang='lat' dir='ltr'><strong>qus</strong></span> <span class='ocrx_word' id='word_1_345' title='bbox 814 4397 892 4446; x_wconf 88' lang='lat' dir='ltr'><strong>amat</strong></span> <span class='ocrx_word' id='word_1_346' title='bbox 912 4409 990 4448; x_wconf 87' lang='lat' dir='ltr'><strong>snam</strong></span> <span class='ocrx_word' id='word_1_347' title='bbox 1004 4394 1176 4446; x_wconf 77' lang='lat' dir='ltr'><strong>bonitatem?</strong></span> <span class='ocrx_word' id='word_1_348' title='bbox 1188 4393 1362 4448; x_wconf 86' lang='lat' dir='ltr'><strong>llecolantnr</strong></span> <span class='ocrx_word' id='word_1_349' title='bbox 1382 4409 1454 4462; x_wconf 87' lang='lat' dir='ltr'><strong>quae</strong></span> <span class='ocrx_word' id='word_1_350' title='bbox 1474 4394 1545 4450; x_wconf 85' lang='lat' dir='ltr'><strong>disi-</strong></span> 
     </span>
     <span class='ocr_line' id='line_1_42' title="bbox 375 4479 1453 4549; baseline 0.003 -17"><span class='ocrx_word' id='word_1_351' title='bbox 375 4493 437 4532; x_wconf 85' lang='lat' dir='ltr'><strong>nsns</strong></span> <span class='ocrx_word' id='word_1_352' title='bbox 457 4479 499 4532; x_wconf 84' lang='lat' dir='ltr'><strong>th.</strong></span> <span class='ocrx_word' id='word_1_353' title='bbox 512 4481 616 4534; x_wconf 77' lang='lat' dir='ltr'><strong>unt.</strong></span> <span class='ocrx_word' id='word_1_354' title='bbox 631 4483 709 4534; x_wconf 91' lang='lat' dir='ltr'><strong>n.ll.</strong></span> <span class='ocrx_word' id='word_1_355' title='bbox 725 4481 764 4534; x_wconf 83' lang='lat' dir='ltr'><strong>Dc</strong></span> <span class='ocrx_word' id='word_1_356' title='bbox 784 4481 876 4536; x_wconf 71' lang='lat' dir='ltr'><strong>Mb.</strong></span> <span class='ocrx_word' id='word_1_357' title='bbox 889 4483 919 4534; x_wconf 90' lang='lat' dir='ltr'><strong>in</strong></span> <span class='ocrx_word' id='word_1_358' title='bbox 941 4483 965 4535; x_wconf 91' lang='lat' dir='ltr'><strong>l.</strong></span> <span class='ocrx_word' id='word_1_359' title='bbox 981 4497 1009 4549; x_wconf 87' lang='lat' dir='ltr'><strong>q.</strong></span> <span class='ocrx_word' id='word_1_360' title='bbox 1023 4481 1253 4536; x_wconf 66' lang='lat' dir='ltr'><strong>connection</strong></span> <span class='ocrx_word' id='word_1_361' title='bbox 1277 4484 1319 4536; x_wconf 88' lang='lat' dir='ltr'><strong>th.</strong></span> <span class='ocrx_word' id='word_1_362' title='bbox 1336 4483 1453 4538; x_wconf 80' lang='lat' dir='ltr'><strong>xtvn.</strong></span> 
     </span>
    </p>
   </div>
   <div class='ocr_carea' id='block_1_9' title="bbox 0 0 1644 5070">
    <p class='ocr_par' dir='ltr' id='par_1_10' title="bbox 0 0 1644 5070">
     <span class='ocr_line' id='line_1_43' title="bbox 0 0 1644 5070; baseline 0 2"><span class='ocrx_word' id='word_1_363' title='bbox 0 0 1644 5070; x_wconf 95' lang='lat' dir='ltr'><strong> </strong></span> 
     </span>
    </p>
   </div>
  </div>
 </body>
</html>
