3224 5068
546 377 584 390 -
605 343 665 405 315
688 378 726 392 -

71 453 139 520 Eue
152 473 250 520 snum
265 471 333 518 non
350 447 462 518 solum
477 455 532 518 est
547 452 721 522 conforme
738 475 800 522 suo
817 453 1025 541 intellectui,
1041 456 1100 526 sed
1116 458 1220 528 etiam

69 565 112 627 est
129 559 238 648 ipsum
260 579 362 626 suum
385 556 597 646 intelligere.
619 586 635 620 n

120 666 163 734 11.
187 665 424 734 Eminentiam
449 665 614 734 veritatis
644 666 758 735 divini
781 669 870 736 Esse
892 671 1145 762 quadamtenus
1168 675 1222 742 in·

68 774 247 863 telligemus
270 773 519 844 considerando
542 774 723 860 rationem,
750 799 819 868 que
847 777 891 846 ad
921 777 1021 848 illam
1051 803 1087 848 se
1117 782 1222 852 hebet

68 881 179 949 veritas
194 880 386 950 increatis.
400 880 543 951 Veritas
560 903 648 973 quae
661 887 715 950 est
727 882 784 952 vel
802 885 936 974 concipi
952 893 1068 976 potest
1083 897 1221 978 praeter

67 987 174 1072 Deum,
200 987 452 1056 consideranda
475 990 575 1056 venit
597 989 808 1077 tripliciter:
835 993 969 1062 veritas
1000 996 1152 1064 actualis
1183 999 1220 1066 in

67 1098 153 1166 rebus
177 1096 430 1182 existentibus;
461 1097 594 1166 veritas
628 1120 718 1166 mere
753 1098 877 1168 idealis
910 1101 947 1169 in
982 1104 1218 1194 possibilibus;

67 1209 179 1278 veritae
209 1205 368 1278 formalis
392 1205 429 1272 in
456 1203 696 1274 intellectibus
727 1206 865 1274 orestis.
892 1207 966 1277 Iam
997 1233 1080 1280 vero
1111 1213 1221 1281 totius

66 1314 154 1384 huius
183 1314 349 1385 veritatis
380 1313 518 1380 lenset
540 1333 702 1380 mensura
725 1321 779 1381 est
802 1315 937 1383 veritas
967 1317 1110 1387 divina:
1136 1320 1220 1390 haee
1299 1365 1303 1376 κ

66 1429 108 1490 eet
121 1424 249 1492 veritas
261 1445 322 1512 per
335 1443 371 1489 se
382 1425 418 1488 et
429 1419 563 1490 veritas
576 1419 699 1508 prime,
713 1419 779 1488 illa
795 1427 851 1490 est
861 1423 994 1492 veritas
1007 1427 1221 1518 participata

66 1539 93 1596 et
111 1529 267 1600 derivata
289 1551 310 1596 a
332 1528 446 1617 prima
469 1526 631 1596 veritate.

118 1637 201 1706 Nam
224 1637 258 1705 1ο
276 1658 332 1704 res
355 1641 436 1704 actu
460 1633 650 1704 existentes
674 1636 711 1704 in
735 1635 855 1705 ordine
882 1637 927 1706 sd
944 1639 1102 1709 divinum
1118 1641 1220 1711 intel-

65 1745 175 1814 lectum
185 1753 329 1816 eatenus
341 1767 444 1814 verae
457 1750 552 1829 sunt,
568 1751 740 1835 quatenus
752 1745 961 1835 respondent
972 1748 1062 1818 ideis
1073 1749 1218 1840 divinis,

65 1877 121 1921 non
141 1855 228 1922 enim
250 1853 348 1942 ipsae
371 1874 426 1920 res
442 1871 546 1920 verae
563 1851 798 1919 determinant
813 1851 1030 1922 intellectum
1046 1854 1219 1942 divinum,

66 1959 113 2028 sed
133 1959 331 2028 intellectus
354 1957 499 2028 divinus
526 1956 816 2046 comprehendens
846 1957 1004 2028 divinam
1034 1963 1220 2032 essentiam

65 2065 262 2151 imitabilem,
275 2065 335 2157 qui
349 2065 385 2132 in
398 2063 641 2132 coniunctione
654 2086 731 2132 aum
747 2064 934 2134 voluntate
950 2066 1074 2136 divine
1089 2069 1221 2138 dieitur

65 2173 247 2243 intellectus
264 2175 455 2260 practicus,
481 2191 587 2239 eausa
608 2175 662 2238 est
684 2171 773 2260 ipsis
795 2173 911 2256 rebus,
938 2179 979 2242 ut
1002 2172 1076 2244 sint
1097 2183 1135 2244 et
1157 2176 1221 2245 hoe

66 2279 146 2350 nodo
167 2281 251 2364 sint,
278 2303 345 2373 quo
367 2277 577 2368 respondent
598 2275 686 2346 ideis
710 2277 842 2347 divinis
865 2278 929 2364 (1):
954 2303 1021 2348 non
1049 2304 1106 2350 res
1138 2289 1222 2352 sunt

66 2410 208 2457 mensura
234 2387 357 2458 divino
380 2384 589 2468 intellectui,
609 2383 669 2454 sed
696 2384 754 2454 hir
768 2391 823 2454 est
839 2409 1002 2455 mensure
1016 2388 1103 2482 illis.
1123 2391 1222 2459 «Res

66 2496 238 2581 naturales,
264 2494 456 2586 exquibus
483 2492 687 2562 intellectus
715 2498 834 2562 noster
865 2494 1047 2564 seientiam
1078 2498 1219 2587 ancipit,

66 2602 166 2695 iuquit
199 2603 237 2674 S.
256 2601 418 2686 Thomas,
445 2606 649 2668 mensurant
679 2599 897 2668 intellectum
927 2609 1141 2672 nostrum...
1162 2606 1221 2674 sed

65 2717 133 2778 sunt
152 2716 371 2780 mensuratae
394 2709 437 2776 ab
459 2706 645 2776 intellectu
672 2705 812 2790 divino,
839 2707 876 2774 in
900 2729 968 2798 quo
992 2719 1076 2779 eunt
1106 2713 1221 2779 omnia

66 2823 175 2904 creste,
204 2819 300 2888 sieut
332 2815 447 2884 omnia
477 2813 668 2884 artifieiata
700 2813 737 2882 in
768 2813 952 2882 intellectu
982 2816 1144 2886 artificis.
1163 2817 1222 2886 Sie

65 2946 132 3014 erga
152 2925 354 2996 intellectus
380 2922 524 2992 divinus
540 2927 593 2989 est
608 2943 812 2989 mensurans
828 2942 896 2988 non
913 2929 1146 3011 mensuratum
1165 2947 1222 2992 res

66 3039 162 3102 nutem
183 3054 389 3102 mensurans
412 3037 449 3099 et
471 3035 689 3115 mensurata,
717 3028 776 3097 sed
804 3029 1006 3098 intellectus
1028 3037 1147 3100 noster
1169 3039 1222 3100 est

66 3149 268 3212 mensuratus
283 3163 352 3210 non
367 3160 571 3208 mensurans
599 3137 736 3230 quidem
752 3160 808 3205 res
823 3137 1018 3224 naturales,
1037 3139 1096 3207 sed
1110 3140 1222 3208 artili-

67 3245 154 3318 einlee
185 3255 336 3318 tantum.
356 3249 426 3316 Res
459 3268 543 3336 ergo
577 3245 753 3314 naturalis
783 3247 876 3314 inter
904 3246 990 3315 duos
1020 3246 1223 3317 intellectus

67 3357 238 3426 constituta
255 3355 443 3426 secundum
460 3353 746 3445 adaequationem
761 3353 807 3422 ad
823 3361 1010 3445 utrumque
1027 3376 1111 3423 vera
1138 3355 1222 3425 diei·

67 3467 124 3529 tur:
139 3463 325 3533 seeundum
348 3461 440 3532 enim
463 3461 750 3552 adaequationem
767 3460 810 3528 ed
827 3459 1046 3530 intellectum
1063 3461 1222 3532 divinum
1275 3547 1280 3558 .

67 3564 176 3638 licitur
200 3591 298 3654 vera,
323 3569 361 3636 in
385 3574 554 3660 quantum
578 3567 701 3656 implet
723 3566 800 3652 hoc,
819 3567 863 3634 ed
880 3567 970 3658 quod
988 3575 1043 3636 est
1059 3569 1223 3638 ordinata

68 3695 115 3758 per
134 3677 347 3746 intellectum
371 3676 573 3746 divinum...
592 3673 788 3743 Secundum
804 3679 919 3743 autem
936 3673 1221 3766 adaequationem

122 3908 158 3984 (1)
170 3913 243 3967 Hine
263 3913 384 3980 Dionys.
397 3911 431 3966 de
451 3911 511 3964 dir.
526 3925 601 3965 urm.
617 3927 640 3965 e.
653 3909 679 3962 5.
694 3912 718 3976 5.
729 3912 756 3963 8.
773 3909 854 3964 ideas
869 3913 952 3964 voest
967 3929 980 3956 ι
993 3909 1150 3964 effeetriees
1163 3911 1223 3963 exl-

72 4003 187 4056 sernum
198 4024 211 4050 n
226 4008 257 4058 et
270 4025 283 4050 u
295 4001 548 4070 praedefinitiones
561 4020 573 4048 n
589 4004 619 4051 et
632 4019 644 4045 u
657 3998 745 4052 bonas
764 3999 931 4052 voluntates
952 3996 1069 4051 divinas
1082 4019 1094 4046 n
1110 4003 1140 4052 et
1154 4019 1166 4046 a
1179 4013 1224 4051 rs-

72 4087 156 4157 tiones,
174 4092 325 4147 seeundum
336 4107 408 4160 ques
429 4073 682 4160 superessentialis
697 4089 792 4142 omnia
806 4089 886 4143 entia
901 4086 1105 4156 praedefinivit
1117 4105 1148 4144 ee
1161 4105 1223 4156 pre·

74 4173 153 4232 luxit:
166 4203 178 4230 n
193 4187 400 4255 παραδειγματα
421 4186 447 4236 δι
471 4195 556 4254 φαμεν
579 4177 641 4234 irrui
658 4199 718 4240 τους
731 4177 757 4233 ia
771 4177 821 4248 θεῳ
842 4199 887 4232 των
902 4175 978 4232 ὄντων
999 4173 1166 4241 inclaruisse
1180 4201 1222 4233 και

76 4261 155 4329 ianam:
175 4279 380 4344 προῦφεστωτας
406 4278 514 4342 loquer,
534 4271 578 4332 όυς
600 4269 618 4328 η’
638 4267 768 4340 Sertaque
789 4287 968 4340 προορισμους
990 4269 1077 4332 καλεῖ,
1097 4290 1139 4322 και
1162 4266 1223 4322 Seia

76 4371 110 4405 ¹³1
125 4357 212 4428 ἆγαθα
223 4358 369 4434 Saluum
388 4381 434 4414 των
449 4356 527 4414 ὄντων
546 4355 705 4430 &enprorsus
724 4379 766 4411 και
789 4377 922 4420 meantem,
941 4353 1002 4409 καθ’
1019 4356 1063 4417 ὁυς
1084 4356 1097 4410 ὅ
1116 4356 1222 4428 inspee-

77 4461 122 4506 mt
138 4469 167 4502 τα
182 4450 241 4506 isra
260 4471 350 4508 παντα
366 4473 408 4505 rar
430 4469 556 4522 προωρισι
576 4470 618 4504 και
638 4467 820 4520 παμμιγῆ.-
