3280 5070
898 415 935 432 ..
957 387 1019 448 532
1038 419 1076 434 ..

849 547 992 609 russis
1015 505 1129 611 nvur.

527 653 793 714 Praedertiuetic
813 657 943 732 pretias
963 668 994 718 ct
1013 658 1274 734 praedestinatio
1296 663 1449 738 complete

461 761 605 832 spectata
625 751 799 812 secundum
819 769 928 815 omues
948 758 1077 833 effectus
1097 759 1197 817 simul
1216 765 1359 834 ernuptos
1380 753 1448 817 ndu
1467 765 1508 818 ert

780 863 822 907 ea
842 853 1048 926 praevisione
1069 853 1191 912 meriti.

465 1007 560 1062 acuar
581 1009 656 1062 nem
665 1009 922 1075 predestinatam
937 1015 1055 1065 Senator
1070 1030 1134 1066 ιιιοι
1150 1021 1177 1064 et
1194 1014 1232 1066 cd
1249 1014 1375 1080 pretio:
1394 1013 1469 1068 citu
1484 1017 1560 1066 tm

401 1118 414 1147 ι
430 1097 507 1150 etad
524 1099 648 1166 pretinm
661 1101 735 1152 citae
748 1109 877 1152 cateruae
894 1099 941 1172 (S.
956 1101 1040 1168 Fulg.
1055 1102 1189 1156 daverit.
1207 1103 1303 1171 praed.
1318 1105 1374 1157 lll.
1389 1101 1442 1176 5.).
1460 1103 1559 1171 praeda·

400 1205 414 1234 ι
428 1187 550 1240 ιιῑιιιιίο
569 1186 761 1254 luodocquato
782 1193 911 1256 spectata
930 1205 997 1257 prac
1015 1192 1105 1259 priori
1117 1208 1169 1245 sua
1180 1197 1270 1260 parte,
1281 1208 1362 1245 ornus
1373 1191 1559 1260 praedestina·

399 1281 520 1330 ntorum
540 1277 671 1329 moritum
691 1281 872 1344 praevertere
890 1277 1010 1332 dicenda
1022 1285 1067 1332 est
1078 1295 1112 1334 ea
1123 1281 1245 1348 ratione,
1261 1297 1318 1350 qua
1337 1283 1463 1346 gratian
1480 1283 1559 1349 ipsu

399 1383 411 1411 ι
426 1365 518 1430 grotta
531 1365 665 1430 conteret,
679 1381 734 1418 nou
746 1367 858 1419 meritis
868 1367 948 1420 reddi
959 1369 1136 1434 confitentum
1147 1385 1180 1424 ac
1189 1377 1340 1439 propterea
1350 1373 1450 1437 etiam,
1460 1369 1560 1440 quarto

398 1475 411 1503 ι
427 1453 654 1522 praedestinatio
667 1461 813 1522 spectator
834 1457 1001 1526 adaequate,
1016 1460 1186 1526 irreposcibile
1204 1469 1251 1525 ert,
1269 1461 1347 1528 qaod
1364 1471 1442 1514 totae
1459 1460 1560 1528 parts
1623 1476 1629 1535 ᾗ

396 1563 411 1592 n
425 1545 592 1598 stitutionis
614 1546 726 1610 effeetus
740 1547 770 1596 iu
783 1549 924 1602 commoni
943 1550 1045 1601 tatone
1058 1550 1184 1616 eliquans
1197 1567 1308 1604 omaso
1329 1567 1362 1602 an
1373 1561 1458 1617 porto
1475 1557 1562 1604 codro
1622 1562 1628 1581 ¹

397 1653 411 1682 ι
426 1631 469 1706 (S.
481 1631 535 1686 Tb.
549 1633 575 1684 l.
587 1649 616 1700 q.
628 1633 672 1686 23.
685 1651 712 1686 ι.
723 1633 774 1706 5.).
787 1656 811 1683 ι.

461 1782 555 1851 Haec
578 1781 690 1851 thesis
713 1783 891 1852 corollarii
914 1785 1029 1853 instar
1050 1807 1092 1855 ex
1116 1785 1404 1856 antecedentibus
1429 1787 1560 1857 deduci·

394 1897 467 1974 tur,
492 1897 528 1957 et
550 1889 731 1980 supposita
754 1891 915 1960 doctriua
938 1893 1112 1962 catholica
1134 1893 1176 1962 de
1199 1895 1360 1984 gratuito
1376 1895 1467 1964 dono
1489 1915 1559 1984 gru·
1635 1895 1636 1930 ³

392 1995 464 2066 tiae
488 1995 524 2064 iu
548 1995 691 2066 dubium
708 1999 827 2066 vocari
844 1997 977 2090 nequit,
998 2007 1039 2068 ut
1055 1999 1160 2069 facile
1176 2001 1345 2090 probator
1360 1999 1560 2070 declarando
1634 2003 1636 2008 '

393 2123 530 2173 sensum
554 2105 823 2174 enuntiationis.
1635 2117 1636 2120 ’

460 2209 506 2278 1“.
527 2211 674 2292 Quando
697 2221 849 2302 negetur
866 2212 1027 2281 meritum
1043 2211 1187 2306 aliquod
1205 2213 1316 2282 totins
1332 2211 1559 2304 praedestina·
1619 2270 1626 2311 Ι

392 2315 500 2387 tionis
522 2341 596 2388 esse
618 2341 658 2388 ex
685 2327 785 2408 parts
809 2319 1157 2409 praedestinatorum,
1183 2321 1318 2390 dicitur
1340 2322 1501 2390 omnibns
1516 2322 1558 2389 ei·
1620 2318 1636 2364 ἰ

392 2426 556 2510 tectibus,
575 2427 616 2495 ad
634 2451 718 2520 quos
735 2429 889 2496 retertur
903 2427 1190 2519 praedestinatio,
1208 2428 1313 2497 simul
1329 2431 1484 2519 sumptis
1499 2449 1557 2496 uon
1620 2433 1636 2507 ,³

391 2553 489 2624 posse
507 2535 708 2624 praecedere
724 2535 867 2626 aliquod
883 2536 1056 2620 neritum,
1074 2559 1116 2604 ex
1132 2537 1234 2605 enias
1246 2535 1468 2626 praevisione
1478 2535 1558 2604 dora
1620 2516 1635 2625 l

391 2640 638 2733 subsequentia
662 2641 921 2733 praedestinata
944 2643 1029 2726 siut,
1046 2649 1083 2712 et
1098 2665 1119 2710 a
1135 2667 1203 2733 quo
1229 2642 1375 2733 proinde
1402 2649 1481 2711 tota
1501 2640 1557 2709 illa
1621 2651 1635 2719 :3

390 2747 497 2818 series
510 2747 675 2818 donorum
694 2749 851 2838 pendeat.
866 2749 963 2818 Illud
975 2750 1065 2817 enim
1083 2751 1243 2820 meritum
1260 2749 1404 2818 deberet
1417 2771 1494 2818 esse
1507 2771 1556 2816 ex·

389 2859 448 2924 tra
464 2855 586 2924 seriem
601 2855 937 2946 praedestinatorum
954 2857 1155 2942 effectuum
1174 2879 1253 2923 uam
1270 2855 1301 2924 si
1316 2864 1354 2924 et
1372 2855 1489 2945 ipsam
1514 2877 1556 2922 es·

389 2961 495 3030 setin
513 2961 577 3031 hac
594 2963 695 3046 serie,
714 2962 881 3051 prolecto,
899 2985 976 3031 cum
996 2985 1063 3029 uon
1081 2963 1194 3052 possit
1208 2983 1283 3029 esse
1299 2981 1408 3028 ιιιιιιι
1427 2961 1556 3029 merito
1620 2975 1634 3051 :³

388 3067 445 3138 ria
468 3067 523 3138 sui
547 3069 672 3162 ipsius,
697 3069 766 3138 iam
791 3093 857 3137 nou
882 3079 974 3139 esset
996 3091 1103 3139 causa
1128 3069 1306 3140 meritoria
1322 3073 1433 3136 rottae
1448 3069 1553 3138 miei.
1620 3054 1626 3093 ²

387 3175 499 3267 Atqui
516 3185 618 3246 extra
631 3175 752 3246 seriem
770 3177 1107 3266 praedestinatorum
1130 3176 1333 3258 effectuum,
1352 3183 1396 3243 ut
1424 3173 1555 3267 praede·
1620 3192 1626 3205 ·

388 3283 534 3352 stinatio
559 3293 734 3375 tamquam
753 3285 974 3376 praeparatio
991 3285 1156 3354 donorum
1173 3282 1498 3373 supernaturalium
1516 3279 1554 3348 ad
1632 3299 1633 3310 ¹

387 3388 1555 3483 salutemccnduceutiumabAugustiucceterisqnePatribusiaxta

387 3495 652 3588 Scripturas-uzu
672 3499 866 3567 doctrinam
888 3499 1116 3589 intelligitur,
1137 3520 1203 3566 uon
1225 3502 1340 3587 potest
1362 3519 1440 3564 esse
1463 3495 1553 3564 meri·
1623 3518 1628 3537 ·

386 3613 460 3676 turn
477 3605 588 3675 ullum
606 3605 885 3698 supernaturale.
902 3605 999 3696 Ergo
1015 3605 1253 3674 affirmandum
1270 3609 1378 3688 esset,
1398 3603 1552 3672 meriton

386 3736 461 3784 esse
484 3713 623 3807 aliquod
648 3714 860 3806 acquisitum
876 3723 1023 3782 naturae
1041 3713 1189 3795 viribus,
1216 3713 1273 3781 cni
1301 3713 1415 3802 prima
1442 3709 1552 3801 gratia
1630 3749 1631 3752 =

385 3821 665 3912 supernaturalis
681 3821 860 3890 reddatur.
878 3821 946 3890 Hic
962 3829 1077 3890 autem
1101 3831 1155 3890 est
1172 3820 1245 3909 ipse
1260 3842 1359 3888 error
1373 3819 1418 3886 ab
1434 3821 1550 3907 Augo-
1630 3825 1631 3867 l

386 3927 478 3996 stiuo
502 3929 650 4019 primum
673 3928 709 3994 iu
734 3927 1013 3996 Massiliensibus
1030 3927 1270 4017 impugnatus,
1288 3925 1384 3994 stab
1399 3921 1550 3994 Ecclesia

384 4033 544 4126 deinceps
569 4037 830 4105 delinitionibus
860 4035 1007 4104 Concilii
1038 4033 1251 4102 Arausicaui
1280 4031 1549 4120 Pontificamque

385 4138 534 4209 decretis
550 4163 651 4233 saepe
666 4143 864 4211 darunatus.
887 4141 980 4224 Quia
999 4151 1157 4210 errantes
1172 4139 1227 4208 illi
1244 4139 1391 4218 liberam
1407 4145 1546 4229 potesta·

384 4251 453 4318 tem
471 4247 597 4318 salutis
612 4251 711 4318 nobis
727 4251 849 4341 negari
867 4251 1050 4341 putabant,
1070 4249 1139 4317 nisi
1156 4248 1332 4332 meritum,
1347 4246 1438 4338 qaod
1455 4243 1546 4313 unice

383 4375 405 4421 a
422 4355 559 4424 viribus
582 4358 712 4426 nostris
734 4357 959 4426 naturalibus
977 4357 1136 4447 pendeat,
1154 4355 1267 4445 possit
1282 4353 1445 4422 inchoare
1462 4351 1546 4418 xviam

384 4459 523 4550 snutiq
550 4463 626 4534 ideo
650 4465 738 4534 bano
754 4465 923 4533 rationem
940 4463 1270 4554 praedestinationis
1285 4461 1542 4552 impugnabant:
