3360 5060
580 411 617 424 ..
638 377 700 439 659
721 408 757 421 ..

76 491 122 559 ed
148 489 303 580 gratiam
326 509 395 556 non
423 491 478 554 est
508 485 599 553 ratio
622 506 665 552 ex
688 487 788 572 parte
811 481 1009 567 homiuum,
1044 483 1103 552 sed
1137 489 1191 552 est
1213 507 1254 552 ex

75 599 155 667 sole
179 597 245 666 Dei
269 595 451 666 voluntate
474 592 690 662 misericordi
712 613 799 680 ergo
822 613 951 675 unum,
978 591 1074 660 iusta
1096 615 1183 681 erga
1204 592 1254 660 ul·

74 714 208 789 terum,
234 704 325 796 quod
349 703 411 772 uni
435 701 551 791 potius
575 723 677 792 qnam
700 698 807 768 elteri
832 698 920 768 velit
942 697 1105 768 exhibere
1121 699 1254 768 miseri·

74 814 257 899 cordiam,
285 823 321 882 et
343 813 387 880 ab
409 833 478 880 uno
509 810 628 901 potius
656 831 758 900 quem
782 810 826 876 ab
850 807 961 876 altero
983 808 1135 898 exigere,
1164 809 1254 900 quod

73 921 107 990 ei
132 921 282 990 debetur
305 919 493 988 secuudum
515 915 692 985 iustitiam
715 915 776 1004 (1).
803 915 898 984 Haec
932 921 1048 982 autem
1078 915 1198 983 valent
1220 922 1256 983 et

72 1048 95 1092 ι
119 1025 160 1094 S.
191 1025 323 1094 Thema
345 1025 513 1094 dicuntur
534 1023 651 1092 eodem
675 1045 818 1115 prorsus
842 1021 939 1090 modo
962 1021 1004 1090 do
1034 1022 1254 1092 exsecutione

73 1155 115 1201 ιι
140 1133 187 1201 de
210 1131 537 1222 praedestinatione.
564 1130 636 1198 Iste
659 1137 713 1197 est
736 1129 772 1196 in
796 1136 960 1198 contextu
984 1128 1109 1198 unicus
1132 1151 1254 1198 sensus

72 1241 277 1324 verborum,
302 1239 430 1331 quibus
453 1238 609 1306 Gouetus
631 1237 806 1304 abutitur.
835 1265 850 1300 a
870 1235 993 1305 Voluit
1015 1236 1110 1304 Deus
1134 1235 1170 1302 in
1193 1235 1252 1304 ho·

72 1347 231 1416 minibus
254 1353 422 1439 quantum
447 1345 491 1413 ad
514 1345 661 1436 aliquos,
688 1367 774 1435 quos
792 1343 1032 1433 praedestinat
1047 1342 1251 1432 (praedesti-

71 1454 220 1524 natione
243 1453 381 1544 gratiae
403 1461 438 1521 et
460 1452 621 1542 gloriae),
646 1473 744 1520 suam
768 1460 1028 1541 repraesentare
1061 1450 1251 1518 bonitatem

70 1585 135 1653 per
153 1562 292 1630 modum
310 1559 568 1630 misericordiae
583 1558 766 1649 parcendo,
791 1564 827 1627 ct
849 1565 1018 1650 quantum
1035 1559 1079 1626 ed
1099 1558 1248 1650 aliquos,

72 1693 164 1763 quos
188 1670 364 1760 reprobet,
390 1690 452 1759 per
475 1667 611 1736 modum
645 1666 805 1736 iustitiae
842 1666 1013 1757 puniendo
1045 1667 1252 1756 (suppositis

70 1779 258 1869 peccatis).
283 1777 332 1846 Et
361 1777 446 1846 haee
479 1783 533 1846 eat
555 1776 666 1860 ratio,
692 1797 798 1867 quare
821 1775 916 1844 Dens
951 1775 1117 1867 quosdam
1147 1775 1252 1864 eligit

72 1893 151 1978 (per
183 1887 384 1956 electionem
408 1885 546 1975 gratiae
580 1885 624 1954 ad
656 1907 814 1954 coronam
847 1884 995 1973 gloriae)
1019 1891 1056 1953 et
1085 1885 1249 1975 quosdam

70 1996 242 2084 reprobat
263 1991 460 2079 (voluntate
483 1995 739 2082 consequente).
758 1990 807 2058 Et
822 1990 912 2058 hanc
936 2011 1075 2059 causam
1090 1991 1251 2081 assignet

70 2101 270 2193 Apostolus
294 2101 391 2168 Rom.
409 2099 474 2166 IX.
493 2098 683 2166 redicens:
703 2097 824 2166 volens
838 2099 933 2166 Deus
950 2098 1130 2167 ostendere
1146 2100 1247 2184 iram,

69 2209 107 2278 id
132 2213 192 2277 est
215 2205 408 2276 vindictam
430 2204 590 2274 iustitiae
614 2209 712 2294 (ergo
735 2204 919 2274 voluntate
954 2212 1182 2295 consequente
1205 2206 1249 2275 ad

71 2321 270 2406 peecatum)
292 2323 328 2384 et
350 2321 467 2383 notum
491 2315 605 2383 iacere
628 2313 818 2404 potentiam
842 2335 963 2399 suem,
989 2313 1186 2400 sustinuit,
1212 2315 1248 2384 id

69 2431 126 2493 est
149 2423 311 2514 permisit
333 2421 370 2489 in
393 2421 506 2490 multa
529 2421 702 2510 patientia
718 2445 805 2492 vase
820 2422 895 2490 irus
910 2427 994 2510 apte
1009 2421 1046 2488 in
1063 2420 1249 2490 interitum

70 2530 130 2616 (ad
156 2550 257 2622 quem
281 2551 317 2597 se
340 2529 435 2618 ipsos
457 2533 698 2617 aptaverunt),
724 2534 767 2597 ut
790 2528 988 2596 ostenderet
1010 2527 1158 2595 divitias
1174 2528 1247 2617 glo·

71 2637 147 2706 riae
171 2659 255 2706 suae
278 2635 319 2704 in
340 2658 427 2704 vase
450 2636 721 2720 misericordiae,
748 2657 837 2727 quae
860 2636 1086 2725 praeparavit
1112 2637 1150 2704 in
1174 2635 1246 2724 glo·

71 2745 163 2813 riam
188 2751 263 2834 (per
286 2743 440 2833 gratiam
464 2742 502 2811 in
524 2743 673 2833 gloriam
691 2750 766 2811 tum
789 2743 991 2812 sanctitatis
1005 2749 1081 2812 tum
1098 2743 1248 2812 beatitu-

72 2851 169 2922 diuis
185 2853 374 2938 munnae),
391 2851 464 2920 ete
481 2851 571 2922 Tim.
586 2849 635 2921 H.
652 2851 708 2920 20:
722 2851 759 2920 in
774 2873 900 2941 magna
911 2850 1009 2920 domo
1022 2857 1107 2921 sunt
1118 2872 1245 2922 vasa...

136 3124 181 3202 (1)
196 3127 326 3181 «Docuit
347 3121 537 3200 (Apostolus),
558 3143 593 3180 ex
606 3128 661 3181 illa
676 3143 770 3181 massa
782 3128 869 3195 primi
887 3128 1013 3182 hominls
1033 3127 1108 3202 (sivo
1121 3143 1173 3196 per
1187 3144 1246 3197 pcc-

70 3223 165 3272 catum
183 3217 326 3282 originale
343 3219 405 3271 sive
425 3231 475 3284 per
494 3213 679 3288 personalia),
701 3217 745 3269 cui
771 3217 872 3270 merito
892 3233 968 3271 mors
987 3215 1115 3284 debetur,
1138 3233 1194 3270 uon
1211 3201 1261 3272 ad¹

71 3309 176 3362 merita
194 3307 319 3361 hominis
343 3306 392 3360 sed
417 3305 452 3360 ad
473 3307 525 3360 Dei
544 3307 769 3361 misericordium
788 3308 950 3375 pertinere,
974 3307 1048 3375 qnod
1072 3310 1194 3377 quisquo
1214 3309 1248 3362 ll-

71 3398 224 3452 noratur...
243 3397 282 3450 Et
297 3397 366 3450 hinc
383 3395 548 3451 evidentius
566 3401 828 3466 apparatumsunt
849 3397 948 3452 debita
964 3400 1086 3454 liberato
1106 3403 1136 3452 et
1154 3399 1247 3465 gratis

71 3486 228 3540 ιιιιιιιιιιι
248 3489 386 3552 quuntum
405 3486 535 3540 beneficii
548 3485 719 3554 contaretur,
742 3487 817 3554 quod
830 3489 907 3542 alter
922 3489 1083 3556 aequaliter
1098 3504 1163 3542 reus
1184 3491 1247 3542 sine

73 3577 222 3644 punientis
236 3575 395 3642 iniquitute
418 3577 572 3642 punitur...
586 3577 661 3630 Haec
680 3593 774 3631 massa
787 3579 813 3630 ei
833 3583 910 3630 esset
928 3579 1086 3645 itu'madia,
1109 3585 1142 3634 ut
1155 3596 1247 3648 quem-

74 3663 222 3719 admodum
235 3665 312 3718 nihil
331 3665 399 3718 boni
420 3665 464 3718 ιιι
482 3679 533 3718 ιιι
555 3667 624 3720 mali
643 3665 755 3734 aliquid
775 3671 943 3735 mereretur,
965 3685 1021 3722 nou
1041 3669 1152 3723 irnstra
1170 3669 1247 3723 vide·

74 3761 153 3808 retur
171 3754 331 3822 iniquiter,
356 3758 389 3806 ιι
407 3769 441 3808 ex
460 3769 494 3808 ιι
514 3756 617 3810 ιιιιιι
637 3771 708 3810 vasa
729 3756 760 3809 ln
788 3760 998 3813 contumeliam.
1019 3758 1087 3812 Cum
1109 3775 1176 3813 vero
1195 3773 1246 3826 per

73 3845 195 3899 liberum
208 3844 360 3898 arbitrium
373 3845 460 3912 primi
473 3845 598 3899 hominis
608 3847 639 3901 in
653 3847 914 3902 condemnationem
927 3839 1070 3901 univorsa¹
1081 3847 1242 3916 defluxerit,

75 3937 170 4002 procul
196 3934 282 3988 dnbio
305 3935 379 4002 qnod
395 3949 430 3987 ax
451 3951 484 3988 eo
504 3935 579 3990 liunt
600 3953 671 3991 vase
690 3937 721 3991 in
745 3939 897 4004 honorem,
919 3953 975 3991 ron
999 3937 1092 4004 ipsius
1111 3938 1245 3993 iustitiae

74 4021 270 4099 (Pelagianos)
283 4041 355 4094 quaa
374 4026 497 4092 gratiam
517 4029 599 4081 nulla
617 4029 783 4094 praecessit,
799 4029 848 4082 scd
861 4029 913 4084 Dei
932 4028 1154 4094 misericordiae;
1170 4029 1244 4096 quod

75 4128 141 4168 roro
159 4115 191 4166 in
210 4115 420 4181 contumeliam,
439 4129 496 4168 uon
517 4115 673 4182 iniquitsti
691 4116 752 4180 Dei,
769 4131 841 4182 quus
864 4116 941 4169 absit
956 4116 1044 4169 nteit
1057 4116 1130 4184 apud
1143 4118 1241 4184 Deum,

76 4203 122 4256 ιιι
141 4203 248 4258 indicio
263 4203 457 4272 deputandum
477 4207 554 4258 ιιι...
569 4206 619 4258 Pie
643 4210 673 4260 et
691 4207 832 4260 veraciter
850 4204 978 4259 creditur
991 4207 1065 4259 Dens
1085 4207 1187 4274 impios
1202 4209 1242 4261 iu·

75 4293 222 4349 ιιιιιιιιο
241 4311 258 4347 ι
274 4295 374 4361 poenis
393 4294 501 4348 debitls
517 4295 651 4363 liberare,
668 4311 835 4364 quemqnam
855 4311 922 4350 voro
942 4295 1114 4349 immeritum
1126 4302 1155 4351 ιι
1166 4298 1242 4349 nulli

76 4381 224 4438 obnoxium
242 4387 355 4450 peccato
378 4383 402 4436 si
421 4384 498 4437 Deus
517 4383 650 4438 damnare
670 4385 806 4452 creditur,
831 4385 944 4439 alienus
957 4386 993 4438 ub
1012 4385 1171 4453 iniquitute
1184 4401 1240 4447 non

76 4471 411 4541 eruditissimorum.
427 4472 488 4526 leo.
502 4489 531 4526 u.
546 4472 589 4526 16.
603 4475 645 4526 18.
658 4475 701 4528 20.
