3224 5068
515 368 553 382 -
575 335 633 397 301
657 369 694 382 -

42 446 120 508 extra
140 438 399 509 describuntur.
431 440 560 508 uDeus
583 441 645 532 qui
668 439 795 532 ubique
819 447 856 508 et
879 441 916 508 in
941 440 1098 508 omnibus
1121 447 1186 524 est,

40 551 114 612 totus
134 545 248 630 audit,
268 551 364 614 totns
380 545 491 631 videt,
509 551 606 615 totus
623 547 740 631 efficit,
758 552 854 614 totus
877 547 1189 616 incedit...Virtus

39 651 89 720 Dei
108 673 190 743 quae
214 653 373 744 aequalis
395 661 431 721 et
453 653 644 721 indiscreta
666 659 753 741 (una
775 653 998 741 indistincta)
1020 660 1094 738 est,
1119 653 1189 722 offi-

38 761 145 828 ciorum
167 765 204 828 et
228 761 458 828 membrorum
482 761 587 830 babet
609 761 760 845 nomina,
780 769 821 828 ut
842 760 959 829 virtus
983 783 1052 852 qua
1075 761 1187 846 videt,

39 866 110 935 oculi
130 867 214 954 sint3
243 869 360 936 virtus
385 890 453 960 qua
475 869 589 952 audit,
615 890 718 937 auree
741 868 826 955 sint;
852 869 1053 960 virtusque
1069 869 1187 952 efficit,

39 995 137 1040 nanus
159 974 247 1062 sint;
264 973 383 1044 virtus
407 998 476 1068 qua
498 976 609 1061 adest,
628 977 731 1066 pedes
755 977 840 1060 sint,
862 975 1051 1044 officiorum
1074 976 1188 1046 diver·

39 1081 140 1148 sitetes
158 1081 308 1150 virtutis
324 1083 430 1151 buius
446 1089 619 1173 potestate
635 1090 823 1173 peragente
835 1109 850 1145 n
862 1083 978 1152 Hilar.
989 1083 1027 1150 in
1035 1083 1093 1151 Ps.
1109 1083 1186 1152 129.

39 1213 63 1255 r.
87 1189 115 1256 3.
146 1188 277 1258 Mirum
300 1213 383 1259 sane
406 1199 460 1260 est
482 1192 577 1260 inter
604 1192 824 1262 Christianos
854 1190 1002 1281 reperiri
1036 1192 1190 1281 potuisse

39 1295 212 1379 (audianos
236 1301 272 1364 et
295 1297 479 1366 monachos
500 1299 698 1389 Aegyptios
722 1320 812 1367 saec.
836 1296 930 1386 It),
957 1298 1018 1390 qui
1041 1297 1191 1366 absurdo

38 1401 156 1470 horrore
186 1403 493 1495 interpretationis
524 1407 734 1496 allegoricae
764 1405 963 1474 huiusmodi
997 1405 1190 1474 locutiones

39 1509 282 1600 scripturarum
297 1535 400 1581 sensu
412 1513 612 1582 immediato
623 1514 843 1604 accipiendas
858 1536 932 1583 esse
945 1512 1191 1582 contendentes

40 1615 93 1685 Deo
112 1619 249 1686 omnino
274 1642 398 1711 corpus
421 1621 672 1691 adscriberent.
856 1621 858 1625 ’

89 1726 182 1808 Quod
199 1750 285 1797 vero
298 1729 675 1818 Tertullianus(contr.
693 1731 797 1798 Prax.
809 1755 839 1800 c.
851 1731 884 1818 73
896 1736 1006 1798 contr.
1018 1728 1126 1797 Marc.
1137 1727 1188 1796 H.

40 1832 187 1921 t.lb.)de
202 1835 272 1904 Dei
288 1858 429 1926 corpore
451 1835 550 1928 loqui
574 1837 726 1921 videtur,
746 1837 849 1904 immo
863 1836 978 1904 adbuc
1001 1834 1190 1904 absurdius

39 1939 197 2026 affirmare,
220 1943 333 2010 Deum
355 1965 398 2011 ex
422 1944 573 2011 omnium
597 1945 772 2014 sententia
795 1967 920 2034 corpus
943 1964 1030 2029 esse,
1049 1949 1084 2010 et
1099 1940 1190 2032 quod

40 2045 105 2114 locis
126 2048 208 2116 aliis
225 2049 283 2136 (de
306 2051 422 2118 anima
446 2073 476 2119 a.
491 2052 523 2137 73
542 2051 584 2120 de
600 2072 703 2120 carne
726 2049 860 2120 Christi
876 2075 906 2120 c.
922 2050 977 2139 113
993 2057 1084 2118 cont.
1103 2049 1190 2116 Her·

39 2176 110 2243 nog.
127 2179 156 2222 c.
181 2155 258 2242 35.)
283 2156 417 2241 scribit,
438 2158 608 2248 quidquid
631 2158 805 2242 subsistit,
824 2179 949 2247 corpus
973 2156 1029 2225 sui
1052 2154 1191 2245 generis

39 2283 111 2328 esse:
130 2263 165 2331 id
182 2264 309 2332 merito
332 2265 370 2333 S.
384 2266 609 2353 Augustinus
633 2265 689 2352 (de
713 2265 846 2333 haeres.
866 2289 896 2334 c.
915 2264 988 2351 86.)
1012 2263 1065 2332 ite
1088 2260 1191 2330 intel·

40 2365 90 2457 ligi
115 2393 211 2460 posse
243 2372 316 2456 ait,
343 2378 384 2440 ut
408 2372 651 2441 Tertullianus
681 2395 806 2462 corpus
835 2371 985 2456 dixerit,
1020 2367 1190 2463 quidquid

41 2487 160 2548 nonest
181 2479 289 2548 inane
305 2486 342 2550 et
356 2503 424 2549 non
448 2505 579 2551 merum
602 2482 774 2566 accidens,
795 2481 854 2550 sed
872 2480 1071 2550 substantia
1094 2481 1131 2547 in
1155 2501 1190 2547 se

40 2586 219 2656 consistens.
246 2588 388 2680 Pariter
418 2589 627 2658 Lactantius
657 2589 836 2680 putandus
867 2595 922 2657 est
952 2587 1190 2656 tantummodo

41 2691 107 2760 Esse
133 2695 296 2766 divinum
327 2697 526 2786 singulare,
553 2697 839 2782 determinatum,
865 2694 1045 2786 personale
1069 2700 1192 2762 contra

41 2797 173 2873 Stoicum
204 2803 463 2895 pentheismum
487 2805 668 2874 vindicare
691 2805 867 2889 voluisse,
894 2803 1031 2895 quando
1055 2801 1111 2887 (de
1135 2801 1191 2869 ira

40 2907 89 2976 Dei
108 2933 135 2978 c.
149 2911 201 2997 2.)
228 2940 246 2975 n
270 2911 420 3000 figuram
443 2918 479 2980 et
502 2913 682 2980 formam»
708 2911 774 2980 Dei
798 2910 952 3000 aliquam
975 2930 1049 2976 esse
1073 2907 1190 2976 defen·

40 3014 89 3083 dit.
111 3019 288 3088 Postremo
313 3025 354 3088 ut
383 3019 546 3108 ambigua
569 3019 715 3086 Petrum
738 3019 834 3087 dicta
858 3017 962 3085 simul
987 3015 1190 3105 complecta·

41 3145 110 3208 nur,
120 3125 368 3220 Athenagoras
384 3123 522 3215 (Legat.
537 3149 600 3216 pro
612 3125 744 3194 Christ.
759 3149 795 3192 n.
805 3125 861 3194 23.
873 3125 953 3195 coll.
963 3149 998 3192 n.
1009 3123 1082 3210 24.)
1099 3123 1192 3192 dixit

42 3231 144 3301 bonum
167 3235 204 3303 in
228 3236 302 3304 Deo
325 3257 399 3304 esse
422 3233 601 3302 secundnm
625 3236 780 3303 accidens
808 3231 899 3319 (κατα
917 3227 1123 3316 συμβεβηκος)
1150 3253 1189 3300 eo

41 3337 97 3408 lere
117 3366 231 3430 sensu,
251 3366 319 3435 quo
335 3345 458 3413 Patres
473 3344 562 3413 alios
578 3343 731 3414 vidimus
756 3342 993 3412 considerasse
1016 3340 1192 3408 attributa

41 3445 164 3536 divina,
197 3474 287 3544 quae
315 3481 332 3516 a
354 3451 448 3521 circa
482 3452 591 3520 Deum
623 3459 739 3520 sunta
788 3447 849 3535 (τα
883 3471 949 3538 περι
980 3449 1052 3512 θεον
1083 3469 1191 3538 supra

42 3575 67 3639 p.
83 3556 151 3627 128.
169 3559 247 3628 130.
274 3559 381 3644 leo).
408 3558 502 3642 Quia
525 3557 660 3627 scilicet
689 3565 808 3626 nostro
839 3555 1061 3645 intelligendi
1093 3555 1192 3624 modo

43 3664 234 3755 multiplices
258 3665 489 3756 perfectiones
513 3665 549 3732 in
566 3664 639 3734 Deo
663 3663 927 3753 distinguimus,
946 3663 1063 3754 potuit
1080 3662 1189 3731 Athe·

45 3793 170 3860 nagoras
192 3773 453 3864 perfectionem,
480 3795 582 3865 quam
610 3777 777 3862 conceptu
800 3776 920 3839 nostro
951 3791 1054 3838 unam
1086 3769 1191 3838 alteri

44 3877 125 3948 velut
137 3881 308 3968 addimus,
325 3881 503 3972 appellare
518 3879 724 3947 accedentem
749 3901 809 3948 seu
830 3877 996 3945 accidens.
1015 3877 1191 3960 Quomodo

45 3985 116 4054 enin
131 3989 196 4059 alio
211 4013 316 4059 sensu
330 3990 503 4080 potuisset
517 4013 553 4057 n.
568 3987 624 4058 24.
640 3989 754 4077 ipsum
767 3988 856 4055 Esse
870 3985 1050 4053 essentiale
1064 3992 1100 4052 et
1115 3987 1191 4049 nni-

48 4105 130 4162 tatem
148 4095 190 4184 (rc
205 4100 284 4170 ὄντος
301 4093 330 4161 ὸν
347 4122 398 4162 και
415 4120 447 4162 το
464 4094 614 4188 parmate)
642 4119 713 4166 una
738 4119 815 4165 cum
840 4095 992 4160 bonitate
1014 4092 1192 4183 concipere

46 4197 147 4272 inDeo
168 4213 208 4276 ut
230 4203 423 4273 accidentia
439 4227 500 4274 seu
515 4204 633 4296 potius
656 4203 851 4271 accedentia
869 4190 1193 4291 (ἑπισυμβεβηκοτα)1

48 4303 89 4376 Cf.
103 4311 215 4384 Petav.
233 4313 259 4383 1.
270 4313 301 4382 Ι.
317 4336 347 4382 c.
361 4311 417 4381 12.
428 4337 463 4381 n.
478 4312 511 4380 1.

100 4416 138 4485 2.
160 4419 292 4490 Omissa
315 4441 397 4488 vero
414 4417 480 4488 hac
496 4441 615 4488 crassa
639 4417 896 4508 compositione,
918 4417 1018 4485 cuius
1034 4414 1191 4484 exclusio
1258 4479 1267 4499 ,
