3230 5072
391 481 428 554 S.
445 481 603 570 August.
620 475 685 568 Op.
701 474 839 566 imperf.
857 497 888 543 o.
907 367 1022 544 1:12·ss1·
1041 473 1087 544 V.
1105 495 1137 542 c.
1155 473 1211 544 60.
1236 471 1426 543 Permissio
1447 477 1549 542 auten

389 611 458 660 uon
481 597 535 657 est
557 583 762 655 antecedens
785 581 969 668 voluutas,
995 589 1038 651 ut
1060 580 1125 650 fiet
1146 581 1240 652 ectio
1262 581 1340 667 illa,
1359 581 1397 650 in
1419 602 1486 674 qua
1506 585 1550 648 eet

390 696 550 790 prevites
572 693 726 784 peccati,
752 690 813 760 sed
835 711 876 758 ea
899 690 943 759 ed
967 690 1152 782 sequentia
1182 696 1383 760 revocatur.
1411 691 1551 759 Potitius

388 807 483 877 Deus
499 807 686 875 conservat
700 806 882 870 creaturae
897 797 1087 868 facultates
1103 797 1286 868 naturales
1299 805 1335 868 et
1349 797 1549 880 libertatem,

389 935 496 1007 eoque
517 911 594 1003 ipso
617 909 663 980 cd
678 929 795 978 omnes
817 905 984 992 actiones,
1002 903 1151 998 adquae
1175 905 1253 975 eius
1275 905 1425 976 libertus
1448 911 1551 974 utcu·
1609 941 1610 944 π

389 1023 508 1107 ditur,
534 1041 637 1088 sunm
662 1017 767 1086 offert
797 1035 1001 1084 concursum
1031 1018 1069 1082 et
1091 1014 1284 1100 influxum,
1310 1038 1332 1082 c
1354 1036 1423 1106 quo
1454 1011 1552 1084 omuis
1596 1030 1600 1039 ·

389 1149 496 1200 oense
518 1125 669 1196 secunda
692 1123 730 1192 in
752 1122 888 1213 agendo
910 1121 1048 1212 pendet.
1068 1121 1183 1192 Simul
1205 1145 1275 1191 non
1298 1123 1380 1192 vult
1401 1121 1465 1190 ssd
1487 1143 1552 1211 pro
1595 1155 1611 1203 ,¹

391 1239 499 1324 bibet,
526 1243 567 1306 nt
589 1233 758 1304 sotionem
782 1231 821 1299 in
845 1252 913 1323 qua
935 1235 991 1300 est
1012 1231 1193 1320 perversio
1217 1231 1372 1316 morulis,
1398 1231 1553 1300 voluntas
1610 1233 1611 1270 ³

390 1351 508 1416 orecte
522 1343 646 1432 eligat;
667 1338 763 1410 etad
779 1359 847 1406 nou
863 1335 1073 1427 peccandum
1096 1337 1306 1406 sufficieutia
1328 1338 1437 1407 offert
1451 1345 1489 1406 et
1502 1335 1554 1405 dat

388 1453 525 1524 auxilia
546 1451 622 1520 sive
644 1445 821 1517 nctnrclis
844 1446 920 1515 sive
943 1445 1224 1536 supernaturalis
1254 1445 1409 1529 ordinis,
1436 1446 1553 1538 quibus
1611 1480 1612 1484 ¹

390 1561 519 1633 utendo
542 1558 667 1626 saltem
699 1555 756 1624 bic
779 1559 816 1622 et
844 1577 938 1622 nunc
967 1557 1083 1644 potest
1104 1576 1173 1622 uon
1203 1575 1359 1644 peccare.
1391 1553 1555 1642 Negotioc
1611 1589 1612 1594 κ

389 1669 525 1740 auxilia
546 1666 630 1751 elia,
649 1665 681 1734 si
703 1662 875 1734 concessis
898 1669 1062 1732 creature
1084 1661 1140 1730 uti
1163 1661 1266 1748 nolit,
1283 1661 1379 1730 Dens
1401 1683 1473 1730 uon
1488 1659 1552 1746 det
1596 1654 1612 1701 ³

389 1777 465 1846 sive
488 1779 630 1866 propter
653 1771 823 1840 demerita
844 1768 1098 1856 antecedentia3
1117 1770 1192 1838 sive
1208 1768 1293 1862 quie
1306 1791 1376 1837 non
1398 1769 1475 1837 clia
1492 1769 1554 1836 exi·

389 1883 446 1974 git
477 1879 616 1971 sepiens
645 1883 682 1946 et
710 1877 873 1944 ordinate
902 1875 1145 1966 providentia,
1171 1875 1247 1946 sive
1271 1877 1355 1968 quia
1376 1875 1475 1946 Deus
1494 1897 1554 1942 non
1612 1899 1613 1904 ¹

387 1995 528 2060 tenetur
550 1987 588 2054 iu
610 1983 861 2054 distributione
883 1981 1081 2072 graticrum
1097 2007 1134 2052 se
1149 1983 1406 2054 accommodare
1428 1991 1555 2054 creetu-

388 2117 507 2166 rerum
530 2091 698 2176 malitiam
717 2089 805 2174 eive,
823 2089 914 2181 quod
932 2111 1040 2157 nuum
1062 2090 1258 2180 generatim
1273 2091 1390 2160 omnic
1412 2111 1553 2180 compre

390 2201 527 2286 bendit,
553 2197 742 2269 secundum
761 2195 909 2265 consilis
931 2201 968 2264 et
988 2195 1122 2265 iudicia
1144 2218 1209 2266 sua
1231 2219 1365 2288 semper
1381 2206 1504 2267 sanctu
1523 2205 1553 2266 et

389 2311 497 2394 iusta,
523 2307 622 2376 nobis
638 2311 755 2373 antmu
770 2305 983 2394 incomperta
1000 2309 1037 2373 et
1051 2304 1309 2375 inscrutabilia.
1327 2307 1423 2376 Haec
1446 2313 1553 2374 sutem

389 2415 522 2500 omnis,
549 2413 767 2483 conservatio
789 2409 986 2496 libertatis,
1011 2417 1158 2502 perotus
1185 2433 1394 2499 concursus,
1419 2415 1553 2502 negatio

388 2523 538 2593 ullorum
560 2519 774 2590 auxiliorum
804 2519 977 2588 concessis
1007 2519 1278 2606 sufficientibus,
1304 2521 1455 2592 noudum
1477 2527 1553 2590 suut

389 2633 468 2723 ipsu
487 2629 682 2722 permissio,
698 2627 731 2696 si
753 2649 815 2718 per
837 2649 874 2696 se
896 2626 1172 2712 considerentur,
1189 2636 1363 2720 quatenns
1386 2629 1553 2720 pertinent

388 2737 435 2808 ad
449 2736 730 2809 constituendum
745 2741 864 2804 ectum
879 2733 1042 2825 primum:
1060 2733 1119 2804 sed
1135 2743 1219 2806 sunt
1233 2737 1428 2828 permissio,
1445 2745 1552 2830 quate·

389 2868 455 2916 nus
470 2869 540 2912 cuo
555 2869 628 2912 cum
651 2843 728 2910 illic
744 2855 793 2908 cst
802 2843 979 2931 praevisio
990 2845 1141 2932 peccota}
1157 2842 1215 2913 vel
1230 2844 1269 2912 in
1291 2853 1375 2914 ectu
1399 2845 1549 2928 secundo,

389 2967 557 3046 quatem
579 2953 849 3018 concomitantia·
871 2947 1015 3016 liberum
1036 2954 1210 3039 pecccatis
1232 2950 1548 3020 determinationem.

454 3059 574 3131 Omnis
587 3079 690 3150 porro
705 3055 843 3142 volitio,
857 3077 956 3124 omne
971 3057 1159 3142 decretum,
1174 3059 1276 3128 cuius
1290 3060 1439 3129 effectus
1452 3067 1551 3129 treus

388 3168 464 3238 iens
485 3174 541 3237 est
570 3167 608 3234 in
637 3171 810 3256 tempore,
835 3165 874 3234 in
895 3163 968 3234 Deo
991 3171 1046 3234 est
1068 3165 1235 3236 volantes
1261 3173 1419 3238 aeterne.
1450 3171 1549 3253 Quae

387 3275 481 3344 ritnr
503 3297 607 3364 ergo,
633 3279 753 3342 utrum
775 3273 900 3342 sultam
923 3273 1101 3343 decretum
1130 3283 1310 3344 aeternnm
1335 3275 1550 3366 permittendi

387 3388 489 3452 ectus
511 3381 632 3466 mulos,
655 3381 687 3450 si
708 3380 736 3448 ii
758 3404 801 3449 ex
823 3381 930 3450 dictis
953 3403 1021 3449 non
1043 3383 1355 3472 praedefiniuntur,
1373 3385 1430 3455 ita
1451 3409 1486 3456 se
1499 3385 1548 3452 he·

388 3489 480 3574 beat,
499 3495 541 3558 ut
555 3489 592 3556 in
614 3487 690 3572 illo,
708 3487 927 3556 antecedenti
950 3509 1083 3556 omnem
1105 3489 1361 3578 praevisionem
1385 3493 1464 3562 sive
1485 3515 1548 3562 cou-

387 3595 595 3666 ditionetem
612 3595 688 3664 sive
701 3593 898 3664 absolutam
913 3593 1044 3664 liberae
1059 3595 1361 3668 determinationis
1377 3599 1547 3681 bumanec,

387 3703 609 3774 contineatur
630 3703 774 3794 propria
795 3703 900 3788 retio,
919 3703 1043 3795 inque
1057 3703 1153 3774 Dens
1169 3707 1232 3774 hos
1246 3711 1349 3775 ectus
1371 3709 1545 3798 praesciat.
1583 3711 1586 3719 '

386 3811 667 3902 Respondemus:
692 3811 730 3878 in
754 3809 852 3895 illis,
878 3831 966 3904 quae
989 3811 1169 3901 pertinent
1197 3813 1241 3882 sd
1264 3820 1383 3883 ectum
1413 3816 1547 3907 primun

385 3919 681 4004 constituendum,
700 3939 763 4008 par
778 3941 815 3988 se
838 3919 1007 4010 spectetis
1024 3941 1093 3988 non
1109 3926 1165 3989 cst
1179 3919 1424 3992 infallibiliter
1438 3943 1545 4011 coguo-

385 4025 521 4094 soibilis
549 4031 650 4094 sotus
673 4025 882 4115 possetint
906 4031 1045 4094 constat
1071 4047 1114 4094 ex
1140 4025 1247 4096 dictis
1272 4051 1308 4096 n.
1326 4027 1358 4096 Ι.
1376 4025 1546 4118 Cognoscit

384 4141 499 4200 tumen
516 4131 611 4202 Deus
626 4131 882 4216 infallibiliter,
901 4137 943 4200 ut
957 4131 1110 4201 iuferius
1133 4131 1441 4220 demonstrabitur,
1459 4152 1543 4224 quen

385 4245 503 4308 actum
526 4239 622 4310 inter
644 4261 762 4308 omnes
784 4239 969 4330 possibiles
991 4237 1161 4308 voluntas
1191 4247 1309 4310 creste
1340 4242 1407 4310 snb
1434 4235 1542 4332 quevis

386 4341 576 4432 hypothesi
599 4349 693 4414 esset
714 4343 887 4413 electura:
912 4367 982 4412 non
1005 4345 1108 4435 quasi
1131 4351 1231 4416 ectus
1254 4345 1426 4416 secundus
1447 4343 1541 4412 deter-

387 4448 542 4518 minutus
564 4449 806 4520 contineretur
828 4451 1075 4541 cognoscibilis
1092 4453 1129 4522 in
1145 4459 1227 4524 ectu
1250 4453 1363 4545 primo
1380 4451 1434 4524 vel
1448 4451 1482 4520 in
1494 4447 1538 4515 dt
