3360 5060
917 393 954 408 ..
977 365 1036 423 68⁴
1059 393 1096 410 ...

483 475 529 540 3‘.
549 471 649 554 Quod
662 470 874 559 probaverat
891 466 1084 556 Apostolus
1096 466 1267 555 exemplis
1283 467 1479 534 vocationis
1494 465 1581 534 Iesse

418 591 454 650 et
476 581 591 660 Iacob,
611 597 701 644 mere
717 574 911 664 gratuitam
933 596 1008 642 esse
1031 574 1252 663 adoptionem
1268 573 1305 640 in
1322 573 1490 662 populum
1511 574 1581 640 nori

419 687 634 756 Testamenti
657 695 693 751 et
715 679 1001 749 iustificationem
1025 703 1085 770 per
1108 679 1211 747 fidem
1235 679 1316 749 lesu
1339 679 1489 762 Christi,
1517 680 1582 761 nul·

417 797 518 886 loque
542 793 619 860 iure
641 791 805 870 debitam,
831 811 899 856 nou
925 797 1061 876 poterat
1082 810 1149 854 non
1173 810 1292 856 oreare
1316 811 1479 876 magnam
1508 788 1582 854 diffi-

418 901 584 972 cultatem
598 897 824 990 praeiudiciis
837 895 1054 964 Indaeorum.
1077 927 1092 958 ι
1112 893 1206 976 Quid
1218 917 1303 984 ergo
1314 895 1485 976 dicemus,
1499 917 1583 960 nnm-

419 1011 504 1104 qnid
520 1009 691 1101 iniquitas
707 1005 799 1096 apud
816 1002 976 1072 Deumln
997 1027 1032 1071 v.
1049 1003 1103 1070 14.
1120 1002 1217 1071 Unde
1233 1001 1428 1092 Apostolus
1446 1001 1586 1070 ulterius

418 1121 530 1188 eatis
552 1121 753 1205 scripturos
775 1113 977 1182 oontirmara
1001 1112 1170 1194 instituit,
1190 1111 1365 1203 quodiam
1383 1111 1586 1200 probaverat

418 1227 587 1318 exemplis
616 1223 760 1313 typicis.
795 1221 920 1304 Absit,
952 1227 995 1286 nt
1024 1217 1195 1304 iniquitas
1226 1225 1372 1308 putetur
1403 1241 1483 1286 asse
1505 1215 1586 1307 apud

419 1337 551 1419 Deum3
569 1357 647 1400 nam
670 1346 745 1399 tum
770 1327 1019 1418 praerogativa
1046 1325 1165 1415 populi
1191 1326 1296 1394 electi
1313 1325 1357 1392 V.
1373 1325 1420 1392 Τ.
1439 1339 1515 1392 tum
1537 1324 1586 1390 ai-

420 1444 516 1534 optio
547 1442 584 1508 in
607 1437 773 1528 populum
799 1431 863 1502 Dei
890 1441 926 1502 et
949 1433 1156 1502 instititutis
1179 1433 1224 1501 N.
1244 1433 1286 1502 Τ.
1311 1443 1367 1500 est
1390 1432 1536 1500 Iudaeis
1554 1455 1587 1498 aa

419 1552 598 1642 gentibus,
618 1546 677 1636 qui
694 1545 837 1631 iusuper
854 1564 970 1610 omnes
983 1542 1150 1611 defecisse
1165 1563 1187 1608 a
1199 1543 1315 1632 gloria
1324 1543 1392 1611 Dei
1406 1537 1504 1628 (111.
1517 1541 1587 1624 23.)

420 1661 489 1728 iam
512 1651 742 1724 demonstrati
764 1663 859 1732 sunt,
880 1649 1080 1718 beneficium
1097 1651 1302 1732 indebitum,
1317 1651 1411 1740 qnod
1427 1649 1525 1718 Deus
1540 1647 1588 1717 oui

420 1765 566 1844 oontert,
592 1761 727 1828 confert
749 1779 791 1824 ex
816 1779 912 1825 mera
936 1757 1185 1842 miserirordia3
1210 1780 1277 1824 non
1301 1765 1422 1824 autem
1441 1757 1526 1824 haee
1541 1779 1588 1823 su·

419 1864 656 1960 pernataralis
685 1862 844 1953 dignitas
879 1875 933 1932 est
963 1865 1102 1934 lrnotns
1133 1864 1367 1932 contentionis
1397 1869 1438 1931 st
1469 1863 1588 1930 laboris

419 1975 575 2044 hnmani.

483 2081 579 2148 Haeo
601 2079 783 2146 liberrima
805 2079 871 2146 Dei
887 2080 1126 2148 misericordia
1140 2103 1226 2168 erga
1241 2079 1399 2146 homines
1417 2079 1511 2146 nihil
1526 2078 1587 2146 tale

419 2197 588 2256 merentes
599 2185 861 2254 demonstratur
873 2187 1084 2254 auotoritste
1096 2186 1290 2254 testimonii
1302 2186 1434 2254 divini.
1453 2217 1471 2250 a
1484 2185 1585 2274 moysi

417 2293 508 2364 enim
532 2293 632 2360 dieit:
657 2293 839 2358 miserebor
861 2295 957 2358 caius
974 2298 1144 2374 misereor,
1160 2311 1193 2358 et
1210 2293 1487 2360 misericordiam
1501 2316 1584 2379 prae

416 2401 513 2469 stabo
521 2448 531 2482 ,
564 2403 660 2466 enias
690 2400 871 2466 miserebor
895 2427 911 2460 a
932 2425 967 2468 v.
984 2401 1037 2468 15.
1063 2401 1253 2492 Desumpta
1275 2411 1330 2469 est
1352 2402 1531 2470 sententis
1550 2421 1584 2466 ex

417 2509 529 2580 Exod.
545 2505 719 2574 XXXIII.
735 2507 789 2591 19,
807 2507 865 2576 ubi
877 2507 998 2598 Moyse
1011 2517 1155 2599 rogante
1168 2511 1320 2598 gratiam
1332 2512 1454 2598 gratis
1465 2510 1582 2586 datan,

418 2615 601 2706 specialem
618 2637 738 2704 nempe
750 2621 786 2684 et
798 2616 1113 2684 extraordinariam
1126 2617 1447 2688 manifestationem
1464 2617 1584 2706 gloriae

417 2724 483 2792 Dei
498 2723 534 2791 in
551 2723 846 2792 confirmationem
861 2724 1112 2814 promissionis,
1127 2725 1218 2816 quod
1231 2725 1401 2792 Dominus
1418 2725 1496 2815 ipse
1510 2733 1583 2791 tan·

418 2855 519 2923 quam
536 2831 607 2899 dux
623 2837 660 2898 et
675 2837 793 2898 custos
804 2831 842 2898 in
855 2831 967 2900 medio
981 2831 1100 2922 populi
1117 2835 1262 2902 futurus
1273 2841 1340 2914 est,
1354 2833 1454 2900 Deus
1472 2830 1583 2901 annuit

418 2936 580 3028 petitioni
595 2937 804 3026 promittens
820 2937 1020 3006 huiusmodi
1035 2940 1286 3028 apparitionem
1299 2962 1382 3006 snae
1394 2939 1531 3027 gloriae
1540 2937 1583 3004 iu·

417 3059 475 3116 tra
497 3055 610 3116 certos
633 3044 777 3114 limites.
800 3075 816 3108 ι
834 3046 1039 3135 Respondit:
1063 3071 1127 3136 ego
1151 3047 1327 3116 ostendam
1351 3049 1583 3116 omnebonum

329 3135 333 3148 ’
417 3153 496 3236 tibi,
521 3159 558 3222 et
581 3153 710 3220 vooabo
734 3151 770 3218 in
794 3152 932 3220 nomine
955 3151 1094 3220 Domini
1117 3175 1231 3222 eoram
1248 3165 1294 3222 te.
1316 3181 1332 3214 n
1350 3154 1393 3222 In
1417 3159 1520 3222 textu
1536 3149 1582 3217 ire·

418 3261 547 3329 braiao:
568 3283 662 3358 u'ego
685 3261 839 3327 transire
863 3259 990 3328 faniam
1013 3267 1121 3327 totam
1153 3260 1453 3349 pulchritudinem
1485 3280 1582 3327 meam

416 3369 653 3454 (maiestatem
676 3372 806 3450 meam)
823 3389 927 3456 super
944 3380 990 3452 te,
1009 3373 1046 3435 et
1061 3367 1275 3436 annuntiabo
1290 3391 1414 3436 nomeu
1433 3381 1519 3440 mm
1536 3389 1580 3434 oo·

417 3499 491 3543 ram
514 3483 561 3558 te,
583 3501 597 3536 n
616 3497 684 3542 non
700 3481 772 3540 tam
799 3497 880 3542 vooe
904 3474 1061 3542 sensibili
1079 3497 1181 3566 quarn
1197 3473 1438 3563 illustratione
1454 3477 1581 3543 interna

416 3583 650 3674 cognitionem
673 3583 910 3650 sublimiorem
933 3582 1104 3651 essentiae
1128 3603 1221 3650 meae
1252 3581 1318 3650 tibi
1346 3581 1578 3673 impertiendo.

416 3693 509 3760 Huio
533 3689 783 3780 pollicitationi
808 3689 902 3758 Deus
925 3690 1111 3778 subiungit
1132 3689 1369 3779 epiphonema:
1391 3721 1408 3754 a
1427 3716 1506 3757 nom
1526 3689 1578 3754 ai-

416 3823 526 3868 uereor
549 3801 644 3865 ouius
668 3801 839 3878 misereor,
865 3811 897 3863 et
920 3796 1190 3864 misericordiam
1210 3813 1349 3886 praesto
1380 3802 1438 3864 eoi
1460 3797 1576 3863 misai·

416 3905 568 3973 cordiam
583 3917 720 3993 praesto
735 3929 751 3964 e
767 3903 830 3989 (1).
846 3903 903 3970 Ita
919 3903 956 3970 in
972 3902 1147 3986 hebraico,
1161 3925 1287 3992 graeoo
1308 3903 1420 3990 Lxx,
1434 3905 1573 3992 syriaco,

415 4021 555 4114 tergum
579 4010 740 4094 Onkelos,
766 4018 870 4101 atque
894 4009 947 4077 ita
962 4011 1051 4078 eitat
1066 4011 1138 4100 ipsa
1155 4011 1356 4100 Apostolus.
1373 4011 1415 4079 In
1431 4010 1574 4099 Vulgata

479 4269 645 4395 <trem
663 4281 856 4388 notras
876 4269 1187 4388 ’sarsinatis
1205 4270 1495 4389 waso-umor
1518 4294 1568 4381 ιι

643 4426 774 4518 mma
805 4411 967 4519 nasus
998 4425 1143 4526 'reon
1171 4413 1243 4519 rs
1278 4415 1440 4522 rosus
1476 4411 1567 4514 ἰιι
