3230 5072
895 371 933 386 -
956 340 1015 400 tle
1036 371 1074 387 -

383 469 385 474 ·
404 443 471 532 (th.
482 441 654 512 XXXIII.
665 442 811 530 xum).
828 443 870 511 Iu
886 441 983 514 hisce
998 443 1181 536 principiis
1197 467 1240 514 ex
1255 445 1401 516 Petrum
1416 441 1563 512 doctrina

405 551 620 635 certissimis,
639 549 732 620 utin
748 550 987 640 superioribus
1002 550 1162 621 thesibus
1183 553 1291 622 etiam
1314 549 1499 621 secundum
1514 570 1562 615 ve

405 657 573 728 tustiores
592 657 729 726 scholae
748 657 939 748 Magistros
954 663 992 728 et
1006 659 1212 728 nominatim
1231 658 1420 729 secundum
1436 656 1474 726 S.
1484 654 1563 722 'Pho

406 787 495 834 mam
520 765 854 852 demonstravimus,
880 766 1074 838 sistendum
1096 774 1201 838 esest.
1229 767 1434 837 hinloerunt
1460 771 1564 832 tamm

405 871 560 961 theologi
574 871 689 940 iudea
703 871 842 940 labente
857 872 996 946 saeculo
1004 873 1103 944 XVI.
1114 873 1183 944 huc
1195 874 1390 943 transferre
1405 870 1564 964 queastio

404 1002 466 1050 nes
480 977 769 1070 litigiosissimas,
787 1000 874 1070 quae
889 979 1065 1071 propriam
1082 979 1196 1051 sedern
1211 979 1381 1050 haberent
1396 977 1566 1070 partimin
1607 997 1609 1000 ·

403 1086 636 1179 philosophia,
649 1086 708 1155 ubi
719 1086 841 1176 agitur
853 1085 895 1156 de
910 1087 1069 1178 generali
1082 1111 1242 1156 coacsm
1254 1088 1376 1158 divino
1392 1109 1455 1156 seu
1467 1085 1509 1154 dc
1523 1085 1566 1153 de·

404 1194 593 1287 pandentia
616 1200 856 1264 creaturarum
879 1196 917 1264 in
940 1196 1113 1286 operando
1135 1217 1157 1264 a
1179 1217 1286 1266 causa
1307 1195 1433 1287 prima,
1451 1193 1566 1285 partin
1602 1247 1609 1251 .

404 1305 442 1374 in
463 1309 621 1374 tractatu
644 1303 686 1374 de
709 1303 839 1393 gratia,
858 1302 919 1372 ubi
934 1304 1118 1396 quaeritur
1140 1303 1184 1372 de
1200 1304 1374 1386 liber-ecte,
1392 1324 1465 1395 qua
1479 1300 1566 1368 hono

405 1409 733 1504 supernaturalibus
766 1411 905 1480 viribus
928 1413 1065 1502 gratiae
1097 1409 1256 1481 elevatus
1287 1417 1324 1480 at
1353 1412 1564 1480 confortatus

404 1520 503 1590 elicit
525 1527 625 1590 actus
648 1519 859 1590 deliberatos
881 1521 1179 1611 supernaturales.
1204 1519 1278 1590 Nos
1300 1523 1471 1612 quantum
1493 1539 1567 1607 opus

406 1633 472 1713 est,
491 1627 581 1699 hanc
596 1627 868 1718 disputationem
890 1628 1117 1719 attingemus,
1143 1625 1366 1718 supponendo
1390 1624 1567 1717 pleniorem

404 1735 656 1828 principiorum
680 1736 894 1827 quorundam
926 1717 1253 1806 demonstrationem
1276 1757 1318 1805 ex
1341 1733 1425 1802 eliis
1448 1739 1565 1802 traam
1606 1789 1609 1794 Α

404 1843 512 1912 tibus.
538 1843 663 1934 Itaque
687 1843 777 1935 quod
800 1843 837 1913 S.
852 1843 1077 1934 Augustinus
1100 1850 1137 1914 et
1160 1843 1197 1913 S.
1214 1843 1364 1912 Thomas
1386 1841 1436 1928 (1.
1464 1868 1498 1934 q.
1520 1841 1565 1908 14.
1608 1897 1609 1902 ,

405 1971 438 2018 a.
457 1949 508 2036 8.)
526 1948 657 2040 aliique
680 1971 796 2019 omnes
820 1950 955 2036 docent,
982 1951 1044 2020 ubi
1066 1957 1179 2042 agunt
1201 1951 1243 2020 de
1266 1949 1442 2020 creatione
1466 1971 1566 2020 rerum

404 2063 442 2127 et
470 2057 512 2126 de
540 2055 630 2128 ideis
652 2057 907 2128 effectricibus:
935 2082 1037 2128 «non
1061 2059 1138 2129 ideo
1167 2082 1224 2130 res
1255 2059 1418 2130 sciuntur
1439 2080 1465 2125 a
1486 2058 1564 2138 Deo,

406 2164 489 2257 qnia
507 2171 603 2250 sunt,
621 2165 681 2234 sed
697 2165 774 2236 ideo
790 2173 874 2236 sunt
890 2168 973 2259 quia
995 2168 1158 2238 sciuntur
1171 2195 1202 2254 s,
1220 2167 1257 2236 id
1280 2173 1393 2236 totum
1416 2163 1565 2234 nonnuhi

405 2295 448 2342 ex
471 2273 546 2342 illis
561 2273 735 2364 theologis
757 2275 1018 2348 transferebant
1039 2275 1084 2344 ad
1107 2281 1208 2346 actus
1230 2275 1359 2344 liberos
1381 2279 1563 2354 creaturae,
1608 2331 1609 2336 ,

406 2381 497 2451 nihil
524 2381 671 2452 solliciti
701 2383 742 2452 de
773 2383 1006 2454 disertissima
1035 2385 1220 2455 eorundem
1243 2385 1390 2453 Petrum
1419 2381 1565 2453 doctrina
1608 2403 1609 2428 ¹

406 2489 689 2576 contradictoria,
708 2491 845 2584 quando
860 2493 1039 2584 explicant
1060 2493 1304 2564 habitudinem
1326 2499 1470 2563 actuum
1495 2491 1564 2558 libe

406 2619 524 2668 rorum
544 2597 588 2667 ad
611 2595 794 2668 scientiam
816 2599 986 2670 divinam.
1013 2601 1115 2672 Siout
1136 2623 1221 2691 ergo
1243 2600 1282 2669 in
1304 2599 1491 2670 voluntate
1511 2595 1564 2667 Dei

406 2705 574 2776 creatrice
586 2711 642 2774 est
653 2705 849 2799 adaequata
861 2729 967 2778 causa
981 2709 1190 2779 existentiae
1206 2714 1463 2795 creaturarum,
1473 2715 1563 2800 atque

405 2813 483 2883 ideo
498 2813 535 2882 in
549 2833 591 2883 ea
605 2813 787 2884 voluntate
802 2814 907 2884 etiam
923 2817 1168 2906 cognoscibilis
1183 2822 1238 2886 est
1252 2817 1444 2886 existentia
1461 2835 1563 2885 creau-

406 2921 539 3010 dorum;
558 2922 610 2990 ita
626 2921 799 3012 ponebant
813 2921 870 2991 illi
887 2923 1049 2994 absoluta
1064 2925 1204 2994 decreta
1214 2923 1278 2994 Dei
1292 2921 1564 3014 praedefinieutia

406 3051 522 3098 omnes
546 3035 645 3099 actus
661 3029 789 3099 liberos
813 3037 1054 3102 creaturarum
1072 3039 1154 3102 ante
1171 3055 1301 3102 omnem
1324 3031 1562 3122 praevisionem

406 3143 547 3206 actuum
570 3135 758 3206 liberorum
782 3139 820 3206 in
843 3162 878 3208 se
902 3140 1010 3231 ipsis,
1037 3163 1114 3210 cum
1137 3140 1239 3209 immo
1263 3142 1301 3208 in
1324 3139 1400 3209 illis
1430 3137 1563 3210 decretis

405 3245 536 3314 liberos
558 3251 659 3315 actus
682 3247 776 3337 ipsos
800 3248 941 3317 futuros
965 3249 1059 3318 Dens
1083 3247 1204 3319 videat
1224 3255 1401 3341 tanquam
1432 3250 1561 3318 effectus

406 3351 443 3420 in
459 3373 523 3420 sua
538 3373 656 3422 causa.
673 3351 976 3423 considerabimus
999 3353 1122 3425 divina
1143 3355 1284 3426 decreta
1306 3377 1369 3425 sau
1392 3355 1563 3426 volitiones

405 3457 599 3528 effectrices
623 3458 656 3525 1ο
679 3465 721 3528 ut
743 3461 949 3530 referuntur
979 3461 1024 3531 ad
1053 3470 1169 3532 actum
1200 3463 1351 3553 primum
1381 3464 1560 3553 proximum

406 3565 601 3636 voluntatis
625 3571 773 3654 creatae,
791 3567 826 3634 2·
842 3574 884 3637 ut
899 3570 1103 3640 referuntur
1118 3572 1293 3662 adipsum
1315 3578 1435 3640 actum
1460 3591 1561 3640 secun

406 3675 488 3744 dum
504 3673 664 3762 liberum,
682 3675 724 3741 δ”
739 3675 993 3764 concludemus,
1016 3699 1104 3771 quae
1128 3679 1176 3747 sit
1192 3678 1367 3748 obiectiva
1387 3680 1480 3748 ratio
1498 3697 1560 3768 pro

405 3777 485 3870 pria
499 3783 535 3848 et
550 3775 625 3846 sola
648 3778 875 3865 universalis,
894 3804 956 3851 our
971 3789 1072 3852 actus
1094 3781 1198 3851 liberi
1222 3783 1487 3854 constituantur
1505 3789 1559 3852 tar·

406 3887 522 3956 minus
537 3884 705 3956 scientiae
722 3887 883 3956 visionis.

465 3993 502 4062 .1.
527 3993 641 4064 Caum
663 3996 815 4066 secunda
838 3994 949 4065 libera
972 3996 1137 4082 existens,
1156 3996 1344 4090 eademque
1359 3999 1495 4070 viribus
1509 4019 1558 4088 pm

406 4102 614 4172 diversitate
637 4110 778 4174 actuum
802 4103 1025 4173 naturalibus
1047 4111 1184 4174 tantum
1209 4103 1267 4174 vel
1283 4105 1389 4175 etiam
1413 4125 1557 4200 superna·
1606 4175 1607 4204 ,

404 4208 582 4280 toralibus
604 4210 792 4296 instructa,
811 4216 847 4280 et
862 4211 899 4279 in
923 4209 1101 4282 libertatis
1124 4233 1208 4282 suae
1231 4213 1399 4284 exercitio
1422 4237 1487 4284 non
1507 4214 1555 4280 in·

404 4316 525 4410 pedite
547 4318 740 4388 necessario
763 4318 1070 4410 praesupponitur,
1091 4325 1133 4390 ut
1154 4327 1255 4390 actus
1271 4320 1362 4391 liber
1377 4324 1555 4412 possitesse

407 4427 564 4495 iuturus.
586 4426 697 4519 Atqui
721 4427 806 4496 haec
830 4427 944 4496 omnia
965 4431 1002 4496 et
1024 4427 1166 4518 singula
1189 4429 1441 4510 constituentia
1462 4441 1554 4496 cetae
