3230 5072
519 347 697 410 -871-

451 617 594 679 THESIS
616 616 762 679 XXXVI.

46 775 118 851 ipra
140 776 264 834 divino
284 775 423 834 urentia
444 779 490 831 cet
510 773 649 850 infinito
670 772 847 831 intellectio
868 779 898 830 ct
919 771 1166 847 comprehensio.

88 990 102 1017 ι
122 961 266 1034 Quonim
285 971 360 1024 Dent
385 970 507 1038 spirituo
526 973 571 1023 eet
592 969 724 1023 infinitus
749 972 780 1022 et
798 968 1046 1037 elmpllcleeimun‚
1066 968 1130 1024 ideo
1148 973 1194 1023 ent

29 1061 212 1114 absolutae
238 1064 319 1114 natue
343 1057 562 1114 intellectualia.
592 1058 685 1122 Quare
708 1060 784 1112 nient
805 1060 881 1112 Daue
900 1056 1050 1111 secundum
1069 1057 1193 1126 plenltn·

30 1169 40 1192 ι
58 1147 156 1201 dinem
174 1148 361 1216 perfeetionis
379 1150 425 1201 eet
443 1161 540 1202 verum
559 1146 721 1200 absolutum
739 1147 850 1200 induite
868 1145 1068 1212 cognoscibile,
1089 1147 1133 1200 lta
1150 1159 1192 1199 ee·

29 1259 39 1282 ·
58 1237 181 1290 cundum
200 1237 277 1304 quod
300 1241 345 1290 cet
362 1240 442 1290 actae
457 1235 677 1302 intellectualis,
690 1239 735 1290 eet
748 1249 815 1288 anae
828 1233 960 1288 infinitae
973 1234 1116 1288 eenentiec
1129 1248 1192 1301 per·

29 1347 40 1372 ·
59 1325 134 1380 lecte
152 1325 367 1394 comprehensio
383 1325 623 1380 subeuntlaliem

87 1538 202 1608 Deum
224 1559 298 1606 eeea
321 1535 514 1606 absolutam
536 1535 780 1628 perfectionem
803 1558 844 1606 ac
867 1539 1113 1630 consequenter
1135 1558 1193 1606 ve·

29 1666 99 1712 rum
122 1643 345 1730 absolutum,
371 1650 408 1714 et
429 1667 503 1715 esse
525 1644 840 1735 simplicissimum,
865 1649 902 1713 et
923 1665 998 1713 esee
1028 1642 1192 1734 spiritum

31 1751 237 1839 perfectione
259 1752 436 1822 infinitum
465 1752 503 1820 in
534 1751 770 1841 superioribus
800 1751 982 1840 probatum
1009 1758 1074 1820 est.
1101 1751 1195 1834 Quin

32 1879 105 1948 ergo
128 1859 280 1949 spiritua
302 1865 374 1945 eet,
399 1859 617 1950 intelligitur
645 1880 719 1928 eene
742 1857 959 1943 substantia,
986 1859 1086 1928 cuiue
1116 1859 1194 1927 vita

33 1975 78 2036 at
97 1969 304 2054 intellecti03
330 1970 414 2060 quia
434 1967 714 2058 simplicissimus
737 1973 802 2053 eet,
828 1967 1018 2036 intellectio
1041 1968 1117 2036 eine
1139 1973 1194 2036 eet

35 2075 240 2162 ipeadivina
262 2075 472 2163 substantie3
502 2076 700 2167 pariterque
723 2097 785 2143 neo
802 2080 856 2142 eet
878 2097 940 2144 nec
962 2073 1098 2165 concipi
1117 2078 1192 2163 pot·

33 2189 80 2250 eet
107 2185 147 2251 in
170 2182 339 2273 potentia,
358 2182 418 2252 sed
441 2182 633 2252 necessario
656 2188 710 2251 eet
733 2179 900 2268 ἐντελεχεια
924 2187 961 2250 et
983 2181 1192 2272 purissimus

36 2295 127 2360 ectus
150 2289 412 2360 intellectionie.
459 2351 463 2366 ,

92 2398 186 2481 Quia
207 2404 323 2466 tamen
345 2396 439 2466 alius
460 2403 515 2466 eet
537 2403 722 2488 conceptue
743 2396 914 2467 essentiae
929 2401 967 2465 et
985 2394 1192 2465 intellectio·

37 2503 93 2588 nie,
115 2526 189 2573 noa
212 2505 255 2572 ab
276 2503 390 2573 altera
415 2504 603 2574 secundum
633 2504 803 2574 rationem
832 2502 1079 2593 distinguitur.
1105 2503 1194 2570 Eece

37 2609 138 2698 igitur
160 2612 359 2681 absolutum
381 2611 418 2680 in
441 2611 697 2702 comparatione
729 2635 806 2681 cnm
829 2609 1065 2680 intellectione
1087 2609 1193 2678 habet

37 2719 194 2789 rationem
224 2719 350 2788 obiecti
379 2719 646 2808 cognoscibilie3
672 2723 708 2788 et
742 2718 825 2810 quia
848 2723 901 2785 est
923 2717 1011 2784 Eece
1032 2715 1192 2784 infinitae

38 2826 268 2911 perfectionis,
294 2832 348 2895 est
369 2825 546 2894 inlinitum
569 2825 674 2896 etiem
697 2825 734 2893 in
756 2825 891 2893 ratione
914 2821 1191 2914 cognoscibilite-

38 2931 76 2998 tin
97 2934 171 3004 eive
194 2933 232 3003 in
254 2933 390 3004 ratione
413 2935 512 3018 veri,
538 2935 596 3004 cni
618 2933 718 3003 nulla
741 2931 934 3002 intellectio
957 2931 1028 2999 nisi
1051 2929 1193 3000 infinita

40 3042 176 3123 perfecte
200 3041 388 3134 adaequari
410 3045 537 3132 potest.

93 3148 198 3218 Porro
219 3155 321 3218 actus
343 3147 487 3218 divinus
516 3148 720 3238 intelligens
742 3153 797 3217 eet
819 3169 928 3240 aeque
952 3145 1125 3231 infinitus,
1151 3167 1192 3214 eo

41 3249 202 3325 infinitum
223 3260 279 3324 eet
292 3255 541 3325 intellectionie
564 3255 746 3338 obiectum,
772 3254 855 3347 qnia
877 3253 1020 3324 realiter
1039 3243 1092 3320 ¹eet
1113 3252 1193 3342 ipsa

40 3363 176 3431 essentia
199 3361 322 3430 divina
344 3362 524 3453 ipsumque
547 3361 728 3432 obiectum.
749 3363 817 3430 Est
838 3384 920 3451 ergo
943 3358 1192 3429 intellectionie

42 3475 124 3538 actua
146 3493 212 3538 eno
234 3469 367 3538 obiecto
389 3469 527 3537 infinito
551 3471 702 3559 perfecte
726 3469 1025 3560 proportionatum

95 3575 176 3645 (lum
199 3576 347 3667 denique
372 3575 564 3645 intellectio
597 3576 646 3644 eit
675 3575 880 3667 adaequatio
911 3573 1113 3644 intellectus
1145 3573 1190 3643 ad

42 3680 205 3768 obiectum,
232 3683 292 3752 ubi
315 3683 464 3753 actualis
487 3683 679 3753 intellectio
701 3683 841 3752 infinita
865 3683 1008 3753 realiter
1027 3688 1082 3750 eet
1095 3680 1190 3750 iden·

42 3784 100 3854 tica
130 3813 208 3860 cum
241 3789 317 3879 ipec
351 3790 488 3858 infinito
523 3790 654 3860 obiecto
694 3791 882 3860 secundnm
917 3811 1046 3858 omnem
1083 3787 1188 3857 ratio·

44 3913 102 3964 nen
123 3897 198 3967 eine
221 3897 379 3966 infinitae
410 3897 741 3988 cognoscibilitatie‚
770 3897 820 3966 ibi
851 3904 906 3966 eet
931 3918 1013 3966 eane
1036 3895 1191 3986 perfecta

45 4001 229 4097 adaequatio
251 4005 452 4076 intellectus
476 4029 553 4074 cnm
575 4007 723 4090 obiecto,
749 4012 916 4098 quantum
941 4009 995 4073 cet
1016 4001 1190 4093 cognosci·

46 4103 109 4178 bile.
133 4113 226 4183 Haec
255 4121 371 4182 antem
394 4113 601 4205 adaequatio
623 4119 678 4182 eet
707 4118 744 4182 et
773 4114 904 4182 dicitnr
932 4112 1188 4200 comprehensio.

48 4211 136 4288 Deum
156 4243 251 4311 ergo,
269 4227 441 4312 quatenus
455 4227 510 4291 eet
526 4227 626 4290 cotue
641 4221 800 4290 infinitae
822 4219 1070 4289 intellectionie
1092 4217 1191 4286 adae-

50 4333 154 4411 quatus
174 4329 242 4398 eibi
264 4328 334 4418 ipsi
356 4335 399 4397 ut
420 4351 503 4398 vero
532 4328 670 4398 infinite
693 4328 930 4421 cognoscibili,
956 4326 1191 4416 intelligimus

51 4447 107 4498 tete
125 4434 176 4503 eui
196 4435 311 4526 ipsine
333 4435 521 4525 perlectam
551 4438 890 4526 comprelemionem
913 4441 949 4504 et
979 4433 1062 4525 quia
1090 4439 1191 4500 actua

1030 4557 1046 4593 ἱ
