3292 5062
937 373 975 387 ..
999 341 1057 401 153
1077 374 1116 387 -

443 446 542 516 nobis
564 447 674 515 Deum
702 445 881 535 intelligi,
907 453 943 514 et
965 453 1148 536 propterea
1170 445 1275 514 etiam
1299 445 1466 528 nomina,
1494 441 1625 534 quibus

444 554 633 624 secundum
655 553 720 622 has
743 554 901 623 notiones
932 553 1073 622 divinae
1107 553 1336 644 perfectiones
1366 551 1615 640 designantur,

444 661 583 730 minime
606 683 679 730 esse
702 683 918 750 synonyma3
944 666 1067 730 contra
1089 683 1130 729 ac
1153 661 1209 728 illi
1237 659 1405 728 haeretici
1440 657 1617 726 commini-

444 770 631 837 scebantur
652 771 791 836 nomina
815 769 1037 838 haecomnia
1061 769 1133 836 solo
1157 790 1251 852 sono,
1277 767 1489 836 nullatenus
1506 773 1618 832 eutem

444 877 700 967 significatione
724 877 817 945 inter
829 899 865 946 se
877 877 1032 964 differre;
1059 899 1137 944 uam
1157 907 1173 940 r
1188 898 1276 968 quae
1292 875 1489 944 secundum
1514 873 1606 940 notio

444 1006 521 1052 nem
548 980 625 1069 (κατ’
642 977 782 1070 intuerer)
809 983 987 1068 dicuntur,
1008 969 1044 1052 id
1061 985 1258 1053 nominibus
1280 991 1417 1052 tuntum
1434 985 1532 1052 etin
1549 1004 1618 1072 pro·

445 1091 665 1160 nuntiatione
689 1113 791 1160 suum
815 1115 882 1159 erre
904 1093 1046 1172 habent,
1071 1115 1305 1162 ecunacum
1329 1093 1481 1162 vocibus
1500 1091 1618 1160 dissol-

446 1205 601 1283 vuntur,
629 1225 645 1261 ιι
671 1199 787 1268 aiebat
809 1221 851 1266 ex
875 1223 938 1268 suo
962 1201 1112 1268 absurdo
1142 1199 1392 1270 Nominalismo
1422 1197 1618 1268 Eunomius

444 1303 538 1394 apud
561 1304 733 1373 Basiliam
756 1305 884 1373 l.1.n.
903 1307 936 1374 ὅ.
956 1331 989 1396 p.
1008 1305 1087 1374 216.
1109 1306 1150 1374 Τ.
1170 1307 1201 1372 I.

511 1410 656 1478 Patrnm
678 1411 855 1501 responsio
878 1418 953 1495 est,
979 1413 1166 1481 essentiam
1189 1411 1346 1480 divinam
1378 1433 1456 1479 esse
1482 1411 1616 1502 quidem

444 1516 738 1606 simplicissimam
760 1525 797 1587 et
819 1519 894 1594 sine
919 1519 994 1587 ulla
1017 1520 1243 1589 distinctione
1267 1519 1305 1586 in
1328 1541 1377 1603 se,
1402 1525 1442 1587 at
1459 1541 1540 1588 eam
1556 1541 1625 1584 non

395 1655 401 1672 ¹
445 1631 487 1692 ιιι
509 1625 547 1692 in
570 1645 607 1692 se
629 1631 705 1709 est,
732 1627 791 1694 sed
816 1649 877 1716 per
909 1628 1005 1696 ideas
1036 1627 1194 1716 intelligi
1226 1626 1481 1715 multiplicium
1514 1627 1616 1716 perse

445 1731 611 1814 otionum,
635 1753 722 1822 quas
745 1733 932 1802 secundnm
960 1735 1109 1818 modum,
1135 1757 1203 1826 qao
1225 1757 1288 1802 nos
1317 1757 1438 1802 sumus
1466 1757 1540 1801 non
1557 1754 1616 1822 quo

444 1839 540 1906 Deus
562 1846 628 1922 est,
654 1839 754 1908 velut
776 1839 997 1910 inhaerentes
1021 1841 1233 1932 concipimus
1257 1841 1398 1911 divinae
1428 1840 1612 1922 essentiae,

444 1967 513 2012 non
536 1944 628 2036 quod
651 1945 844 2014 iudicemus
866 1949 902 2016 in
926 1949 998 2016 Deo
1014 1971 1088 2016 esse
1105 1948 1305 2016 huiusmodi
1321 1947 1613 2037 compositionem,

445 2051 504 2120 sed
527 2049 610 2142 quie
632 2051 755 2120 divina
778 2053 926 2144 simplex
951 2057 1119 2146 perfectio
1142 2056 1285 2124 ethaeo
1308 2055 1422 2123 omnia
1445 2063 1516 2138 est,
1535 2073 1625 2144 qnae,

445 2167 558 2226 mente
582 2159 760 2248 concipere
784 2183 986 2250 possumus,
1011 2169 1047 2230 et
1069 2161 1125 2230 his
1147 2162 1251 2250 longe
1274 2162 1496 2230 eminentior.
1517 2157 1613 2246 (Vide

443 2267 497 2334 th.
514 2267 560 2336 X.
579 2274 616 2336 et
638 2266 743 2354 ΧΠ.)

510 2375 709 2445 Difficultas
732 2376 850 2468 itaque
866 2377 904 2445 in
919 2401 958 2448 eo
974 2385 1039 2463 est,
1059 2378 1149 2471 qnod
1165 2379 1197 2447 si
1212 2379 1371 2448 notiones
1393 2385 1538 2446 nostrae
1556 2394 1610 2440 sno

444 2482 592 2552 debeant
614 2484 818 2575 respondere
842 2487 986 2570 obiecto,
1011 2510 1080 2555 non
1105 2487 1271 2556 videntur
1287 2507 1385 2576 posse
1408 2507 1485 2554 esse
1502 2480 1609 2551 multi·

444 2589 553 2679 plicas
576 2590 670 2660 inter
694 2615 730 2660 se
752 2592 914 2662 diversae
938 2615 1020 2684 prae
1044 2594 1176 2662 obiecto
1200 2593 1471 2682 simplicissimo,
1498 2593 1607 2680 inquo

444 2697 544 2766 nulla
566 2707 621 2768 est
642 2699 832 2770 diversitas
855 2701 1024 2794 nullaque
1047 2701 1242 2770 distinctio.
1269 2701 1308 2770 Si
1331 2708 1446 2768 entem
1473 2719 1543 2768 nno
1563 2701 1609 2763 est

444 2807 559 2891 notio,
585 2809 690 2878 etiam
715 2809 855 2876 nomina
879 2831 966 2900 quae
990 2817 1076 2878 sunt
1099 2809 1278 2877 notionum
1302 2809 1424 2898 signa,
1448 2831 1520 2874 non
1543 2825 1606 2893 pos·

444 2921 529 2983 suut
551 2915 588 2982 in
611 2915 846 3005 appellatione
869 2915 970 2984 illius
992 2916 1163 2984 essentiae
1180 2913 1459 3004 simplicissimae
1476 2934 1550 2981 esse
1564 2907 1607 2975 di·

444 3043 565 3089 versae
588 3022 869 3111 significationis,
896 3023 954 3090 sed
980 3023 1118 3090 omnino
1141 3043 1351 3112 synonyma.

510 3128 593 3196 Post
616 3151 656 3197 ee
679 3129 806 3213 omnia,
833 3151 920 3220 quae
943 3129 1122 3221 hucusque
1146 3129 1324 3198 declarata
1347 3136 1448 3210 sunt,
1475 3123 1606 3216 argutia

444 3235 635 3326 sophistice
658 3259 725 3304 nou
741 3237 880 3326 indiget
895 3235 1001 3325 longa
1016 3237 1267 3305 confutatione.
1286 3236 1446 3304 Ceterum
1461 3244 1518 3304 est
1532 3235 1604 3300 hacc

443 3345 561 3413 eadem
584 3343 785 3428 difficultas,
812 3368 900 3436 quae
916 3367 938 3411 a
953 3344 1197 3413 Nominnlibus
1212 3342 1392 3412 nonnullis
1408 3344 1601 3430 urgebatur,

443 3453 526 3520 dum
540 3451 603 3520 Dei
623 3453 852 3542 perfectiones
876 3475 942 3520 non
960 3452 1131 3522 obiectivo
1147 3457 1314 3540 conceptu
1330 3471 1370 3520 ec
1386 3449 1537 3532 nodone,
1554 3441 1602 3512 scd

444 3559 517 3627 solo
540 3559 676 3627 nomine
699 3569 734 3628 et
758 3560 855 3628 modo
878 3569 997 3628 nostro
1027 3583 1098 3628 rem
1128 3559 1270 3628 eandem
1301 3555 1546 3646 multipliciter
1565 3551 1600 3618 si·

444 3666 635 3754 gnificandi
669 3667 844 3756 distingui
877 3668 1068 3752 docebant,
1094 3675 1130 3736 et
1152 3689 1240 3758 quae
1262 3689 1305 3734 cx
1337 3664 1485 3734 adverso
1520 3657 1601 3732 Secti

444 3771 635 3861 discipulos
659 3775 842 3862 permovit,
868 3785 909 3842 ιιι
931 3773 1024 3842 inter
1048 3773 1310 3842 distinctionem
1332 3772 1458 3838 realem
1481 3779 1600 3840 stem

443 3901 530 3972 qnae
552 3879 730 3946 secondum
760 3885 928 3948 rationem
951 3887 1028 3965 est,
1054 3881 1160 3948 aliam
1184 3867 1428 3969 excogitarent
1456 3879 1599 3946 medica.

444 4009 547 4079 quem
565 3987 752 4074 formalem
774 3990 908 4074 dicunt,
927 3996 963 4058 et
978 3990 1072 4056 inter
1096 3989 1237 4057 divinas
1262 3989 1494 4078 perfectiones
1517 3993 1554 4054 ιιι
1571 3983 1598 4048 in

442 4095 514 4162 Deo
537 4101 632 4179 sont,
658 4097 873 4166 intercedere
897 4095 1133 4182 arbitrentur,
1159 4096 1263 4163 immo
1286 4095 1402 4163 eadem
1427 4093 1506 4184 ipsa
1529 4089 1598 4160 diffi-

444 4201 558 4271 cultas
581 4203 779 4272 Gilbertum
803 4207 1033 4272 Porretannm
1058 4203 1195 4272 soeculo
1217 4201 1303 4270 XII.
1330 4203 1367 4270 in
1389 4201 1539 4270 alterum
1554 4219 1596 4264 ex·

443 4315 592 4378 tremum
615 4335 765 4381 errorem
781 4312 925 4402 impulit
935 4311 1171 4380 Eunomianae
1192 4309 1388 4380 confusioni
1404 4309 1541 4377 omnino
1554 4327 1597 4392 op·

444 4419 617 4507 positum;
643 4421 838 4487 affirmabat
860 4419 963 4503 enim,
990 4419 1083 4487 sicut
1105 4418 1262 4486 notiones
1286 4423 1424 4484 nostras
1448 4417 1594 4488 interce
