3262 5076
415 483 533 556 Filius
564 485 716 555 bominis
745 487 877 554 eolnnm
902 380 1030 577 sccii}
1046 485 1138 578 qnod
1160 487 1317 576 perierat
1331 511 1349 546 e
1373 483 1425 552 Io.
1441 482 1508 551 III.
1523 482 1571 568 175

415 591 500 661 XII.
513 593 570 680 473
588 593 718 662 Matth.
732 594 871 662 XVIH.
887 595 942 662 11.
967 593 1064 682 Ergo
1087 593 1255 662 voluntas
1278 591 1415 676 dimna,
1433 595 1473 659 nt
1486 589 1573 658 Chri·

416 705 494 769 stus
511 707 704 770 moreretur
726 725 789 792 pro
813 701 983 786 omnibus,
1001 707 1039 770 et
1054 700 1186 770 oblatio
1201 699 1326 768 mortis
1342 701 1439 768 facta
1453 721 1474 766 a
1487 696 1573 765 Chri-

416 813 470 877 sto
494 807 630 879 homine
646 833 710 901 pro
725 811 884 880 omnibns
898 817 955 880 est
969 811 1126 901 profecto
1148 807 1345 899 (supposito
1366 808 1435 874 iarn
1449 817 1575 896 perraro
1627 819 1628 862 ι

416 915 600 1005 originali)
616 939 659 985 ex
676 917 859 986 voluntate
875 917 1004 986 salutis
1020 915 1185 985 omnium.

479 1023 650 1095 Extensio
666 1026 786 1120 itaque
803 1026 1001 1095 voluntatis
1016 1025 1196 1096 salvificae
1211 1025 1250 1094 in
1264 1023 1480 1094 revelatione
1494 1021 1576 1090 bisce

414 1131 508 1201 notis
532 1132 758 1202 describitur:
776 1135 872 1203 Dens
895 1135 976 1204 vult
998 1133 1146 1204 salntem
1170 1132 1335 1216 omnium,
1354 1130 1576 1224 qnorumipee

413 1239 509 1308 Deus
523 1247 578 1309 est
593 1247 630 1310 et
644 1247 793 1329 creator3
813 1242 895 1311 vult
909 1241 1060 1310 salutem
1076 1239 1240 1326 omnium,
1255 1241 1317 1332 qui
1334 1247 1420 1308 sunt
1436 1238 1577 1306 homines

415 1347 516 1417 illins
539 1349 721 1440 specificae
736 1355 896 1435 naturae,
915 1371 984 1442 qna
999 1349 1164 1419 Christus
1179 1347 1392 1438 Redemptor
1406 1353 1463 1415 est
1477 1346 1574 1426 bono;
1628 1389 1629 1396 κ

415 1455 498 1525 vult
512 1479 574 1547 per
590 1456 769 1527 Christum
785 1459 1078 1527 restaurationem
1101 1457 1146 1526 ed
1170 1457 1321 1526 salntem
1345 1456 1512 1539 omnium,
1528 1452 1577 1544 qni

414 1563 452 1633 in
467 1565 581 1634 Adam
597 1565 811 1636 oeciderunt.
826 1567 917 1637 Vide
929 1566 983 1636 th.
997 1565 1129 1636 XLIX.
1143 1565 1186 1635 L.
1201 1565 1262 1634 LI.
1276 1564 1392 1656 Atqui
1406 1563 1475 1633 hae
1489 1569 1577 1630 notae
1628 1607 1629 1612 κ

415 1671 491 1740 sine
514 1671 590 1740 ulla
613 1673 840 1742 distinctione
866 1695 1062 1742 communes
1090 1678 1176 1742 sont
1198 1671 1397 1742 infantibus
1419 1691 1527 1762 aeque
1545 1689 1576 1736 ae

414 1777 560 1847 adultis.
590 1779 802 1872 «Numquid
818 1779 962 1870 parvuli
985 1779 1142 1850 homines
1164 1802 1233 1847 non
1256 1785 1353 1864 sunt,
1371 1784 1500 1848 utnon
1514 1799 1577 1867 per·

416 1886 554 1956 tineent
570 1887 616 1956 ad
633 1886 683 1972 id,
702 1887 792 1980 qnod
808 1887 942 1957 dictum
957 1893 1013 1956 est
1028 1911 1138 1954 omnen
1155 1887 1321 1954 dominer?
1334 1914 1351 1948 n
1365 1889 1467 1978 Aug.
1477 1891 1576 1955 contr.

413 1993 685 2064 1u1.1v.n.4s.
704 1995 781 2064 Ant
795 2018 879 2084 ergo
895 1995 996 2065 valor
1019 1999 1305 2084 argumentorum
1322 1994 1530 2084 Scripturas
1542 1989 1576 2058 ad

413 2102 626 2191 probandam
649 2103 909 2173 antecedentem
932 2102 1152 2172 voluntatem
1173 2103 1240 2171 Dei
1264 2102 1464 2172 salvificam
1480 2101 1575 2170 111111

415 2209 459 2278 ad
483 2231 599 2280 omnes
622 2209 762 2280 adultos
786 2211 822 2278 in
846 2211 990 2280 dubium
1015 2215 1174 2294 vocatur,
1193 2211 1285 2302 qnod
1308 2211 1470 2300 profecto
1491 2209 1576 2278 netas

414 2321 487 2402 est,
513 2323 549 2386 et
571 2317 649 2386 fieri
671 2317 812 2410 nequit,
839 2318 924 2412 quin
949 2319 1207 2388 labefactentur
1229 2319 1458 2409 probationes
1480 2317 1575 2407 ipsius

413 2424 589 2513 dogmatis
604 2425 743 2494 definiti
765 2425 808 2494 de
831 2425 1015 2494 voluntate
1039 2425 1168 2494 salutis
1189 2433 1226 2496 et
1249 2431 1360 2494 morte
1375 2424 1513 2494 Christi
1526 2443 1575 2513 pro

414 2530 529 2602 salute
552 2531 702 2600 aliorum
726 2555 862 2624 quoqne
886 2553 989 2624 qnam
1012 2532 1367 2623 praedestinatorum:
1385 2539 1454 2602 ant
1476 2551 1575 2602 conce·
1629 2579 1630 2590 a

412 2637 525 2706 dende
540 2643 595 2708 est
611 2637 718 2707 etiam
732 2639 940 2708 antecedens
952 2639 1118 2709 voluutas
1134 2639 1264 2709 salutis
1281 2639 1394 2709 relate
1411 2640 1459 2710 ad
1475 2659 1573 2708 omnes
1629 2693 1630 2698 ,

413 2745 592 2832 infantes3
625 2746 802 2838 utrimque
832 2746 924 2816 enim
955 2748 1143 2839 praecipua
1171 2748 1401 2817 fundamenta
1423 2748 1464 2816 in
1487 2747 1574 2816 verbo

411 2853 478 2922 Dei
501 2853 657 2924 revelato
681 2861 766 2923 sunt
787 2855 918 2924 eadem.
936 2855 1015 2926 Non
1030 2863 1147 2926 umen
1170 2857 1248 2926 ideo
1271 2863 1326 2926 est
1347 2857 1459 2926 etiam
1474 2855 1572 2925 eaden

412 2959 610 3029 voluntatis
626 2959 806 3030 salvificae
819 2962 987 3052 operatio,
1002 2961 1160 3054 idemque
1173 2963 1295 3032 modus
1307 2962 1422 3054 quoad
1434 2964 1573 3032 infantes

412 3073 449 3138 et
471 3067 625 3156 adultos;
643 3075 679 3138 et
695 3073 880 3160 propterea
894 3091 963 3138 non
979 3070 1098 3140 eodem
1113 3071 1213 3141 modo
1228 3094 1264 3141 se
1280 3071 1387 3141 habet
1401 3071 1571 3150 terminus,

412 3197 495 3266 prae
518 3199 586 3268 qno
609 3175 775 3244 voluntas
805 3175 938 3246 dioItur
961 3177 1159 3246 antecedens
1185 3185 1222 3248 et
1245 3202 1475 3271 consequent:
1504 3177 1572 3245 han

414 3283 506 3352 enim
523 3285 675 3375 pendent
690 3307 711 3352 a
727 3284 867 3354 direrao
883 3291 982 3356 stetu
999 3286 1260 3372 salvandorum,
1275 3288 1337 3380 qui
1349 3294 1437 3357 sunt
1448 3306 1572 3378 capaces

412 3391 470 3460 vel
486 3393 668 3482 incapaces
684 3393 837 3462 actualis
849 3395 989 3483 gratiae
1004 3401 1042 3464 et
1057 3395 1207 3464 actionis
1223 3395 1368 3480 liberae,
1386 3403 1496 3488 atqne
1509 3393 1570 3463 ideo

411 3519 433 3564 a
448 3498 656 3570 diversitate
673 3499 862 3570 mediorum
879 3501 1022 3570 salutis.

477 3605 545 3676 Sed
568 3614 755 3701 antequam
771 3609 1037 3698 progrediamur
1052 3611 1098 3680 ad
1114 3609 1400 3696 declarationem,
1420 3606 1569 3704 quomodo

413 3735 449 3782 se
473 3714 600 3784 habeat
623 3715 688 3784 illa
711 3714 909 3783 antecedens
939 3717 1106 3786 voluntas
1138 3718 1251 3810 quoad
1275 3741 1393 3787 omnes
1417 3719 1566 3794 infantes,

411 3823 621 3894 removenda
638 3831 692 3894 est
707 3823 897 3894 difficultas
913 3833 1034 3894 contra
1051 3825 1377 3916 interpretationem
1393 3821 1568 3897 testimonii

411 3933 590 4023 praecipui
606 3933 638 4003 1.
656 3935 745 4002 Tim.
762 3933 811 4002 II.
826 3933 860 4002 4.
875 3933 1073 4003 aGabriele
1085 3934 1245 4026 Vasqnea
1262 3935 1315 4022 (in
1327 3934 1360 4002 1.
1371 3935 1411 4003 P.
1423 3935 1509 4024 disp.
1522 3930 1566 3998 96.

413 4059 443 4106 c.
458 4039 491 4106 3.
507 4063 542 4106 n.
556 4039 629 4126 10.)
646 4041 803 4128 inducta;
822 4063 865 4108 ex
881 4040 999 4109 verbis
1014 4041 1105 4110 enim
1122 4042 1285 4132 Apostoli
1300 4042 1477 4126 subnexis,
1494 4037 1567 4132 qnod

410 4165 479 4212 non
494 4145 606 4214 solnm
622 4147 756 4216 dicitur
767 4147 865 4216 Deus
882 4145 973 4216 velle
991 4175 1007 4211 n
1023 4171 1139 4218 omnes
1152 4148 1310 4218 homines
1325 4149 1444 4218 salvos
1460 4147 1564 4228 fieri·

409 4251 469 4320 aad
492 4251 598 4322 etiam
624 4255 701 4322 aad
723 4258 937 4346 expuitionem
959 4258 1122 4324 veritatis
1147 4261 1275 4338 venire,
1292 4285 1308 4320 n
1327 4263 1433 4348 putat
1447 4251 1563 4330 conficis

410 4357 452 4426 de
477 4359 659 4430 volontate
682 4362 726 4431 ad
751 4361 841 4430 solos
863 4359 1005 4429 adultos
1028 4385 1096 4431 non
1120 4364 1225 4432 etiam
1241 4363 1456 4433 adimentes
1469 4361 1564 4431 relate

411 4485 485 4533 esse
509 4487 710 4538 sermonem.
735 4471 787 4538 At
810 4489 893 4538 vero
918 4469 954 4553 o)
978 4491 1083 4561 quam
1109 4471 1184 4542 late
1206 4477 1327 4564 pateat
1349 4471 1416 4542 illa
1436 4471 1498 4540 Dei
1518 4487 1562 4536 vo·
