3292 5062
553 391 591 406 -
615 359 669 418 131
695 391 733 405 -

75 465 149 534 senti
173 465 244 534 rita
266 489 287 532 a
310 462 534 532 sensibilibus
557 463 733 552 incipere,
760 465 801 532 de
825 485 894 556 que
917 485 1034 531 eorum
1065 463 1228 530 doctrina

75 572 214 662 superius
234 573 287 641 th.
306 571 391 640 VII.
417 595 453 639 n.
480 571 513 638 1⁰
536 571 623 640 satis
651 571 873 640 dictumest.
899 571 991 639 Hinc
1014 576 1129 638 eutem
1159 593 1227 638 non

75 680 167 748 sulum
189 680 360 778 inferunt,
385 678 451 746 Dei
474 678 696 746 existentiam
721 701 742 746 a
764 679 863 747 nobis
886 679 1046 767 cognosci
1069 701 1111 745 ex
1130 699 1226 768 prae·

74 787 204 875 cognitis
225 786 419 870 effectibus,
438 785 479 853 de
496 807 566 876 qua
580 809 618 855 re
634 786 660 854 l.
674 810 704 855 c.
721 786 868 876 egimns;
889 809 1009 854 verum
1025 785 1131 854 etiam
1147 784 1227 852 inde

73 895 301 976 demonstrant,
320 892 414 960 sicut
437 891 515 959 idea
531 893 596 959 Dei
613 915 681 959 uon
699 899 753 960 est
776 891 976 960 immediata
992 897 1026 959 et
1041 890 1225 976 intuitiva,

72 1003 111 1068 itu
129 1001 191 1069 Dei
213 999 400 1069 essentiam
424 999 518 1066 utin
535 1021 571 1067 se
594 1005 659 1081 est,
678 999 815 1067 anobis
838 998 999 1088 cognosci
1022 1021 1089 1066 non
1113 1021 1225 1087 posse:

72 1107 137 1197 qnia
158 1105 322 1174 nimirum
347 1104 494 1172 effectus
517 1113 553 1172 et
575 1082 693 1172 creata
716 1105 830 1173 omnia
853 1113 935 1173 sunt
958 1105 1060 1194 plane
1079 1104 1228 1172 alterius

71 1213 199 1280 nuens
222 1211 385 1296 (effectus
410 1210 619 1299 aequivoci),
648 1211 886 1302 virtutemque
909 1231 991 1279 suae
1015 1232 1138 1279 causae
1161 1233 1229 1278 non

70 1319 259 1410 adaequant.
285 1316 487 1399 «Dicimus,
514 1317 721 1406 cognoscis
742 1317 842 1385 nobis
864 1318 1079 1386 maiestatem
1104 1317 1168 1384 Dei
1192 1321 1229 1384 et

70 1427 259 1514 sapientiam
281 1430 318 1492 et
340 1423 529 1492 bonitatem
552 1429 588 1492 et
610 1425 908 1514 providentiam...
927 1425 987 1493 sed
1011 1425 1228 1514 operationes

68 1535 130 1601 cius
151 1531 269 1601 variae
286 1535 380 1614 sunt,
399 1531 551 1600 essentia
574 1554 657 1600 vero
682 1532 922 1622 simple13nos
945 1537 1062 1600 autem
1084 1555 1127 1600 ex
1142 1554 1227 1624 ¹ope·

69 1639 247 1708 retionibus
269 1639 380 1706 Deum
403 1659 425 1704 a
447 1638 546 1706 nobis
569 1639 730 1728 cognosci
752 1639 920 1724 dicimus,
948 1639 991 1707 ad
1015 1639 1125 1728 ipsam
1146 1660 1228 1708 vero

68 1747 236 1814 essentiam
259 1765 435 1814 accessum
458 1766 525 1812 non
549 1745 783 1834 pollicemur»
809 1745 920 1814 Basil.
939 1769 992 1835 ep.
1007 1745 1085 1813 234.
1104 1745 1228 1828 «Deus
1276 1737 1277 1751 ¹

67 1859 111 1920 est
130 1874 187 1940 per
210 1873 248 1919 se
263 1850 378 1939 ipsum
403 1850 493 1940 quod
516 1857 581 1933 est,
600 1851 801 1920 nominatur
825 1858 942 1920 autem
966 1852 1009 1920 ab
1033 1851 1226 1920 invocanti·

69 1961 119 2026 bns
138 1981 205 2026 non
228 1958 345 2046 ipsum
369 1956 460 2048 quod
483 1962 556 2040 est,
582 1957 774 2027 ineffabilis
798 1967 852 2026 est
874 1959 966 2027 enim
998 1964 1129 2026 natura
1151 1958 1227 2028 eius

69 2069 118 2156 pat
131 2082 192 2148 m,-
207 2065 269 2134 sed
284 2088 327 2132 ex
343 2064 412 2149 bis,
431 2085 518 2156 quae
541 2087 618 2134 eum
641 2065 735 2134 circu
750 2089 812 2134 nos
836 2066 973 2156 operari
989 2067 1077 2135 certi
1093 2089 1224 2150 sumus,

68 2175 255 2262 cognomina
277 2173 439 2242 habet...
464 2174 724 2262 operationibus
747 2181 863 2242 entem
879 2173 975 2264 prior
991 2181 1044 2242 est
1061 2173 1225 2259 essentia,

68 2283 268 2371 operationes
285 2303 369 2350 vero
384 2280 617 2370 intelligimus
630 2305 691 2372 per
704 2305 745 2352 ea
758 2304 845 2373 quae
861 2281 1018 2352 sensibus
1034 2281 1225 2350 subsunt...

69 2411 211 2480 mensque
241 2387 395 2455 hnmana
421 2395 590 2478 quantum
621 2388 717 2478 capit
750 2410 810 2478 per
842 2387 1059 2478 operationes
1091 2388 1224 2474 edocta,

68 2501 188 2562 tantum
210 2495 378 2564 effatur»
405 2493 544 2582 Nyssen
568 2499 690 2562 contra
712 2495 858 2564 Eunom.
885 2495 970 2562 XII.
999 2519 1033 2583 p.
1055 2493 1225 2564 eae-331.

71 2603 183 2670 aDens
205 2601 300 2670 nihil
322 2606 377 2668 est
401 2623 518 2670 eorum
542 2623 629 2693 quae
653 2608 737 2670 sunt
763 2594 858 2690 (aaa
876 2623 932 2665 των
950 2598 1035 2666 ὀντων
1059 2601 1151 2670 nihil
1175 2624 1228 2669 eo·

69 2730 148 2791 rum,
174 2730 323 2798 quorum
347 2730 414 2772 esce
437 2705 609 2775 obiectum
632 2714 686 2775 est
709 2707 945 2776 immediatum
968 2707 1082 2777 nostri
1112 2729 1229 2775 conce·

69 2820 160 2903 ptus),
179 2837 248 2882 non
264 2815 365 2905 qnasi
382 2813 455 2902 ipse
471 2837 537 2882 ncn
554 2815 613 2899 sit,
633 2815 691 2884 sed
709 2816 791 2906 qnia
806 2823 860 2884 est
875 2837 979 2903 super
1003 2814 1117 2880 omnia
1141 2835 1228 2904 quae

69 2931 153 3008 sunt3
179 2923 210 2991 si
234 2944 319 3010 ergo
350 2926 498 3022 nostrae·
513 2921 729 3010 cognitiones
760 2928 844 2991 sunt
875 2922 1026 3004 entium,
1053 2921 1143 3012 quod
1175 2927 1229 2990 est

70 3051 158 3117 snpra
181 3027 428 3116 cognitionem,
446 3033 500 3096 est
513 3029 618 3098 etiam
642 3050 749 3118 supra
764 3029 962 3112 essentiam,
984 3031 1020 3094 et
1035 3027 1111 3094 viee
1127 3049 1230 3096 verse

70 3136 144 3225 quod
165 3145 220 3204 est
242 3158 351 3224 snpra
372 3135 581 3218 essentiam,
607 3135 679 3203 erit
701 3136 807 3204 etiam
831 3157 938 3224 supra
960 3134 1225 3223 cognitionem»

70 3240 212 3312 Damaso.
238 3240 319 3310 Fid.
341 3241 434 3310 orth.
460 3241 486 3308 1.
504 3241 535 3309 Ι.
554 3265 583 3310 c.
599 3241 632 3309 4.

123 3351 218 3418 Hanc
233 3349 403 3418 rationem
422 3348 520 3416 velut
538 3348 729 3437 principem
744 3347 781 3416 S.
791 3347 941 3416 Thomas
956 3347 1078 3416 multis
1090 3347 1127 3414 in
1143 3346 1229 3416 locis

71 3457 206 3546 explicat
221 3479 277 3524 ex.
289 3480 344 3546 gr.
355 3455 392 3522 in
407 3456 505 3524 Boet.
518 3455 617 3524 Trin.
627 3456 708 3524 lect.
719 3454 769 3524 11.
781 3481 814 3548 q.
824 3455 858 3522 2.
873 3463 941 3524 ert.
953 3455 986 3524 3.
1004 3455 1230 3524 uImmediate

72 3563 143 3632 terri
159 3587 224 3631 non
249 3568 365 3652 potest
387 3561 589 3630 intellectus
607 3571 722 3630 noster
747 3562 934 3630 secundum
950 3570 1079 3630 statum
1097 3563 1176 3630 viae
1192 3563 1229 3630 in

72 3672 237 3739 essentiam
261 3671 417 3737 divinam
434 3677 470 3737 et
484 3670 575 3737 aliae
598 3675 777 3758 separatas
799 3668 987 3752 essentias,
1006 3670 1089 3758 quia
1112 3669 1226 3737 imme-

72 3775 151 3846 diate
171 3777 373 3858 extenditur
388 3775 433 3846 ad
457 3775 714 3866 phantesmata,
734 3776 777 3844 ad
794 3798 881 3866 quae
898 3783 1119 3866 comparatur
1135 3777 1229 3844 sicut

72 3883 156 3952 visus
177 3886 220 3954 ad
242 3885 404 3966 colorem,
424 3891 464 3952 nt
488 3884 621 3952 dicitur
638 3883 671 3952 3.
691 3883 733 3952 de
756 3884 883 3969 anima;
903 3887 939 3951 et
954 3883 1005 3952 sic
1028 3883 1227 3953 immediate

72 3997 168 4077 potest
189 3993 370 4079 concipere
391 3989 593 4057 intellectus
617 3989 848 4080 quidditatem
872 3989 924 4057 rei
946 3989 1134 4072 sensibilis,
1160 4012 1229 4056 non

72 4107 171 4165 autem
194 4098 346 4167 alicuius
370 4099 421 4166 rei
444 4097 738 4166 intellectualis...
758 4097 826 4165 Sed
842 4097 1007 4188 quaedam
1032 4097 1231 4166 invisibilia

73 4213 163 4288 eunt,
185 4230 330 4298 quornm
353 4203 533 4296 quidditas
556 4211 592 4272 et
614 4213 742 4273 natura
767 4205 919 4294 perfecte
954 4203 1163 4294 exprimitur
1186 4215 1249 4273 ex·

76 4311 313 4399 quidditatibus
336 4334 452 4380 rerum
476 4309 693 4380 sensibilium
716 4311 822 4394 notis,
848 4317 884 4379 et
907 4311 948 4379 de
971 4311 1104 4379 talibus
1126 4309 1228 4378 intel-

78 4413 254 4504 ligibilibus
276 4441 460 4509 possumus
479 4417 568 4489 scire
584 4416 745 4509 quidest,
765 4418 824 4486 sed
848 4417 1053 4486 mediate...
1071 4417 1227 4485 Naturae
