3280 5070
565 421 603 440 -
624 390 686 455 σῃ
706 421 745 438 ..

62 497 244 569 Praedest.
272 497 336 570 SS.
355 523 391 570 n.
409 499 466 569 27.
484 499 580 570 bisne
604 497 735 570 verbis:
763 525 780 562 c
805 495 900 580 Quid
923 495 1042 582 igitur
1064 517 1152 586 opus
1173 500 1240 580 est,

59 611 104 675 nt
125 628 249 676 corum
272 615 470 679 scrutemur
493 606 674 700 opusonla,
700 605 761 698 qni
776 604 981 697 priusquam
998 603 1070 673 ista
1086 603 1243 675 haeresis

62 713 285 806 (Pelagiana)
316 717 483 802 oriretur,
519 739 588 784 non
617 715 819 784 babuerunt
840 712 1084 784 necessitatem
1116 714 1153 783 in
1177 713 1244 783 hac

61 819 202 890 difficili
225 821 271 892 ad
286 822 490 892 solvendum
506 822 711 916 quaestione
728 819 882 892 versarii
900 846 916 883 n
937 820 1112 891 sensisset
1127 821 1243 912 igitur

59 927 303 1020 Augustinus,
317 930 442 1000 Patres
452 930 696 1002 antecedentes
706 929 859 1000 nondum
871 929 960 1000 satis
972 929 1130 1023 eliquata
1142 950 1243 1022 quse·

60 1031 178 1106 stione
202 1037 314 1108 obiter
337 1039 549 1110 affirmantes
566 1038 919 1131 praedestinationem
936 1037 981 1107 ad
998 1035 1147 1130 gloriam
1163 1042 1243 1126 poet

59 1143 228 1234 praevisa
240 1147 367 1215 merita
378 1145 665 1238 supernaturalia
679 1167 748 1214 non
764 1167 837 1216 esse
849 1144 1052 1232 audiendos3
1068 1142 1128 1213 scd
1140 1148 1241 1214 tuen·

60 1249 140 1321 dam
164 1274 240 1322 essa
262 1253 615 1344 praedestinationem
637 1255 682 1324 ad
706 1254 855 1344 gloriam
878 1257 960 1322 ante
984 1251 1241 1344 praevisionem

60 1381 359 1454 quorumcumque
382 1363 598 1433 meritorum.
625 1363 716 1433 Vide
740 1363 871 1432 Suares
895 1362 921 1432 1.
947 1361 977 1432 1.
1004 1383 1036 1431 c.
1060 1360 1094 1429 8.
1119 1382 1155 1428 u.
1183 1357 1238 1446 383

61 1464 179 1536 (tonet
201 1467 292 1560 disp.
318 1468 368 1539 ΙΙ.
393 1493 429 1539 n.
457 1471 512 1540 15.
539 1471 603 1560 24;
634 1469 757 1542 Cercit
782 1469 956 1562 Apparet.
982 1467 1028 1540 ad
1051 1465 1173 1539 Tract.
1198 1465 1241 1536 de

62 1570 168 1646 Grat.
195 1574 278 1646 lect.
304 1575 360 1646 10.
386 1600 421 1668 p.
448 1577 526 1648 162.

127 1681 164 1754 N
166 1705 234 1754 unc
245 1706 313 1754 non
326 1685 527 1780 quaerimus
540 1687 747 1774 universim,
762 1685 846 1784 quid
857 1688 1008 1757 senserit
1014 1681 1241 1776 Augustinus

60 1787 102 1860 de
126 1791 449 1882 praedestinatione
471 1796 516 1866 ad
539 1795 689 1888 gloriam
712 1819 773 1888 per
797 1817 833 1866 se
849 1799 1054 1888 spectatam,
1075 1791 1135 1864 sed
1149 1790 1241 1862 affir-

60 1916 197 1966 mamus
212 1897 293 1984 duo,
312 1901 463 1992 primum
479 1903 679 1994 Augustini
694 1903 950 1993 responsionem
966 1901 992 1970 1.
1011 1923 1041 1972 c.
1056 1921 1125 1970 non
1141 1919 1241 1990 posse

60 2009 191 2080 reterri
212 2011 258 2082 ad
281 2009 427 2082 Petrum
448 2011 726 2082 antecedentium
750 2011 945 2082 doctrinam
975 2010 1018 2081 de
1050 2009 1240 2103 praedesti·

60 2117 205 2188 natione
228 2118 273 2189 ad
296 2119 458 2211 gloriam,
485 2121 694 2216 quicumque
716 2128 935 2214 supponatur
955 2143 1031 2192 esse
1047 2141 1170 2190 seusus
1187 2118 1240 2189 in·

61 2226 316 2317 terrogationis
331 2227 506 2320 Prosperi3
521 2229 684 2314 alterum,
699 2227 789 2298 hanc
804 2229 1116 2320 interrogationem
1127 2226 1240 2318 ipsam

61 2351 129 2401 non
142 2354 185 2403 eo
196 2355 301 2405 sensu
315 2357 391 2406 esse
403 2337 629 2428 propositam,
655 2359 757 2430 quem
772 2337 835 2407 isti
851 2336 1009 2428 theologi
1025 2340 1238 2427 supponunt.

129 2437 161 2510 1.
189 2439 290 2524 Quod
321 2441 363 2512 de
385 2442 590 2534 Augustino
623 2445 855 2531 affirmamus,
886 2445 919 2514 1·
940 2451 995 2514 ast
1024 2443 1167 2514 evidens
1197 2463 1239 2512 ex

61 2543 140 2635 ipsa
162 2547 378 2640 inspectione
401 2551 598 2621 verborum.
624 2551 744 2644 Neque
759 2551 850 2622 enim
869 2551 1027 2644 quaestio
1043 2549 1085 2619 de
1098 2546 1239 2640 praede·

63 2655 254 2727 stinatione
277 2658 322 2728 ad
345 2657 506 2750 gloriam,
528 2659 589 2730 sed
604 2681 647 2729 ex
663 2659 908 2730 disertissimis
926 2657 1043 2728 verbis
1058 2655 1096 2726 S.
1114 2655 1239 2726 Docto·

62 2759 112 2830 ris
135 2763 296 2856 quaestio
319 2762 361 2833 de
384 2763 504 2853 gratia
526 2763 691 2854 gratuita
712 2768 768 2834 est
790 2764 868 2850 illa,
885 2763 923 2832 in
939 2785 1008 2857 qun
1026 2767 1132 2853 putat
1146 2758 1240 2830 nihil

63 2885 149 2955 opus
172 2888 247 2937 essa
270 2889 347 2937 cum
370 2867 573 2958 Pelagianis
595 2874 632 2938 et
662 2868 953 2961 Semipelagianis
983 2867 1166 2958 disputare
1196 2864 1239 2934 de

63 2973 217 3067 singulis
241 2975 427 3045 sententiis
451 2981 609 3046 veterum
632 2977 790 3061 Petrum,
816 2977 900 3067 quia
921 2975 990 3045 PP.
1015 2974 1114 3044 illam
1137 2995 1239 3066 saepe

63 3081 119 3152 rel
141 3091 403 3174 supposuerunt
425 3083 483 3153 vel
505 3083 707 3174 attigerunt
730 3085 855 3171 obiter,
881 3105 989 3178 eoque
1011 3083 1088 3173 ipso
1118 3083 1238 3152 obsan-

64 3189 151 3262 riue.
180 3219 197 3256 u
221 3189 322 3262 Certe
345 3192 377 3261 si
399 3191 441 3261 de
465 3191 666 3262 divinarum
683 3192 947 3284 Scripturarum
969 3191 1235 3276 tractatoribus,

63 3295 194 3393 inquit,
220 3299 282 3392 qui
306 3299 453 3370 inerunt
468 3305 548 3370 ante
563 3323 638 3386 nos,
657 3301 849 3392 proferrem
865 3299 1099 3371 defensionem
1115 3297 1237 3367 buius·

66 3426 101 3476 oe
117 3408 322 3495 mutantise,
341 3430 444 3502 quam
467 3431 561 3478 nunc
582 3407 687 3478 solito
707 3407 919 3499 diligentius
939 3414 1044 3502 atquc
1064 3406 1239 3498 copiosius

65 3523 186 3588 eontra
206 3538 336 3586 novum
360 3515 629 3608 Pelagianornm
659 3516 844 3587 defendere
873 3539 1041 3609 urgemur
1070 3537 1235 3599 errorem,

66 3619 123 3693 leue
146 3638 207 3708 eet,
231 3625 387 3714 qratiam
410 3625 477 3692 Dei
498 3647 566 3691 uon
590 3621 768 3692 secuudum
790 3626 915 3692 muita
938 3639 1057 3692 nostru
1079 3621 1172 3706 duri,
1206 3637 1238 3691 et

65 3735 177 3818 pretia
192 3729 274 3799 duri
288 3734 344 3800 eui
359 3729 476 3815 datur,
504 3732 588 3824 quia
609 3753 721 3826 neque
744 3731 898 3802 volentis
921 3754 1032 3824 neque
1048 3729 1234 3815 currentis,

64 3839 122 3910 ead
145 3839 344 3910 miserantis
367 3846 422 3910 ast
443 3838 551 3912 Dei...
577 3839 609 3908 si
634 3839 740 3909 buius
755 3861 839 3931 ergo
855 3839 1050 3910 sententias
1066 3837 1236 3907 defensio·

66 3965 141 4018 nem
163 3971 206 4018 ex
229 3947 430 4018 divinorum
453 3947 671 4040 eloquiorum
692 3971 757 4016 nos
780 3946 1067 4038 praecedentibus
1090 3943 1236 4015 catholi-

65 4053 113 4122 cis
134 4055 386 4126 tractatoribus
409 4077 611 4146 promerem,
637 4055 793 4145 profacto
810 4053 849 4122 bi
866 4055 1009 4138 fratres,
1029 4073 1092 4142 pro
1108 4052 1236 4144 quibus

66 4179 154 4232 nuno
176 4160 328 4253 agimus,
353 4162 626 4255 acquiescerent3
652 4163 716 4231 hoe
739 4162 831 4230 enim
855 4159 1086 4251 significastis
1101 4158 1236 4229 litteris

67 4271 205 4340 vestris.
225 4269 319 4353 Quid
334 4269 448 4361 igitur
464 4292 551 4360 opus
566 4275 631 4355 est,
649 4275 823 4338 uteorum
840 4273 1037 4338 scrutemur
1052 4266 1233 4359 opuscula,

69 4378 124 4466 qui
145 4379 351 4471 prinsquam
373 4378 445 4447 ieta
467 4378 622 4448 haeresis
637 4378 803 4462 oriretur,
821 4399 890 4445 non
906 4375 1105 4445 habuerunt
1121 4397 1235 4445 neces·

68 4481 204 4558 citatem
227 4485 265 4556 in
288 4483 354 4556 baa
377 4483 516 4556 difficili
538 4485 582 4556 ad
614 4483 818 4556 solvendum
849 4483 1051 4577 quaestione
1083 4484 1232 4570 uersari,
