3360 5060
642 416 679 429 -
701 383 761 443 695
783 413 820 426 -

143 487 208 555 ille
232 487 347 556 noluit
369 489 540 578 patientia
563 489 627 556 hac
644 488 687 556 ad
711 485 958 577 poenitentiam
974 483 1040 566 uti,
1055 483 1114 550 sed
1128 481 1268 570 aptavit
1282 505 1317 548 se

142 595 260 682 ipsum
275 594 319 662 ad
336 595 436 680 iram;
454 617 539 662 usus
562 603 616 662 e'st
639 594 702 661 illo
725 594 818 660 Deus
841 591 885 658 ad
902 590 1049 657 aliorum
1073 589 1317 656 correctionem

143 723 208 790 per
231 701 330 768 illins
353 701 564 792 supplicium
587 703 676 769 alios
708 700 934 769 studiosiores
962 698 1106 766 reddens
1130 703 1166 764 et
1188 697 1238 764 sic
1262 719 1316 785 po·

141 809 292 876 tentiam
316 831 412 876 suam
437 809 630 877 ostendens.
650 809 749 891 Quod
773 807 863 874 enim
887 807 981 874 Deus
1004 829 1072 872 non
1096 805 1184 872 velit
1207 811 1316 890 (ante-

141 916 318 1000 cedenter)
334 915 399 984 hoc
416 915 511 982 modo
528 916 716 1005 potentiam
733 936 830 982 suam
847 913 1026 982 ostendere
1050 911 1109 980 sed
1132 912 1202 980 alio
1219 911 1316 978 modo

142 1041 208 1109 per
231 1021 397 1089 beneficia
418 1027 455 1088 et
470 1044 531 1110 per
546 1021 804 1103 liberalitatem,
823 1020 886 1087 hoc
905 1020 978 1108 ipse
991 1018 1151 1106 (Paulus)
1168 1019 1236 1084 iam
1261 1041 1317 1084 eu·

142 1127 264 1215 perine
279 1151 340 1216 per
356 1129 470 1195 omnia
489 1127 708 1196 declaravit»
726 1127 909 1216 Chrysoet.
930 1127 954 1193 l.
975 1149 1004 1193 o.
1022 1151 1058 1192 n.
1076 1127 1108 1220 8..
1129 1124 1316 1214 Speoiatim

143 1234 252 1317 Dens,
279 1241 320 1302 ut
344 1236 467 1326 ubique
495 1241 610 1302 monet
632 1233 669 1302 S.
688 1235 924 1324 Augustinus,
943 1240 978 1301 et
994 1241 1035 1302 ut
1057 1233 1094 1300 in
1119 1239 1220 1302 textu
1244 1234 1317 1322 ipso

143 1341 308 1430 Apostoli
332 1343 459 1410 diserte
483 1342 626 1426 dicitur,
646 1341 785 1410 ordinat
810 1342 979 1410 iudicium
1003 1342 1041 1407 in
1065 1363 1150 1408 vasa
1173 1341 1246 1408 irae
1273 1341 1317 1407 ad

143 1449 446 1518 demonstrandam
471 1449 663 1538 gratuitam
686 1449 874 1517 bonitatem
898 1471 994 1516 suam
1023 1449 1059 1514 iu
1084 1468 1169 1515 vasa
1184 1447 1317 1514 miseri·

144 1556 298 1637 cordiae,
323 1579 410 1647 qnae
433 1579 500 1624 non
524 1579 565 1623 ex
590 1577 654 1622 sua
676 1562 805 1623 natura
828 1555 885 1624 vel
909 1556 982 1623 suis
1005 1555 1228 1622 naturalibus
1252 1576 1317 1620 me-

142 1662 228 1730 ritis
251 1668 335 1730 eunt
359 1684 443 1730 vasa
466 1662 599 1752 gloriae
622 1669 658 1730 et
674 1663 827 1745 honoris,
847 1663 906 1730 sed
922 1685 943 1728 a
965 1663 1036 1729 Deo
1064 1670 1318 1750 praeparantur

143 1767 360 1857 ingloriam.
380 1767 479 1837 Unde
503 1793 579 1836 cum
603 1771 676 1836 sint
701 1793 742 1837 ex
767 1769 884 1838 eadem
900 1791 1013 1836 massa
1028 1769 1078 1854 (h.
1097 1791 1127 1836 ε.
1146 1791 1222 1836 cum
1237 1773 1318 1834 ante

143 1875 297 1964 gratiam
314 1881 510 1964 peccatores
526 1874 598 1942 sint
613 1897 721 1965 aeque
737 1875 874 1963 indigni
891 1875 1155 1958 misericordia),
1173 1896 1214 1940 ex
1233 1872 1318 1963 ipsis

143 1982 240 2048 vasis
256 1981 329 2049 irae
353 1981 477 2049 debent
501 2004 586 2048 vasa
609 1981 867 2049 misericordiae
891 2003 1088 2070 agnoscere,
1106 1989 1218 2050 totum
1243 2006 1317 2072 pre-

143 2087 236 2155 tium
260 2111 360 2156 suum
378 2087 644 2177 supernaturale
661 2109 728 2154 non
752 2110 825 2154 esse
852 2089 987 2155 ratione
1003 2111 1135 2156 massae
1152 2092 1186 2156 l1.
1201 2112 1231 2156 e.
1250 2112 1317 2157 non

141 2195 280 2264 ratione
303 2195 490 2284 dignitatis
515 2195 572 2262 vel
600 2195 716 2263 meriti
742 2195 929 2278 naturalis,
949 2195 1007 2263 sed
1031 2218 1073 2262 ex
1096 2202 1172 2263 arte
1196 2196 1319 2264 divina

144 2323 186 2370 ac
210 2301 364 2370 indebita
387 2303 520 2392 gratia;
546 2301 632 2370 licet
655 2303 691 2369 in
724 2302 943 2392 suscipienda
974 2303 1093 2392 gratia
1118 2305 1224 2371 etiam
1249 2303 1318 2393 ipsi

144 2409 253 2476 libere
283 2409 418 2502 aliquid
449 2418 569 2500 agant.
595 2411 873 2501 Cooperationem
907 2411 997 2479 hanc
1031 2411 1221 2501 Apostolus
1250 2434 1316 2477 non

143 2515 209 2583 hoc
233 2515 317 2600 loco,
337 2515 396 2583 sed
420 2516 456 2583 in
479 2517 703 2608 sequentibus
724 2517 791 2583 IX.
810 2517 865 2584 30.
886 2557 930 2566 -
945 2517 1010 2584 XI.
1028 2517 1083 2584 23.
1103 2515 1270 2584 declarat.

214 2621 265 2691 Ut
281 2647 323 2692 ex
340 2623 445 2692 dictis
462 2623 619 2692 omnibus
636 2625 859 2692 manifestum
872 2633 937 2708 est,
952 2623 1142 2714 Apostolus
1158 2645 1233 2712 cap.
1249 2623 1312 2691 IX.

145 2729 246 2798 docet
270 2730 498 2818 gratuitatem
522 2732 659 2819 gratiae
686 2739 723 2799 et
746 2731 938 2799 vocationis
961 2731 1004 2797 ad
1029 2731 1129 2798 fidem
1154 2729 1315 2798 christia-

142 2857 236 2919 nam,
263 2843 297 2903 et
321 2835 603 2904 iustificationem
629 2861 690 2927 per
713 2837 827 2920 fidem,
847 2843 887 2904 ut
902 2837 1068 2904 excludat
1090 2859 1240 2904 errorem
1258 2835 1316 2904 In·

143 2944 305 3011 dacorum
330 2941 429 3009 illins
452 2943 582 3010 aetatis
608 2943 675 3009 eibi
691 2943 827 3012 ratione
844 2943 982 3031 generis
999 2951 1034 3010 et
1049 2941 1314 3032 privilegiorum

143 3049 235 3139 legis
258 3049 428 3117 Mosaicae
453 3049 509 3117 vel
534 3048 618 3116 solis
634 3049 690 3117 vel
707 3057 800 3117 certe
817 3072 899 3139 prae
916 3051 1079 3139 gentibue
1102 3047 1158 3117 ius
1179 3050 1222 3116 ad
1238 3072 1315 3138 pro-

145 3156 286 3223 missum
313 3178 456 3244 regnum
480 3155 691 3224 Messiannm
709 3155 976 3248 vindicantium.
996 3157 1085 3244 Agit
1101 3179 1183 3224 vero
1200 3156 1314 3222 imme-

144 3263 240 3330 diate
263 3261 304 3330 da
328 3263 524 3353 gratuitate
553 3264 718 3330 donorum
750 3263 887 3352 gratiae
911 3263 947 3328 in
973 3263 1049 3352 ipsa
1072 3261 1255 3331 donatione
1280 3269 1315 3330 et

144 3369 376 3452 exsecutione,
394 3392 480 3461 quae
493 3370 613 3461 utique
631 3393 707 3437 cnm
724 3373 884 3460 gratuita
896 3371 1018 3438 horum
1036 3371 1202 3438 donorum
1217 3391 1313 3459 prae-

144 3477 377 3546 destinatione
401 3477 573 3545 cohaeret.
601 3476 654 3544 Ex
680 3477 839 3544 doctrina
862 3484 976 3545 autem
1002 3477 1210 3567 gratuitatie
1234 3498 1314 3566 gra-

143 3585 215 3652 tiae
238 3607 306 3651 non
331 3585 510 3676 sequitur,
537 3585 689 3674 gratiam
712 3608 753 3653 ex
779 3591 879 3674 parte
903 3583 968 3652 Dei
991 3593 1026 3652 et
1049 3585 1230 3652 voluntate
1254 3605 1312 3650 an-

144 3691 322 3760 tecedente
346 3714 412 3758 non
438 3693 596 3760 omnibus
620 3691 759 3778 offerri3
779 3692 880 3759 immo
900 3693 1090 3781 Apostolus
1113 3692 1242 3759 diserte
1258 3689 1314 3758 de-

144 3799 269 3881 clarat,
296 3799 464 3867 rationem
481 3823 543 3868 eur
559 3801 603 3870 ad
620 3801 771 3890 gratiam
787 3823 855 3868 non
872 3823 986 3868 omnes
1002 3799 1220 3888 perveniant,
1238 3819 1313 3865 esse

143 3928 184 3972 ex
202 3905 307 3993 culpa
323 3913 358 3973 at
374 3905 525 3994 peccatis
541 3905 730 3972 hominum.
749 3905 799 3973 De
818 3905 977 3972 absolute.
994 3927 1074 3970 vero
1090 3901 1311 3972 antecedente

143 4009 459 4100 praedestinatione
484 4010 580 4078 vitae
603 4019 763 4078 aeternae
786 4018 867 4078 ante
898 4011 1058 4099 praevisa
1083 4007 1207 4076 merita
1230 4007 1311 4076 fidei

77 4177 79 4182 .
143 4137 183 4183 ac
200 4113 335 4204 gratiae
352 4117 387 4182 in
400 4122 476 4183 tcta
490 4115 593 4183 Pauli
609 4117 819 4184 tractatione
834 4115 933 4183 nulla
949 4123 1002 4182 est
1018 4115 1156 4200 mentio,
1175 4113 1310 4183 nullum

143 4246 206 4292 nec
229 4223 445 4292 levissimum
470 4223 671 4312 vestigium.
