3230 5072
902 373 939 384 -
964 340 1022 400 406
1045 372 1082 383 -

408 467 532 534 quum;
559 451 768 512 venturust
791 465 879 536 quae
904 445 1029 513 futura
1060 449 1144 512 sunt
1174 442 1387 510 annuntient
1409 442 1512 510 eia...
1534 463 1570 507 ex

407 560 491 619 tuno
514 551 636 620 audire
660 559 695 620 te
719 553 787 620 feci
804 561 839 621 et
855 552 1077 636 annuntiavi;
1100 573 1161 618 vos
1176 557 1287 618 testes
1305 549 1383 616 mei.
1405 547 1570 638 Numquid

407 666 462 726 est
491 659 584 726 Deus
611 660 740 748 absque
764 659 872 728 met»
899 661 947 728 Is.
968 659 1097 727 XLIV.
1113 660 1145 726 7.
1169 659 1202 725 8.
1227 656 1282 725 Cf.
1308 657 1405 724 XLI.
1432 657 1488 724 22.
1511 655 1570 738 233

406 765 516 834 XLV.
536 767 591 854 213
610 767 740 836 XLVI.
759 766 791 834 9.
812 769 866 854 10;
893 768 1060 836 XLVIII.
1075 767 1155 836 4-8.
1172 796 1188 830 a
1203 766 1369 835 Idoneum
1387 766 1507 858 itaque
1529 773 1572 832 te·

407 874 607 942 stimonium
623 874 827 942 divinitatis
845 875 978 944 veritas
990 873 1248 943 divinationis»
1261 873 1475 941 Tertulliau.
1491 873 1572 962 Apo·

407 982 477 1070 log.
494 1006 523 1051 c.
539 982 594 1049 20.

474 1091 507 1176 b)
531 1089 657 1158 Verbis
673 1091 851 1180 explicitis
865 1090 1070 1180 Scripturas
1087 1092 1289 1158 futurorum
1305 1089 1497 1158 liberorum
1511 1088 1570 1178 pls·

405 1200 580 1267 nissimam
605 1199 838 1288 cognitionem
856 1199 977 1268 multis
994 1201 1031 1266 iu
1047 1199 1133 1266 locis
1149 1199 1220 1266 Deo
1245 1197 1440 1268 vindicant.
1459 1199 1510 1267 Da
1524 1197 1571 1266 bis

404 1307 495 1374 enim
518 1306 747 1409 pendentibus
770 1328 791 1372 a
814 1306 926 1375 libera
952 1307 1133 1374 voluntate
1156 1309 1276 1374 creata
1298 1306 1433 1376 directe
1456 1313 1494 1376 et
1518 1305 1570 1371 im-

404 1413 551 1481 mediate
575 1435 684 1481 sermo
708 1413 822 1480 estin
845 1412 931 1482 locis
954 1411 1114 1501 superius
1137 1411 1191 1480 th.
1207 1411 1396 1480 XXXVII.
1414 1437 1450 1480 n.
1466 1411 1511 1479 2‘.
1528 1411 1566 1478 ci·

404 1522 502 1589 tatis.
529 1521 585 1588 Ps.
611 1519 765 1587 XXXII.
793 1519 847 1606 lb;
873 1519 1107 1588 CXXXVIII.
1126 1519 1159 1587 3.
1179 1543 1269 1610 sqq.;
1289 1520 1380 1588 Dan.
1398 1520 1503 1588 XIII.
1520 1519 1568 1606 423

403 1627 513 1697 Eccli.
533 1629 670 1697 XXIII.
689 1629 745 1697 28.
765 1629 821 1714 293
842 1629 1010 1696 XXXIX.
1028 1629 1085 1696 21.
1104 1651 1194 1720 sqq.;
1213 1627 1328 1696 XLII.
1344 1628 1400 1696 18.
1415 1623 1469 1720 sq'.

470 1743 501 1824 c)
523 1737 627 1806 Hisce
651 1737 737 1806 locis
760 1737 865 1805 simul
888 1739 1044 1820 docetur,
1066 1737 1118 1805 ita
1140 1759 1214 1806 esse
1230 1737 1297 1806 Dei
1320 1739 1504 1807 scientiam
1525 1760 1570 1805 ae-

404 1851 551 1930 ternam,
567 1854 608 1914 nt
624 1846 796 1915 obiectiva
819 1853 961 1916 actuum
978 1847 1015 1914 in
1031 1853 1185 1936 tempore
1203 1847 1433 1916 existentium
1447 1845 1570 1918 veritas

403 1951 447 2016 ab
469 1960 609 2020 aeterno
633 1953 681 2020 sit
704 1954 769 2020 sub
792 1953 930 2021 intuitu
954 1953 1038 2036 Dei,
1064 1975 1133 2020 non
1157 1975 1257 2022 secus
1285 1976 1326 2022 ac
1349 1953 1490 2046 qnando
1511 1955 1569 2020 iau

403 2067 484 2126 actu
508 2061 546 2126 in
564 2083 600 2128 se
616 2061 786 2129 existunt.
810 2061 900 2128 «sol
926 2060 1133 2129 illuminans
1156 2085 1217 2152 per
1242 2061 1358 2130 omnia
1380 2062 1566 2152 respexit...

402 2169 567 2256 abyssum
593 2176 627 2236 et
651 2191 709 2236 cor
732 2169 883 2237 hominis
906 2169 1183 2258 investigavit...
1210 2171 1377 2258 cognovit
1398 2169 1492 2237 enim
1513 2168 1566 2236 Do·

402 2276 518 2342 minus
541 2298 671 2342 omnem
697 2276 879 2345 scientiam
895 2283 930 2344 et
954 2277 1110 2366 inspexit
1126 2277 1162 2344 in
1179 2277 1318 2366 siguum
1336 2277 1429 2360 aevi,
1446 2297 1567 2344 aunuu-

401 2385 496 2456 tians
519 2403 606 2475 qnae
630 2385 890 2473 praeterierunt
912 2391 948 2452 et
972 2405 1060 2476 quae
1085 2391 1344 2474 superventura
1367 2391 1465 2470 sunt,
1483 2403 1566 2453 rere-

400 2495 479 2562 lans
493 2491 646 2580 vestigia
658 2491 885 2577 occultorum,
901 2514 968 2560 uon
981 2492 1154 2582 praeterit
1165 2491 1266 2562 illum
1279 2493 1390 2562 omnis
1402 2494 1566 2583 cogitatm

400 2608 436 2670 et
457 2625 525 2668 non
550 2599 732 2668 abscondit
748 2622 783 2667 se
801 2601 843 2667 ab
859 2622 898 2668 co
923 2599 1019 2668 nllus
1042 2622 1164 2669 sermo.
1182 2599 1364 2690 Magnalia
1387 2600 1565 2692 sapientiae

400 2729 484 2777 snae
507 2707 700 2792 decoravit,
715 2711 778 2799 qai
795 2721 844 2774 est
861 2723 943 2774 unte
966 2709 1148 2791 saeculum,
1167 2723 1199 2775 et
1213 2733 1320 2800 usque
1334 2711 1373 2774 in
1395 2709 1566 2784 cumulum

400 2839 507 2906 neque
529 2813 698 2882 adiectum
721 2829 782 2897 est,
807 2839 915 2906 oeque
937 2819 1109 2882 miscitur
1126 2816 1270 2887 nEccli.
1288 2815 1403 2885 XLII.
1425 2816 1480 2884 16.
1499 2837 1561 2905 sqq.

399 2922 492 2990 Hinc
516 2921 608 2990 nihil
633 2922 765 2991 dicitur
787 2944 862 2991 esse
888 2923 1047 2991 mirabile
1072 2923 1109 2990 in
1128 2923 1241 2992 oculis
1264 2923 1359 3008 eins,
1386 2925 1471 3016 quia
1495 2943 1563 2990 ure

400 3031 506 3120 spicit
529 3051 550 3096 a
575 3031 713 3099 saeculo
736 3052 845 3122 usqne
868 3031 906 3098 in
929 3031 1107 3100 saeculum
1131 3032 1214 3099 nib.
1232 3032 1402 3100 XXXIX.
1422 3033 1480 3101 25.
1502 3029 1563 3098 Hoc

400 3139 513 3226 ipsum
538 3137 628 3228 quod
652 3137 747 3205 Dens
771 3137 1009 3226 circumspicit
1032 3160 1148 3206 omnes
1171 3138 1249 3206 vias
1272 3137 1451 3207 hominnm
1472 3145 1561 3228 atque

400 3245 503 3312 corda
526 3243 703 3312 hominum
727 3245 898 3329 intuetur,
925 3245 1153 3314 confirmatur
1176 3269 1218 3314 ex
1243 3246 1386 3314 divinae
1409 3245 1560 3316 scientiae

398 3353 607 3420 aeternitate
629 3359 665 3420 et
687 3351 984 3420 immutabilitate.
1005 3353 1177 3422 «Domino
1199 3353 1291 3422 enim
1303 3353 1376 3422 Deo
1390 3362 1559 3446 antequam

399 3469 614 3544 crearentur,
641 3459 756 3528 omnia
779 3468 862 3529 sunt
885 3461 1028 3549 agnita,
1055 3461 1106 3530 sic
1125 3468 1162 3530 et
1183 3468 1262 3552 post
1284 3462 1476 3552 perfectum
1497 3477 1558 3528 esse

398 3568 509 3638 Eccli.
527 3567 666 3636 XXIII.
684 3567 739 3635 28.
758 3568 813 3637 29.
834 3569 995 3637 Susanna
1017 3569 1152 3658 pariter
1167 3573 1291 3638 testem
1308 3591 1392 3638 snae
1413 3570 1557 3636 iunocen-

398 3676 469 3746 tiae
485 3676 628 3745 invocat
642 3677 766 3758 Deum,
786 3699 825 3744 eo
842 3676 932 3768 qnod
953 3705 969 3740 u
983 3677 1084 3744 novit
1100 3678 1228 3762 omnis,
1246 3683 1434 3768 autequam
1451 3676 1555 3744 liunt»

398 3783 604 3852 Dan.XIII.
622 3783 679 3852 42.
699 3783 766 3852 Sed
783 3784 824 3852 de
848 3783 913 3851 hac
937 3789 1079 3850 aeterna
1103 3783 1302 3874 praeseutia
1326 3805 1440 3852 coram
1462 3779 1556 3851 oculis

399 3891 531 3959 dlenIs
554 3891 624 3958 iam
648 3890 802 3958 dixImus
824 3887 877 3956 rh.
894 3889 1047 3956 XXXII.

466 3998 515 4066 II.
540 3998 627 4066 Pars
651 3997 764 4066 altera
787 3998 980 4087 praesentis
1003 3997 1140 4066 theseos
1163 3999 1282 4088 magni
1304 4006 1359 4067 est
1388 3993 1552 4075 momenti,

399 4128 474 4174 cum
499 4105 537 4172 in
560 4127 601 4172 aa
624 4105 887 4174 fundamentum
912 4105 1169 4190 constituatur,
1195 4129 1236 4174 ex
1261 4129 1328 4198 quc
1360 4101 1553 4176 conciliatio

399 4233 475 4278 nem
491 4219 628 4280 creatae
643 4213 820 4281 libertatis
844 4235 921 4281 cum
946 4219 1087 4281 aeterua
1102 4221 1140 4281 et
1159 4213 1373 4283 immutabili
1388 4212 1451 4282 Dei
1471 4229 1551 4302 prae

399 4320 548 4388 scientia
571 4320 771 4409 intelligere
794 4321 978 4411 possimus.

467 4429 642 4518 Imprimis
665 4429 887 4499 statuendum
911 4435 977 4514 est,
1003 4429 1183 4499 scientiam
1208 4453 1359 4516 omnem¹
1385 4431 1416 4500 si
1443 4432 1548 4498 forms·
