3262 5076
528 402 566 417 -
589 369 648 431 453
671 402 706 416 ..

44 481 250 558 crearentur,
276 481 478 565 peccarent3
495 481 533 543 et
549 496 617 541 non
633 481 687 542 est
710 473 917 542 omniscius:
935 479 999 543 aut
1014 473 1079 544 hoo
1095 475 1209 544 sciens

43 587 151 648 tamen
172 582 328 669 creavit,
353 589 390 651 et
412 605 480 650 non
504 588 559 650 est
574 582 695 650 bonus.
715 581 832 650 Simili
849 581 987 650 omnino
1003 583 1100 652 modo
1116 582 1209 674 apud

43 685 102 754 PP.
121 688 292 757 haeretici
321 694 386 757 aut
407 688 496 757 mele
521 689 642 758 feriati
664 687 820 757 homines
843 699 1041 779 proponunt
1062 689 1209 758 difficul-

43 798 142 862 tatem
166 795 361 886 generatim
376 818 419 864 ex
434 796 661 886 permissione
678 801 908 885 peccatorum.
927 796 984 864 Ad
1002 796 1091 866 hanc
1108 817 1209 889 quae·

43 899 182 970 ationem
204 901 326 969 nullus
349 901 494 970 Petrum
517 909 584 985 est,
602 899 749 992 quinon
771 901 990 991 respondeat,
1017 902 1126 970 Deum
1143 900 1207 972 sci·

44 1008 129 1077 visse
154 1010 278 1102 ntique
300 1019 370 1094 eos,
387 1009 418 1078 si
435 1015 650 1093 crearentur,
670 1014 892 1098 peccaturos;
911 1008 1077 1079 libertate
1092 1015 1210 1078 tamen

42 1116 213 1204 praeditos
235 1139 353 1186 creare
377 1115 542 1200 voluisse,
568 1123 604 1185 et
626 1137 745 1184 eorum
768 1115 968 1186 libertatem
984 1116 1021 1184 in
1038 1116 1209 1206 peccando

42 1221 203 1313 impedire
227 1223 395 1293 noluisse.
420 1221 628 1313 Supponunt
658 1223 773 1312 igitur
805 1231 878 1292 tam
908 1223 1077 1294 haeretici
1107 1246 1210 1318 quam

42 1329 209 1400 Catholici
224 1331 325 1400 velut
346 1338 448 1401 extra
470 1331 744 1400 controversiam
759 1330 853 1421 apud
871 1333 987 1400 onnes
1001 1331 1209 1422 exploratis·

42 1437 160 1506 simum
183 1439 229 1508 ad
253 1439 330 1508 veri
360 1441 426 1509 Dei
450 1438 698 1529 perfectionem
729 1439 902 1529 pertinere
932 1440 1090 1525 novisse,
1124 1439 1209 1532 quid

42 1545 173 1634 angeli,
203 1545 287 1638 quid
317 1545 473 1615 homines
496 1547 527 1614 si
550 1554 755 1615 crearentur
781 1555 818 1615 et
845 1547 882 1614 in
905 1545 1000 1616 hisce
1030 1547 1210 1617 adiunctis

43 1654 353 1744 constituerentur,
379 1654 440 1722 ubi
463 1675 526 1744 pro
548 1653 752 1744 plenissima
782 1652 947 1723 libertate
978 1662 1118 1744 possent
1141 1677 1209 1723 non

43 1781 177 1849 peccare
189 1768 226 1829 et
236 1767 379 1851 possent
393 1761 500 1830 etiam
513 1783 666 1852 peccare,
685 1762 800 1830 acturi
817 1767 944 1831 essent.
962 1791 978 1827 a
993 1761 1032 1830 si
1045 1762 1207 1847 nescivit,

43 1875 80 1936 nt
103 1878 158 1938 est
179 1868 271 1960 apud
294 1869 548 1958 Hieronymum
570 1871 717 1960 (dialog.
739 1869 808 1939 III.
828 1891 863 1938 n.
881 1869 914 1938 6.
938 1877 1030 1940 cont.
1049 1870 1207 1960 Pelag.),

45 1976 94 2044 cui
117 1976 383 2066 praescientiam
407 1977 504 2048 tollis
528 1979 628 2070 (quid
652 1978 752 2046 homo
775 1984 867 2046 esset
889 1987 1036 2047 acturus
1052 1979 1117 2046 sub
1133 1977 1209 2046 illis

44 2083 321 2170 conditionibus),
347 2086 466 2154 enters
482 2093 519 2154 et
533 2086 771 2156 divinitatem.
791 2114 807 2150 n
825 2088 937 2179 Atqui
953 2086 1037 2155 haec
1061 2085 1138 2176 ipsa
1153 2091 1210 2154 est

43 2193 180 2259 scientio
202 2190 334 2271 medic,
367 2215 469 2284 quam
493 2200 644 2261 tuemur.
669 2193 736 2263 Est
757 2215 841 2283 ergo
865 2193 950 2262 haec
973 2192 1134 2262 doctriua
1156 2192 1209 2262 ita

45 2305 134 2365 certa
154 2298 381 2390 antiquitati,
408 2297 509 2368 utin
532 2299 830 2390 disputationibus
861 2308 984 2369 contra
1015 2299 1210 2370 haereticos

44 2407 212 2498 tamquam
235 2407 447 2498 principium
470 2407 706 2476 indubitatum
730 2431 864 2498 semper
887 2407 998 2477 suerit
1014 2408 1206 2498 supposita.

103 2515 144 2602 h)
160 2517 294 2584 Docent
316 2515 384 2584 PP.
402 2515 507 2584 iidem
529 2516 691 2584 Ambros.
709 2515 750 2585 de
773 2515 941 2584 Paradiso
956 2539 991 2582 n.
1003 2515 1059 2602 ee,
1085 2515 1208 2583 Hiero·

45 2646 134 2714 nym.
150 2623 236 2692 dial.
251 2623 320 2692 ΠΙ.
336 2630 427 2693 cont.
438 2623 559 2714 Pelag.
577 2623 650 2710 n.h;
661 2624 818 2714 August.
834 2622 1205 2708 cont.Crescon.n.10;

46 2731 163 2822 Cyrill.
177 2732 281 2801 Alex.
301 2732 338 2800 in
356 2732 407 2800 Io.
429 2729 494 2799 IX.
520 2731 546 2799 l.
566 2755 596 2800 c.
612 2732 667 2817 10,
692 2731 922 2822 praescivisse
946 2730 1084 2822 quidem
1106 2727 1208 2798 Chri·

46 2844 128 2908 stum
152 2839 360 2908 Indaeorum
383 2839 670 2924 obstinationem,
696 2839 726 2907 si
750 2837 825 2906 illis
847 2837 1085 2926 praedicaret,
1110 2857 1208 2926 prae·

47 2947 181 3016 scivisse
196 2946 382 3031 Iudam,·si
398 2969 475 3016 enm
491 2946 639 3035 eligeret
653 2945 873 3037 Apostolum,
892 2945 966 3012 iore
984 2943 1204 3033 proditorem
1317 3037 1318 3042 ἵ

46 3055 148 3123 nihilo
171 3063 288 3124 tamen
318 3077 417 3123 secus
448 3054 616 3123 beneficia
645 3050 938 3143 praedicationis,
963 3057 1000 3120 et
1021 3049 1207 3141 apostolici

48 3161 190 3230 muneris
213 3162 371 3230 conferre
395 3159 560 3230 voluisse.
587 3160 789 3230 Generatim
806 3160 899 3230 Deus
922 3164 1116 3250 peccatores
1132 3156 1207 3226 suis

48 3270 165 3358 gratiis
186 3269 350 3362 prosequi
373 3292 442 3337 non
460 3269 602 3353 desinit,
621 3268 707 3338 licet
721 3275 908 3358 cognoscat
923 3291 980 3337 eos
995 3289 1062 3335 non
1079 3267 1206 3336 obtem·

49 3387 230 3467 peraturos,
249 3377 280 3444 si
297 3375 388 3444 tales
403 3376 541 3465 gratiae
557 3377 803 3446 concedantur.
824 3377 949 3445 «Deus
972 3376 1062 3444 enirn
1087 3383 1207 3464 utpote

48 3495 171 3555 amator
187 3483 376 3568 hominnm,
395 3491 436 3552 ut
452 3483 505 3553 ait
520 3483 792 3574 chrysostomus
809 3507 860 3553 or.
878 3485 928 3553 11.
944 3509 979 3552 n.
994 3485 1027 3551 5.
1039 3483 1080 3551 de
1096 3507 1125 3551 s.
1139 3481 1205 3550 Ba·

50 3586 134 3678 byla,
158 3590 265 3659 etiam
288 3589 353 3658 hoc
377 3587 661 3674 (inobedientiam
684 3589 842 3657 staturam
859 3589 924 3657 sub
939 3609 980 3656 ea
996 3585 1206 3668 conditione)

49 3716 276 3783 praenoscens,
300 3702 417 3764 tamen
440 3695 531 3788 quod
554 3719 655 3764 suum
678 3701 817 3764 estnon
839 3689 1206 3786 praetermittemus

51 3803 162 3890 quihus
185 3803 299 3874 simile
323 3803 424 3894 plane
449 3801 665 3873 antecedenti
689 3813 934 3892 argumentum
957 3801 1092 3870 existit.

106 3915 134 3996 c)
155 3911 372 4004 Frequenter
394 3909 487 3999 apud
509 3909 633 3978 Patres
651 3909 692 3979 de
708 3909 830 3978 divine
844 3908 1066 4000 providentia
1087 3904 1204 3993 dispu-

52 4021 152 4088 tantes
174 4017 328 4088 occurrit
351 4017 523 4100 doctrina,
548 4017 625 4086 ideo
640 4039 662 4084 a
683 4017 755 4085 Deo
778 4016 934 4084 homines
958 4014 1055 4082 bonis
1077 4017 1204 4100 tempo·

53 4126 143 4194 curiis
164 4147 265 4216 saepe
289 4124 438 4215 privari,
464 4123 547 4216 quia
570 4124 672 4192 novit
686 4124 722 4191 in
740 4146 805 4191 sua
821 4122 964 4189 infinite
985 4120 1134 4189 scientia
1149 4139 1207 4188 eos

54 4227 114 4300 illis
134 4233 177 4302 ad
201 4231 411 4324 peccandum
434 4232 605 4299 abusuros
629 4230 762 4316 tuisse3
788 4235 894 4320 atque
918 4227 996 4296 ideo
1025 4228 1131 4296 etiam
1154 4225 1205 4294 eis

54 4347 179 4410 nortem
201 4339 408 4433 quandoque
431 4338 602 4408 destinari
625 4337 870 4420 immaturam,
895 4336 978 4428 quie
1009 4332 1207 4426 praenoscit

55 4443 133 4518 Deus
152 4456 311 4542 peccata,
337 4469 425 4539 qnae
447 4446 547 4516 homo
576 4445 608 4516 si
631 4445 768 4517 diutius
791 4444 948 4532 viveret,
972 4451 1065 4514 esset
1086 4463 1204 4534 perpe·
