<?xml version="1.0" encoding="UTF-8"?>
<!DOCTYPE html PUBLIC "-//W3C//DTD XHTML 1.0 Transitional//EN"
    "http://www.w3.org/TR/xhtml1/DTD/xhtml1-transitional.dtd">
<html xmlns="http://www.w3.org/1999/xhtml" xml:lang="en" lang="en">
 <head>
  <title>
</title>
<meta http-equiv="Content-Type" content="text/html;charset=utf-8" />
  <meta name='ocr-system' content='tesseract 3.04.00' />
  <meta name='ocr-capabilities' content='ocr_page ocr_carea ocr_par ocr_line ocrx_word'/>
</head>
<body>
  <div class='ocr_page' id='page_1' title='image "./ioannisbaptfran01frangoog_0419.png"; bbox 0 0 3230 5072; ppageno 0'>
   <div class='ocr_carea' id='block_1_1' title="bbox 373 333 1611 857">
    <p class='ocr_par' dir='ltr' id='par_1_1' title="bbox 373 333 1611 857">
     <span class='ocr_line' id='line_1_1' title="bbox 865 333 1169 394; baseline 0.01 -1"><span class='ocrx_word' id='word_1_1' title='bbox 865 367 903 381; x_wconf 96' lang='lat'>-</span> <span class='ocrx_word' id='word_1_2' title='bbox 925 333 985 394; x_wconf 82' lang='lat'>402</span> <span class='ocrx_word' id='word_1_3' title='bbox 1005 367 1043 381; x_wconf 97' lang='lat'>-</span> <span class='ocrx_word' id='word_1_4' title='bbox 1162 334 1169 354; x_wconf 84' lang='lat'><strong><em>&#39;</em></strong></span> 
     </span>
     <span class='ocr_line' id='line_1_2' title="bbox 373 437 1611 532; baseline 0.01 -25"><span class='ocrx_word' id='word_1_5' title='bbox 373 437 500 509; x_wconf 85' lang='lat' dir='ltr'>affudit</span> <span class='ocrx_word' id='word_1_6' title='bbox 528 437 628 508; x_wconf 90' lang='lat' dir='ltr'>illam</span> <span class='ocrx_word' id='word_1_7' title='bbox 658 462 761 530; x_wconf 85' lang='lat' dir='ltr'>super</span> <span class='ocrx_word' id='word_1_8' title='bbox 791 441 905 510; x_wconf 90' lang='lat' dir='ltr'>omnia</span> <span class='ocrx_word' id='word_1_9' title='bbox 927 463 1031 532; x_wconf 86' lang='lat' dir='ltr'>opera</span> <span class='ocrx_word' id='word_1_10' title='bbox 1053 464 1130 511; x_wconf 83' lang='lat' dir='ltr'>sua.</span> <span class='ocrx_word' id='word_1_11' title='bbox 1150 470 1167 505; x_wconf 76' lang='lat' dir='ltr'>n</span> <span class='ocrx_word' id='word_1_12' title='bbox 1194 442 1255 514; x_wconf 86' lang='lat' dir='ltr'>Sia</span> <span class='ocrx_word' id='word_1_13' title='bbox 1284 451 1320 514; x_wconf 86' lang='lat' dir='ltr'>et</span> <span class='ocrx_word' id='word_1_14' title='bbox 1346 473 1364 509; x_wconf 80' lang='grc' dir='ltr'><strong><em>ι</em></strong></span> <span class='ocrx_word' id='word_1_15' title='bbox 1383 443 1542 515; x_wconf 82' lang='lat' dir='ltr'>volatilla</span> <span class='ocrx_word' id='word_1_16' title='bbox 1610 479 1611 519; x_wconf 78' lang='lat'>1</span> 
     </span>
     <span class='ocr_line' id='line_1_3' title="bbox 374 545 1611 644; baseline 0.009 -28"><span class='ocrx_word' id='word_1_17' title='bbox 374 545 460 616; x_wconf 87' lang='lat' dir='ltr'>eoali</span> <span class='ocrx_word' id='word_1_18' title='bbox 484 568 707 636; x_wconf 76' lang='lat' dir='ltr'>cognoscere,</span> <span class='ocrx_word' id='word_1_19' title='bbox 740 556 776 618; x_wconf 89' lang='lat' dir='ltr'>et</span> <span class='ocrx_word' id='word_1_20' title='bbox 797 547 913 638; x_wconf 86' lang='lat' dir='ltr'>pullos</span> <span class='ocrx_word' id='word_1_21' title='bbox 935 571 1116 620; x_wconf 80' lang='lat' dir='ltr'>sorvorum</span> <span class='ocrx_word' id='word_1_22' title='bbox 1139 573 1300 643; x_wconf 83' lang='lat' dir='ltr'>passere,</span> <span class='ocrx_word' id='word_1_23' title='bbox 1324 559 1364 622; x_wconf 89' lang='lat' dir='ltr'>et</span> <span class='ocrx_word' id='word_1_24' title='bbox 1392 574 1544 644; x_wconf 75' lang='lat' dir='ltr'>passeres</span> <span class='ocrx_word' id='word_1_25' title='bbox 1610 587 1611 627; x_wconf 65' lang='lat'>2</span> 
     </span>
     <span class='ocr_line' id='line_1_4' title="bbox 374 652 1611 750; baseline 0.006 -28"><span class='ocrx_word' id='word_1_26' title='bbox 374 652 563 737; x_wconf 73' lang='lat' dir='ltr'>custodire,</span> <span class='ocrx_word' id='word_1_27' title='bbox 580 657 616 722; x_wconf 83' lang='lat' dir='ltr'>et</span> <span class='ocrx_word' id='word_1_28' title='bbox 631 653 710 722; x_wconf 85' lang='lat' dir='ltr'>lilia</span> <span class='ocrx_word' id='word_1_29' title='bbox 725 676 766 725; x_wconf 87' lang='lat' dir='ltr'>ae</span> <span class='ocrx_word' id='word_1_30' title='bbox 781 656 917 725; x_wconf 82' lang='lat' dir='ltr'>foenum</span> <span class='ocrx_word' id='word_1_31' title='bbox 941 655 1022 746; x_wconf 78' lang='lat' dir='ltr'>agri</span> <span class='ocrx_word' id='word_1_32' title='bbox 1044 656 1188 742; x_wconf 83' lang='lat' dir='ltr'>vestire,</span> <span class='ocrx_word' id='word_1_33' title='bbox 1205 667 1242 728; x_wconf 91' lang='lat' dir='ltr'>et</span> <span class='ocrx_word' id='word_1_34' title='bbox 1255 658 1406 750; x_wconf 75' lang='lat' dir='ltr'><strong>capillos</strong></span> <span class='ocrx_word' id='word_1_35' title='bbox 1421 659 1544 750; x_wconf 81' lang='lat' dir='ltr'>eapitis</span> <span class='ocrx_word' id='word_1_36' title='bbox 1610 713 1611 718; x_wconf 41' lang='lat'>.</span> 
     </span>
     <span class='ocr_line' id='line_1_5' title="bbox 374 759 1546 857; baseline 0.009 -31"><span class='ocrx_word' id='word_1_37' title='bbox 374 765 572 828; x_wconf 87' lang='lat' dir='ltr'>numeratos</span> <span class='ocrx_word' id='word_1_38' title='bbox 595 759 761 830; x_wconf 71' lang='lat' dir='ltr'>haberet</span> <span class='ocrx_word' id='word_1_39' title='bbox 799 763 893 832; x_wconf 88' lang='lat' dir='ltr'>Deus</span> <span class='ocrx_word' id='word_1_40' title='bbox 927 762 1060 832; x_wconf 87' lang='lat' dir='ltr'>dieitur</span> <span class='ocrx_word' id='word_1_41' title='bbox 1089 787 1158 832; x_wconf 90' lang='lat' dir='ltr'>nou</span> <span class='ocrx_word' id='word_1_42' title='bbox 1188 764 1300 834; x_wconf 86' lang='lat' dir='ltr'>solnm</span> <span class='ocrx_word' id='word_1_43' title='bbox 1326 765 1546 857; x_wconf 76' lang='lat' dir='ltr'>speoulativa</span> 
     </span>
    </p>
   </div>
   <div class='ocr_carea' id='block_1_2' title="bbox 374 866 1611 1067">
    <p class='ocr_par' dir='ltr' id='par_1_2' title="bbox 374 866 1611 1067">
     <span class='ocr_line' id='line_1_6' title="bbox 374 866 1611 964; baseline 0.005 -28"><span class='ocrx_word' id='word_1_44' title='bbox 374 866 434 936; x_wconf 90' lang='lat' dir='ltr'>sed</span> <span class='ocrx_word' id='word_1_45' title='bbox 457 867 603 936; x_wconf 84' lang='lat' dir='ltr'>maxime</span> <span class='ocrx_word' id='word_1_46' title='bbox 626 869 782 958; x_wconf 86' lang='lat' dir='ltr'>praetioa</span> <span class='ocrx_word' id='word_1_47' title='bbox 816 869 964 940; x_wconf 85' lang='lat' dir='ltr'>seientia</span> <span class='ocrx_word' id='word_1_48' title='bbox 993 891 1076 940; x_wconf 89' lang='lat' dir='ltr'>suae</span> <span class='ocrx_word' id='word_1_49' title='bbox 1106 872 1279 942; x_wconf 88' lang='lat' dir='ltr'>mirabilis</span> <span class='ocrx_word' id='word_1_50' title='bbox 1306 873 1546 964; x_wconf 81' lang='lat' dir='ltr'>providentias</span> <span class='ocrx_word' id='word_1_51' title='bbox 1610 919 1611 952; x_wconf 60' lang='lat'>1</span> 
     </span>
     <span class='ocr_line' id='line_1_7' title="bbox 374 973 1544 1067; baseline 0.005 -25"><span class='ocrx_word' id='word_1_52' title='bbox 374 974 432 1042; x_wconf 85' lang='lat' dir='ltr'>Pe.</span> <span class='ocrx_word' id='word_1_53' title='bbox 451 974 582 1044; x_wconf 88' lang='lat' dir='ltr'>XLIX.</span> <span class='ocrx_word' id='word_1_54' title='bbox 603 973 657 1064; x_wconf 84' lang='lat'>11;</span> <span class='ocrx_word' id='word_1_55' title='bbox 670 973 825 1047; x_wconf 81' lang='lat' dir='ltr'>CXLVI.</span> <span class='ocrx_word' id='word_1_56' title='bbox 841 976 874 1065; x_wconf 74' lang='lat'>93</span> <span class='ocrx_word' id='word_1_57' title='bbox 891 977 954 1046; x_wconf 91' lang='lat' dir='ltr'>Iob</span> <span class='ocrx_word' id='word_1_58' title='bbox 968 977 1173 1048; x_wconf 86' lang='lat' dir='ltr'>XXXVIII.</span> <span class='ocrx_word' id='word_1_59' title='bbox 1192 980 1249 1067; x_wconf 86' lang='lat'>41;</span> <span class='ocrx_word' id='word_1_60' title='bbox 1263 979 1393 1051; x_wconf 83' lang='lat' dir='ltr'>llattlr.</span> <span class='ocrx_word' id='word_1_61' title='bbox 1409 981 1478 1051; x_wconf 89' lang='lat' dir='ltr'>VI.</span> <span class='ocrx_word' id='word_1_62' title='bbox 1491 981 1544 1048; x_wconf 78' lang='grc'>26.</span> 
     </span>
    </p>
   </div>
   <div class='ocr_carea' id='block_1_3' title="bbox 373 1083 1611 4313">
    <p class='ocr_par' dir='ltr' id='par_1_3' title="bbox 373 1083 1611 4313">
     <span class='ocr_line' id='line_1_8' title="bbox 374 1083 1611 1178; baseline 0.011 -27"><span class='ocrx_word' id='word_1_63' title='bbox 374 1107 441 1176; x_wconf 86' lang='lat' dir='ltr'>sq.;</span> <span class='ocrx_word' id='word_1_64' title='bbox 467 1083 513 1152; x_wconf 87' lang='lat' dir='ltr'>X.</span> <span class='ocrx_word' id='word_1_65' title='bbox 538 1083 595 1152; x_wconf 72' lang='lat'>29.</span> <span class='ocrx_word' id='word_1_66' title='bbox 621 1083 676 1172; x_wconf 75' lang='lat'>303</span> <span class='ocrx_word' id='word_1_67' title='bbox 694 1085 781 1154; x_wconf 86' lang='lat' dir='ltr'>Lno.</span> <span class='ocrx_word' id='word_1_68' title='bbox 800 1085 883 1156; x_wconf 86' lang='lat' dir='ltr'>XII.</span> <span class='ocrx_word' id='word_1_69' title='bbox 903 1086 959 1160; x_wconf 64' lang='lat'>24</span> <span class='ocrx_word' id='word_1_70' title='bbox 985 1110 1037 1178; x_wconf 77' lang='lat' dir='ltr'>aq.</span> <span class='ocrx_word' id='word_1_71' title='bbox 1610 1167 1611 1172; x_wconf 59' lang='grc'>,</span> 
     </span>
     <span class='ocr_line' id='line_1_9' title="bbox 440 1190 1611 1286; baseline 0.006 -28"><span class='ocrx_word' id='word_1_72' title='bbox 440 1191 492 1258; x_wconf 88' lang='lat' dir='ltr'>De</span> <span class='ocrx_word' id='word_1_73' title='bbox 514 1190 771 1282; x_wconf 86' lang='lat' dir='ltr'>praedieatione</span> <span class='ocrx_word' id='word_1_74' title='bbox 794 1193 858 1264; x_wconf 83' lang='lat' dir='ltr'>SS.</span> <span class='ocrx_word' id='word_1_75' title='bbox 876 1193 1022 1264; x_wconf 88' lang='lat' dir='ltr'>Patrum</span> <span class='ocrx_word' id='word_1_76' title='bbox 1044 1194 1081 1262; x_wconf 89' lang='lat' dir='ltr'>in</span> <span class='ocrx_word' id='word_1_77' title='bbox 1097 1217 1135 1264; x_wconf 92' lang='lat' dir='ltr'>re</span> <span class='ocrx_word' id='word_1_78' title='bbox 1159 1195 1346 1264; x_wconf 75' lang='lat' dir='ltr'>manifesta</span> <span class='ocrx_word' id='word_1_79' title='bbox 1368 1217 1440 1264; x_wconf 91' lang='lat' dir='ltr'>non</span> <span class='ocrx_word' id='word_1_80' title='bbox 1464 1217 1547 1286; x_wconf 84' lang='lat' dir='ltr'>opus</span> <span class='ocrx_word' id='word_1_81' title='bbox 1610 1275 1611 1280; x_wconf 64' lang='lat'>,</span> 
     </span>
     <span class='ocr_line' id='line_1_10' title="bbox 373 1296 1611 1392; baseline 0.006 -26"><span class='ocrx_word' id='word_1_82' title='bbox 373 1304 428 1367; x_wconf 87' lang='lat' dir='ltr'>ast</span> <span class='ocrx_word' id='word_1_83' title='bbox 443 1296 557 1367; x_wconf 88' lang='lat' dir='ltr'>dieere</span> <span class='ocrx_word' id='word_1_84' title='bbox 572 1297 746 1389; x_wconf 86' lang='lat' dir='ltr'>pluribus.</span> <span class='ocrx_word' id='word_1_85' title='bbox 763 1299 870 1391; x_wconf 84' lang='lat' dir='ltr'><strong>Apud</strong></span> <span class='ocrx_word' id='word_1_86' title='bbox 885 1301 1066 1370; x_wconf 76' lang='lat' dir='ltr'>Irenaeum</span> <span class='ocrx_word' id='word_1_87' title='bbox 1082 1300 1107 1370; x_wconf 95' lang='lat' dir='ltr'>l.</span> <span class='ocrx_word' id='word_1_88' title='bbox 1126 1299 1175 1370; x_wconf 91' lang='lat' dir='ltr'>H.</span> <span class='ocrx_word' id='word_1_89' title='bbox 1191 1325 1222 1373; x_wconf 89' lang='lat' dir='ltr'>o.</span> <span class='ocrx_word' id='word_1_90' title='bbox 1236 1303 1293 1370; x_wconf 81' lang='grc'>26.</span> <span class='ocrx_word' id='word_1_91' title='bbox 1307 1301 1356 1370; x_wconf 91' lang='lat' dir='ltr'>al.</span> <span class='ocrx_word' id='word_1_92' title='bbox 1369 1303 1429 1371; x_wconf 75' lang='lat'>45.</span> <span class='ocrx_word' id='word_1_93' title='bbox 1444 1302 1548 1392; x_wconf 78' lang='lat' dir='ltr'>longa</span> <span class='ocrx_word' id='word_1_94' title='bbox 1610 1350 1611 1388; x_wconf 72' lang='lat'>3</span> 
     </span>
     <span class='ocr_line' id='line_1_11' title="bbox 374 1405 1546 1503; baseline 0.005 -28"><span class='ocrx_word' id='word_1_95' title='bbox 374 1412 428 1476; x_wconf 91' lang='lat' dir='ltr'>est</span> <span class='ocrx_word' id='word_1_96' title='bbox 450 1405 620 1494; x_wconf 75' lang='lat' dir='ltr'><strong>expositio</strong></span> <span class='ocrx_word' id='word_1_97' title='bbox 643 1406 685 1476; x_wconf 83' lang='lat' dir='ltr'>de</span> <span class='ocrx_word' id='word_1_98' title='bbox 707 1407 862 1477; x_wconf 86' lang='lat' dir='ltr'>numeris</span> <span class='ocrx_word' id='word_1_99' title='bbox 883 1408 1103 1480; x_wconf 88' lang='lat' dir='ltr'>minimorum</span> <span class='ocrx_word' id='word_1_100' title='bbox 1126 1431 1215 1502; x_wconf 88' lang='lat' dir='ltr'>quse</span> <span class='ocrx_word' id='word_1_101' title='bbox 1237 1411 1416 1496; x_wconf 87' lang='lat' dir='ltr'>existunt,</span> <span class='ocrx_word' id='word_1_102' title='bbox 1444 1409 1546 1503; x_wconf 82' lang='lat' dir='ltr'>sapil-</span> 
     </span>
     <span class='ocr_line' id='line_1_12' title="bbox 373 1510 1611 1604; baseline 0.006 -24"><span class='ocrx_word' id='word_1_103' title='bbox 373 1512 486 1580; x_wconf 89' lang='lat' dir='ltr'>lornm</span> <span class='ocrx_word' id='word_1_104' title='bbox 497 1510 636 1602; x_wconf 88' lang='lat' dir='ltr'>eapitis,</span> <span class='ocrx_word' id='word_1_105' title='bbox 650 1534 841 1602; x_wconf 82' lang='lat' dir='ltr'>passarum,</span> <span class='ocrx_word' id='word_1_106' title='bbox 855 1537 991 1602; x_wconf 84' lang='lat' dir='ltr'>arenae,</span> <span class='ocrx_word' id='word_1_107' title='bbox 1006 1515 1219 1586; x_wconf 87' lang='lat' dir='ltr'>ealoulornm</span> <span class='ocrx_word' id='word_1_108' title='bbox 1231 1525 1360 1604; x_wconf 86' lang='lat' dir='ltr'>terrae,</span> <span class='ocrx_word' id='word_1_109' title='bbox 1374 1517 1547 1588; x_wconf 76' lang='lat' dir='ltr'>fluctuum</span> <span class='ocrx_word' id='word_1_110' title='bbox 1610 1572 1611 1588; x_wconf 76' lang='grc'><strong>.</strong></span> 
     </span>
     <span class='ocr_line' id='line_1_13' title="bbox 375 1623 1611 1718; baseline 0.002 -26"><span class='ocrx_word' id='word_1_111' title='bbox 375 1623 500 1708; x_wconf 89' lang='lat' dir='ltr'>maris,</span> <span class='ocrx_word' id='word_1_112' title='bbox 526 1645 671 1715; x_wconf 86' lang='lat' dir='ltr'>qnorum</span> <span class='ocrx_word' id='word_1_113' title='bbox 695 1624 913 1716; x_wconf 79' lang='lat' dir='ltr'>singulorum</span> <span class='ocrx_word' id='word_1_114' title='bbox 937 1625 1109 1713; x_wconf 85' lang='lat' dir='ltr'>rationes,</span> <span class='ocrx_word' id='word_1_115' title='bbox 1139 1628 1226 1698; x_wconf 87' lang='lat' dir='ltr'>lines</span> <span class='ocrx_word' id='word_1_116' title='bbox 1256 1627 1494 1718; x_wconf 72' lang='lat' dir='ltr'>particulares</span> <span class='ocrx_word' id='word_1_117' title='bbox 1514 1633 1547 1696; x_wconf 92' lang='lat' dir='ltr'>et</span> <span class='ocrx_word' id='word_1_118' title='bbox 1610 1658 1611 1664; x_wconf 43' lang='lat'>¹</span> 
     </span>
     <span class='ocr_line' id='line_1_14' title="bbox 374 1731 1611 1828; baseline 0.001 -27"><span class='ocrx_word' id='word_1_119' title='bbox 374 1731 528 1802; x_wconf 87' lang='lat' dir='ltr'>ordinem</span> <span class='ocrx_word' id='word_1_120' title='bbox 553 1753 641 1802; x_wconf 88' lang='lat' dir='ltr'>vane</span> <span class='ocrx_word' id='word_1_121' title='bbox 657 1733 700 1800; x_wconf 89' lang='lat' dir='ltr'>ab</span> <span class='ocrx_word' id='word_1_122' title='bbox 716 1731 913 1806; x_wconf 90' lang='lat' dir='ltr'>hominibus</span> <span class='ocrx_word' id='word_1_123' title='bbox 936 1735 1075 1828; x_wconf 81' lang='lat' dir='ltr'>exquiri</span> <span class='ocrx_word' id='word_1_124' title='bbox 1090 1735 1154 1824; x_wconf 87' lang='lat' dir='ltr'>ait;</span> <span class='ocrx_word' id='word_1_125' title='bbox 1173 1743 1328 1808; x_wconf 87' lang='lat' dir='ltr'>attamen</span> <span class='ocrx_word' id='word_1_126' title='bbox 1351 1735 1547 1806; x_wconf 80' lang='lat' dir='ltr'>consentire</span> <span class='ocrx_word' id='word_1_127' title='bbox 1610 1787 1611 1802; x_wconf 54' lang='lat'><em>2</em></span> 
     </span>
     <span class='ocr_line' id='line_1_15' title="bbox 374 1837 1611 1936; baseline 0.004 -26"><span class='ocrx_word' id='word_1_128' title='bbox 374 1847 411 1910; x_wconf 88' lang='lat' dir='ltr'>et</span> <span class='ocrx_word' id='word_1_129' title='bbox 428 1837 532 1908; x_wconf 82' lang='lat' dir='ltr'>lateri</span> <span class='ocrx_word' id='word_1_130' title='bbox 549 1837 779 1928; x_wconf 75' lang='lat' dir='ltr'>Christianos,</span> <span class='ocrx_word' id='word_1_131' title='bbox 800 1843 914 1935; x_wconf 74' lang='lat' dir='ltr'>«quia</span> <span class='ocrx_word' id='word_1_132' title='bbox 936 1841 1027 1912; x_wconf 90' lang='lat' dir='ltr'>nihil</span> <span class='ocrx_word' id='word_1_133' title='bbox 1043 1843 1194 1914; x_wconf 90' lang='lat' dir='ltr'>omnium</span> <span class='ocrx_word' id='word_1_134' title='bbox 1208 1844 1333 1914; x_wconf 85' lang='lat' dir='ltr'>horum</span> <span class='ocrx_word' id='word_1_135' title='bbox 1348 1864 1439 1936; x_wconf 81' lang='lat' dir='ltr'>quae</span> <span class='ocrx_word' id='word_1_136' title='bbox 1455 1845 1548 1914; x_wconf 78' lang='lat' dir='ltr'>faeta</span> <span class='ocrx_word' id='word_1_137' title='bbox 1610 1895 1611 1932; x_wconf 69' lang='lat'>3</span> 
     </span>
     <span class='ocr_line' id='line_1_16' title="bbox 375 1948 1611 2043; baseline 0.002 -27"><span class='ocrx_word' id='word_1_138' title='bbox 375 1953 470 2034; x_wconf 83' lang='lat' dir='ltr'>sunt,</span> <span class='ocrx_word' id='word_1_139' title='bbox 488 1953 524 2016; x_wconf 89' lang='lat' dir='ltr'>et</span> <span class='ocrx_word' id='word_1_140' title='bbox 543 1969 631 2040; x_wconf 88' lang='lat' dir='ltr'>quae</span> <span class='ocrx_word' id='word_1_141' title='bbox 646 1948 738 2020; x_wconf 90' lang='lat' dir='ltr'>fiunt</span> <span class='ocrx_word' id='word_1_142' title='bbox 752 1957 788 2020; x_wconf 89' lang='lat' dir='ltr'>et</span> <span class='ocrx_word' id='word_1_143' title='bbox 803 1951 899 2036; x_wconf 87' lang='lat' dir='ltr'>fient,</span> <span class='ocrx_word' id='word_1_144' title='bbox 918 1951 1097 2020; x_wconf 82' lang='lat' dir='ltr'>seientiam</span> <span class='ocrx_word' id='word_1_145' title='bbox 1113 1952 1179 2020; x_wconf 90' lang='lat' dir='ltr'>Dei</span> <span class='ocrx_word' id='word_1_146' title='bbox 1202 1952 1312 2043; x_wconf 77' lang='lat' dir='ltr'>fugit3</span> <span class='ocrx_word' id='word_1_147' title='bbox 1338 1951 1398 2021; x_wconf 87' lang='lat' dir='ltr'>ssd</span> <span class='ocrx_word' id='word_1_148' title='bbox 1422 1973 1487 2042; x_wconf 85' lang='lat' dir='ltr'>per</span> <span class='ocrx_word' id='word_1_149' title='bbox 1508 1950 1548 2018; x_wconf 93' lang='lat' dir='ltr'>il·</span> <span class='ocrx_word' id='word_1_150' title='bbox 1610 2002 1611 2042; x_wconf 65' lang='lat'>3</span> 
     </span>
     <span class='ocr_line' id='line_1_17' title="bbox 374 2056 1546 2152; baseline 0 -26"><span class='ocrx_word' id='word_1_151' title='bbox 374 2057 446 2126; x_wconf 88' lang='lat' dir='ltr'>lius</span> <span class='ocrx_word' id='word_1_152' title='bbox 468 2056 721 2148; x_wconf 87' lang='lat' dir='ltr'>providentiam</span> <span class='ocrx_word' id='word_1_153' title='bbox 749 2057 1016 2152; x_wconf 88' lang='lat' dir='ltr'>unumquodque</span> <span class='ocrx_word' id='word_1_154' title='bbox 1045 2081 1164 2129; x_wconf 87' lang='lat' dir='ltr'>eornm</span> <span class='ocrx_word' id='word_1_155' title='bbox 1186 2067 1223 2130; x_wconf 90' lang='lat' dir='ltr'>et</span> <span class='ocrx_word' id='word_1_156' title='bbox 1245 2059 1404 2130; x_wconf 87' lang='lat' dir='ltr'>habitum</span> <span class='ocrx_word' id='word_1_157' title='bbox 1436 2067 1476 2128; x_wconf 90' lang='lat' dir='ltr'>et</span> <span class='ocrx_word' id='word_1_158' title='bbox 1498 2081 1546 2127; x_wconf 91' lang='lat' dir='ltr'>or·</span> 
     </span>
     <span class='ocr_line' id='line_1_18' title="bbox 374 2165 1546 2260; baseline 0.003 -26"><span class='ocrx_word' id='word_1_159' title='bbox 374 2165 488 2235; x_wconf 88' lang='lat' dir='ltr'>dinem</span> <span class='ocrx_word' id='word_1_160' title='bbox 504 2171 736 2236; x_wconf 83' lang='lat' dir='ltr'>strumarum</span> <span class='ocrx_word' id='word_1_161' title='bbox 752 2173 789 2237; x_wconf 88' lang='lat' dir='ltr'>et</span> <span class='ocrx_word' id='word_1_162' title='bbox 804 2169 1036 2260; x_wconf 74' lang='lat' dir='ltr'>quantitatem</span> <span class='ocrx_word' id='word_1_163' title='bbox 1060 2168 1215 2259; x_wconf 81' lang='lat' dir='ltr'>aeoipere</span> <span class='ocrx_word' id='word_1_164' title='bbox 1231 2175 1268 2237; x_wconf 89' lang='lat' dir='ltr'>et</span> <span class='ocrx_word' id='word_1_165' title='bbox 1281 2167 1458 2258; x_wconf 85' lang='lat' dir='ltr'>aooepisss</span> <span class='ocrx_word' id='word_1_166' title='bbox 1473 2189 1546 2258; x_wconf 77' lang='lat' dir='ltr'>pro</span> 
     </span>
     <span class='ocr_line' id='line_1_19' title="bbox 374 2273 1611 2369; baseline 0.005 -29"><span class='ocrx_word' id='word_1_167' title='bbox 374 2273 498 2366; x_wconf 83' lang='lat' dir='ltr'>priam,</span> <span class='ocrx_word' id='word_1_168' title='bbox 515 2278 552 2342; x_wconf 88' lang='lat' dir='ltr'>et</span> <span class='ocrx_word' id='word_1_169' title='bbox 567 2273 656 2342; x_wconf 90' lang='lat' dir='ltr'>nihil</span> <span class='ocrx_word' id='word_1_170' title='bbox 681 2277 818 2343; x_wconf 90' lang='lat' dir='ltr'>omuino</span> <span class='ocrx_word' id='word_1_171' title='bbox 842 2297 951 2369; x_wconf 89' lang='lat' dir='ltr'>neque</span> <span class='ocrx_word' id='word_1_172' title='bbox 976 2297 1077 2363; x_wconf 85' lang='lat' dir='ltr'>vane,</span> <span class='ocrx_word' id='word_1_173' title='bbox 1095 2299 1159 2346; x_wconf 90' lang='lat' dir='ltr'>neo</span> <span class='ocrx_word' id='word_1_174' title='bbox 1175 2283 1216 2346; x_wconf 90' lang='lat' dir='ltr'>ut</span> <span class='ocrx_word' id='word_1_175' title='bbox 1231 2276 1396 2367; x_wconf 85' lang='lat' dir='ltr'>provenit</span> <span class='ocrx_word' id='word_1_176' title='bbox 1410 2279 1546 2366; x_wconf 79' lang='lat' dir='ltr'>(grassa</span> <span class='ocrx_word' id='word_1_177' title='bbox 1610 2333 1611 2346; x_wconf 76' lang='grc'><strong>.</strong></span> 
     </span>
     <span class='ocr_line' id='line_1_20' title="bbox 376 2383 1547 2474; baseline -0.001 -23"><span class='ocrx_word' id='word_1_178' title='bbox 376 2383 487 2453; x_wconf 84' lang='lat' dir='ltr'>inerit</span> <span class='ocrx_word' id='word_1_179' title='bbox 507 2383 545 2456; x_wconf 81' lang='grc' dir='ltr'>ὠς</span> <span class='ocrx_word' id='word_1_180' title='bbox 559 2405 651 2471; x_wconf 78' lang='grc' dir='ltr'><strong>τυχον</strong></span> <span class='ocrx_word' id='word_1_181' title='bbox 674 2383 849 2474; x_wconf 82' lang='lat' dir='ltr'>fortuito),</span> <span class='ocrx_word' id='word_1_182' title='bbox 872 2385 1005 2455; x_wconf 84' lang='lat' dir='ltr'>laetum</span> <span class='ocrx_word' id='word_1_183' title='bbox 1026 2391 1092 2455; x_wconf 85' lang='lat' dir='ltr'>aut</span> <span class='ocrx_word' id='word_1_184' title='bbox 1113 2385 1211 2470; x_wconf 82' lang='lat' dir='ltr'>fieri,</span> <span class='ocrx_word' id='word_1_185' title='bbox 1236 2384 1297 2454; x_wconf 89' lang='lat' dir='ltr'>ead</span> <span class='ocrx_word' id='word_1_186' title='bbox 1319 2407 1400 2454; x_wconf 87' lang='lat' dir='ltr'>eum</span> <span class='ocrx_word' id='word_1_187' title='bbox 1422 2403 1547 2474; x_wconf 77' lang='lat' dir='ltr'>magna</span> 
     </span>
     <span class='ocr_line' id='line_1_21' title="bbox 375 2490 1611 2584; baseline -0.001 -25"><span class='ocrx_word' id='word_1_188' title='bbox 375 2491 554 2584; x_wconf 83' lang='lat' dir='ltr'>aptatione</span> <span class='ocrx_word' id='word_1_189' title='bbox 575 2497 612 2561; x_wconf 87' lang='lat' dir='ltr'>et</span> <span class='ocrx_word' id='word_1_190' title='bbox 625 2490 838 2561; x_wconf 83' lang='lat' dir='ltr'>oouseientia</span> <span class='ocrx_word' id='word_1_191' title='bbox 860 2491 1015 2580; x_wconf 86' lang='lat' dir='ltr'>sublimi;</span> <span class='ocrx_word' id='word_1_192' title='bbox 1033 2497 1071 2562; x_wconf 91' lang='lat' dir='ltr'>et</span> <span class='ocrx_word' id='word_1_193' title='bbox 1086 2514 1160 2561; x_wconf 90' lang='lat' dir='ltr'>ease</span> <span class='ocrx_word' id='word_1_194' title='bbox 1175 2490 1418 2562; x_wconf 75' lang='lat' dir='ltr'>admirabilem</span> <span class='ocrx_word' id='word_1_195' title='bbox 1441 2490 1545 2560; x_wconf 83' lang='lat' dir='ltr'>ratio</span> <span class='ocrx_word' id='word_1_196' title='bbox 1610 2545 1611 2584; x_wconf 49' lang='lat'>3</span> 
     </span>
     <span class='ocr_line' id='line_1_22' title="bbox 375 2599 1611 2692; baseline 0.002 -24"><span class='ocrx_word' id='word_1_197' title='bbox 375 2623 465 2686; x_wconf 86' lang='lat' dir='ltr'>nem,</span> <span class='ocrx_word' id='word_1_198' title='bbox 483 2621 572 2692; x_wconf 86' lang='lat' dir='ltr'>quae</span> <span class='ocrx_word' id='word_1_199' title='bbox 593 2599 706 2691; x_wconf 85' lang='lat' dir='ltr'>possit</span> <span class='ocrx_word' id='word_1_200' title='bbox 720 2600 921 2671; x_wconf 85' lang='lat' dir='ltr'>huiusmodi</span> <span class='ocrx_word' id='word_1_201' title='bbox 936 2609 973 2672; x_wconf 89' lang='lat' dir='ltr'>st</span> <span class='ocrx_word' id='word_1_202' title='bbox 986 2601 1182 2672; x_wconf 79' lang='lat' dir='ltr'>disseruere</span> <span class='ocrx_word' id='word_1_203' title='bbox 1198 2608 1235 2671; x_wconf 89' lang='lat' dir='ltr'>et</span> <span class='ocrx_word' id='word_1_204' title='bbox 1248 2621 1373 2672; x_wconf 87' lang='lat' dir='ltr'>oausas</span> <span class='ocrx_word' id='word_1_205' title='bbox 1388 2600 1546 2691; x_wconf 82' lang='lat' dir='ltr'>proprias</span> <span class='ocrx_word' id='word_1_206' title='bbox 1610 2653 1611 2692; x_wconf 54' lang='lat'><em>³</em></span> 
     </span>
     <span class='ocr_line' id='line_1_23' title="bbox 375 2707 1611 2801; baseline -0.002 -23"><span class='ocrx_word' id='word_1_207' title='bbox 375 2707 572 2778; x_wconf 83' lang='lat' dir='ltr'>enuntiare.</span> <span class='ocrx_word' id='word_1_208' title='bbox 584 2735 602 2772; x_wconf 78' lang='lat' dir='ltr'>n</span> <span class='ocrx_word' id='word_1_209' title='bbox 616 2707 707 2778; x_wconf 86' lang='lat' dir='ltr'>Vide</span> <span class='ocrx_word' id='word_1_210' title='bbox 721 2707 789 2778; x_wconf 91' lang='lat' dir='ltr'>PP.</span> <span class='ocrx_word' id='word_1_211' title='bbox 809 2708 902 2800; x_wconf 84' lang='lat' dir='ltr'>apud</span> <span class='ocrx_word' id='word_1_212' title='bbox 919 2709 1042 2779; x_wconf 74' lang='lat' dir='ltr'>Patav.</span> <span class='ocrx_word' id='word_1_213' title='bbox 1057 2708 1083 2778; x_wconf 93' lang='lat' dir='ltr'>l.</span> <span class='ocrx_word' id='word_1_214' title='bbox 1099 2709 1162 2779; x_wconf 90' lang='lat' dir='ltr'>IV.</span> <span class='ocrx_word' id='word_1_215' title='bbox 1177 2731 1208 2778; x_wconf 87' lang='lat' dir='ltr'>e.</span> <span class='ocrx_word' id='word_1_216' title='bbox 1223 2708 1256 2798; x_wconf 69' lang='grc' dir='ltr'>ὃς</span> <span class='ocrx_word' id='word_1_217' title='bbox 1270 2708 1362 2778; x_wconf 80' lang='lat' dir='ltr'>Ruiz</span> <span class='ocrx_word' id='word_1_218' title='bbox 1375 2707 1468 2799; x_wconf 85' lang='lat' dir='ltr'>disp.</span> <span class='ocrx_word' id='word_1_219' title='bbox 1481 2707 1544 2776; x_wconf 90' lang='lat' dir='ltr'>IX.</span> <span class='ocrx_word' id='word_1_220' title='bbox 1610 2760 1611 2801; x_wconf 63' lang='lat'>3</span> 
     </span>
     <span class='ocr_line' id='line_1_24' title="bbox 443 2813 1545 2905; baseline -0.003 -21"><span class='ocrx_word' id='word_1_221' title='bbox 443 2813 644 2885; x_wconf 86' lang='lat' dir='ltr'>Universim</span> <span class='ocrx_word' id='word_1_222' title='bbox 666 2813 821 2885; x_wconf 87' lang='lat' dir='ltr'>aethaeo</span> <span class='ocrx_word' id='word_1_223' title='bbox 844 2815 978 2886; x_wconf 84' lang='lat' dir='ltr'>veritas</span> <span class='ocrx_word' id='word_1_224' title='bbox 995 2815 1032 2884; x_wconf 91' lang='lat' dir='ltr'>in</span> <span class='ocrx_word' id='word_1_225' title='bbox 1049 2837 1218 2886; x_wconf 87' lang='lat' dir='ltr'>oonsenen</span> <span class='ocrx_word' id='word_1_226' title='bbox 1241 2813 1437 2886; x_wconf 75' lang='lat' dir='ltr'>christiano</span> <span class='ocrx_word' id='word_1_227' title='bbox 1447 2813 1545 2905; x_wconf 83' lang='lat' dir='ltr'>plane</span> 
     </span>
     <span class='ocr_line' id='line_1_25' title="bbox 377 2922 1611 3020; baseline -0.005 -24"><span class='ocrx_word' id='word_1_228' title='bbox 377 2924 618 2996; x_wconf 81' lang='lat' dir='ltr'>testatissima.</span> <span class='ocrx_word' id='word_1_229' title='bbox 636 2922 689 2990; x_wconf 87' lang='lat' dir='ltr'>Ex</span> <span class='ocrx_word' id='word_1_230' title='bbox 706 2946 774 3015; x_wconf 92' lang='lat' dir='ltr'>quo</span> <span class='ocrx_word' id='word_1_231' title='bbox 789 2923 842 3008; x_wconf 81' lang='lat' dir='ltr'>fit,</span> <span class='ocrx_word' id='word_1_232' title='bbox 862 2930 902 2993; x_wconf 88' lang='lat' dir='ltr'>ut</span> <span class='ocrx_word' id='word_1_233' title='bbox 922 2923 1025 2993; x_wconf 87' lang='lat' dir='ltr'>nulla</span> <span class='ocrx_word' id='word_1_234' title='bbox 1047 2923 1159 3015; x_wconf 86' lang='lat' dir='ltr'>possit</span> <span class='ocrx_word' id='word_1_235' title='bbox 1180 2945 1254 2994; x_wconf 86' lang='lat' dir='ltr'>essa</span> <span class='ocrx_word' id='word_1_236' title='bbox 1277 2923 1349 2992; x_wconf 92' lang='lat' dir='ltr'>uisi</span> <span class='ocrx_word' id='word_1_237' title='bbox 1365 2924 1459 2992; x_wconf 83' lang='lat' dir='ltr'>forte</span> <span class='ocrx_word' id='word_1_238' title='bbox 1473 2922 1544 2990; x_wconf 86' lang='lat' dir='ltr'>her·</span> <span class='ocrx_word' id='word_1_239' title='bbox 1610 2975 1611 3020; x_wconf 40' lang='lat'>1</span> 
     </span>
     <span class='ocr_line' id='line_1_26' title="bbox 377 3029 1541 3122; baseline -0.006 -20"><span class='ocrx_word' id='word_1_240' title='bbox 377 3031 570 3104; x_wconf 88' lang='lat' dir='ltr'>menentios</span> <span class='ocrx_word' id='word_1_241' title='bbox 592 3031 782 3102; x_wconf 79' lang='lat' dir='ltr'>difficultas</span> <span class='ocrx_word' id='word_1_242' title='bbox 805 3033 842 3100; x_wconf 92' lang='lat' dir='ltr'>in</span> <span class='ocrx_word' id='word_1_243' title='bbox 865 3033 940 3102; x_wconf 91' lang='lat' dir='ltr'>loeo</span> <span class='ocrx_word' id='word_1_244' title='bbox 956 3032 994 3102; x_wconf 86' lang='lat' dir='ltr'>S.</span> <span class='ocrx_word' id='word_1_245' title='bbox 1004 3031 1211 3122; x_wconf 82' lang='lat' dir='ltr'>Hieronymi</span> <span class='ocrx_word' id='word_1_246' title='bbox 1226 3031 1278 3120; x_wconf 89' lang='lat' dir='ltr'>(in</span> <span class='ocrx_word' id='word_1_247' title='bbox 1295 3031 1428 3100; x_wconf 90' lang='lat' dir='ltr'>Habao.</span> <span class='ocrx_word' id='word_1_248' title='bbox 1446 3029 1541 3098; x_wconf 84' lang='lat'>1.14.</span> 
     </span>
     <span class='ocr_line' id='line_1_27' title="bbox 377 3136 1544 3232; baseline -0.005 -22"><span class='ocrx_word' id='word_1_249' title='bbox 377 3139 903 3232; x_wconf 74' lang='lat' dir='ltr'>r.V1.p.604.0d.vaua1-si).</span> <span class='ocrx_word' id='word_1_250' title='bbox 920 3139 1155 3211; x_wconf 77' lang='lat' dir='ltr'>«absurdum</span> <span class='ocrx_word' id='word_1_251' title='bbox 1177 3146 1243 3225; x_wconf 82' lang='lat' dir='ltr'>est,</span> <span class='ocrx_word' id='word_1_252' title='bbox 1269 3139 1398 3232; x_wconf 82' lang='lat' dir='ltr'>inquit,</span> <span class='ocrx_word' id='word_1_253' title='bbox 1417 3137 1464 3206; x_wconf 92' lang='lat' dir='ltr'>ad</span> <span class='ocrx_word' id='word_1_254' title='bbox 1484 3136 1544 3204; x_wconf 88' lang='lat' dir='ltr'>hoo</span> 
     </span>
     <span class='ocr_line' id='line_1_28' title="bbox 375 3242 1540 3338; baseline -0.006 -18"><span class='ocrx_word' id='word_1_255' title='bbox 375 3250 441 3320; x_wconf 87' lang='lat' dir='ltr'>Dei</span> <span class='ocrx_word' id='word_1_256' title='bbox 464 3248 631 3318; x_wconf 86' lang='lat' dir='ltr'>dednoere</span> <span class='ocrx_word' id='word_1_257' title='bbox 662 3247 897 3334; x_wconf 74' lang='lat' dir='ltr'>maiestatem,</span> <span class='ocrx_word' id='word_1_258' title='bbox 925 3254 966 3317; x_wconf 90' lang='lat' dir='ltr'>ut</span> <span class='ocrx_word' id='word_1_259' title='bbox 988 3249 1079 3318; x_wconf 85' lang='lat' dir='ltr'>suist</span> <span class='ocrx_word' id='word_1_260' title='bbox 1101 3269 1164 3338; x_wconf 85' lang='lat' dir='ltr'>per</span> <span class='ocrx_word' id='word_1_261' title='bbox 1193 3251 1365 3316; x_wconf 86' lang='lat' dir='ltr'>momenta</span> <span class='ocrx_word' id='word_1_262' title='bbox 1386 3242 1540 3335; x_wconf 75' lang='lat' dir='ltr'>singula,</span> 
     </span>
     <span class='ocr_line' id='line_1_29' title="bbox 377 3351 1542 3451; baseline -0.007 -24"><span class='ocrx_word' id='word_1_263' title='bbox 377 3363 464 3451; x_wconf 88' lang='lat' dir='ltr'>quot</span> <span class='ocrx_word' id='word_1_264' title='bbox 485 3363 675 3426; x_wconf 84' lang='lat' dir='ltr'>naseuntur</span> <span class='ocrx_word' id='word_1_265' title='bbox 697 3355 846 3441; x_wconf 84' lang='lat' dir='ltr'>euliees,</span> <span class='ocrx_word' id='word_1_266' title='bbox 872 3361 1001 3448; x_wconf 86' lang='lat' dir='ltr'>quotve</span> <span class='ocrx_word' id='word_1_267' title='bbox 1032 3355 1246 3442; x_wconf 88' lang='lat' dir='ltr'>moriantnr;</span> <span class='ocrx_word' id='word_1_268' title='bbox 1273 3375 1361 3446; x_wconf 83' lang='lat' dir='ltr'>qnae</span> <span class='ocrx_word' id='word_1_269' title='bbox 1391 3351 1542 3423; x_wconf 86' lang='lat' dir='ltr'>eimioum</span> 
     </span>
     <span class='ocr_line' id='line_1_30' title="bbox 377 3459 1543 3554; baseline -0.005 -18"><span class='ocrx_word' id='word_1_270' title='bbox 377 3473 415 3536; x_wconf 88' lang='lat' dir='ltr'>et</span> <span class='ocrx_word' id='word_1_271' title='bbox 430 3463 581 3535; x_wconf 89' lang='lat' dir='ltr'>oulioum</span> <span class='ocrx_word' id='word_1_272' title='bbox 595 3469 632 3534; x_wconf 91' lang='lat' dir='ltr'>et</span> <span class='ocrx_word' id='word_1_273' title='bbox 646 3484 842 3533; x_wconf 75' lang='lat' dir='ltr'>muscarum</span> <span class='ocrx_word' id='word_1_274' title='bbox 858 3463 958 3532; x_wconf 91' lang='lat' dir='ltr'>sitin</span> <span class='ocrx_word' id='word_1_275' title='bbox 973 3470 1069 3533; x_wconf 83' lang='lat' dir='ltr'>terra</span> <span class='ocrx_word' id='word_1_276' title='bbox 1084 3463 1284 3547; x_wconf 87' lang='lat' dir='ltr'>multitudo,</span> <span class='ocrx_word' id='word_1_277' title='bbox 1300 3461 1426 3554; x_wconf 89' lang='lat' dir='ltr'>quanti</span> <span class='ocrx_word' id='word_1_278' title='bbox 1440 3459 1543 3551; x_wconf 75' lang='lat' dir='ltr'>pina</span> 
     </span>
     <span class='ocr_line' id='line_1_31' title="bbox 378 3567 1541 3666; baseline -0.006 -23"><span class='ocrx_word' id='word_1_279' title='bbox 378 3575 415 3643; x_wconf 90' lang='lat' dir='ltr'>in</span> <span class='ocrx_word' id='word_1_280' title='bbox 440 3595 530 3666; x_wconf 85' lang='lat' dir='ltr'>aqua</span> <span class='ocrx_word' id='word_1_281' title='bbox 553 3580 688 3658; x_wconf 86' lang='lat' dir='ltr'>natent,</span> <span class='ocrx_word' id='word_1_282' title='bbox 713 3571 832 3665; x_wconf 88' lang='lat' dir='ltr'>etqui</span> <span class='ocrx_word' id='word_1_283' title='bbox 855 3571 899 3642; x_wconf 87' lang='lat' dir='ltr'>da</span> <span class='ocrx_word' id='word_1_284' title='bbox 921 3571 1112 3641; x_wconf 86' lang='lat' dir='ltr'>minoribus</span> <span class='ocrx_word' id='word_1_285' title='bbox 1135 3570 1304 3640; x_wconf 85' lang='lat' dir='ltr'>meierum</span> <span class='ocrx_word' id='word_1_286' title='bbox 1326 3567 1476 3660; x_wconf 80' lang='lat' dir='ltr'>praedae</span> <span class='ocrx_word' id='word_1_287' title='bbox 1496 3587 1541 3636; x_wconf 72' lang='lat' dir='ltr'>oa</span> 
     </span>
     <span class='ocr_line' id='line_1_32' title="bbox 379 3675 1541 3762; baseline -0.007 -9"><span class='ocrx_word' id='word_1_288' title='bbox 379 3683 459 3754; x_wconf 90' lang='lat' dir='ltr'>dere</span> <span class='ocrx_word' id='word_1_289' title='bbox 482 3681 640 3752; x_wconf 86' lang='lat' dir='ltr'>debeant.</span> <span class='ocrx_word' id='word_1_290' title='bbox 658 3681 736 3752; x_wconf 88' lang='lat' dir='ltr'>Non</span> <span class='ocrx_word' id='word_1_291' title='bbox 751 3681 860 3750; x_wconf 89' lang='lat' dir='ltr'>simus</span> <span class='ocrx_word' id='word_1_292' title='bbox 876 3685 948 3748; x_wconf 87' lang='lat' dir='ltr'>tam</span> <span class='ocrx_word' id='word_1_293' title='bbox 972 3680 1065 3750; x_wconf 83' lang='lat' dir='ltr'>fatui</span> <span class='ocrx_word' id='word_1_294' title='bbox 1086 3678 1288 3752; x_wconf 77' lang='lat' dir='ltr'>adulatores</span> <span class='ocrx_word' id='word_1_295' title='bbox 1301 3677 1379 3761; x_wconf 85' lang='lat' dir='ltr'>Dei,</span> <span class='ocrx_word' id='word_1_296' title='bbox 1398 3683 1451 3762; x_wconf 79' lang='lat' dir='ltr'>nt,</span> <span class='ocrx_word' id='word_1_297' title='bbox 1469 3675 1541 3746; x_wconf 85' lang='lat' dir='ltr'>dnn</span> 
     </span>
     <span class='ocr_line' id='line_1_33' title="bbox 379 3782 1541 3884; baseline -0.01 -22"><span class='ocrx_word' id='word_1_298' title='bbox 379 3791 570 3884; x_wconf 84' lang='lat' dir='ltr'>potentiam</span> <span class='ocrx_word' id='word_1_299' title='bbox 593 3789 668 3859; x_wconf 88' lang='lat' dir='ltr'>eine</span> <span class='ocrx_word' id='word_1_300' title='bbox 691 3787 796 3858; x_wconf 90' lang='lat' dir='ltr'>etiam</span> <span class='ocrx_word' id='word_1_301' title='bbox 818 3787 863 3858; x_wconf 88' lang='lat' dir='ltr'>ad</span> <span class='ocrx_word' id='word_1_302' title='bbox 886 3787 955 3856; x_wconf 89' lang='lat' dir='ltr'>ima</span> <span class='ocrx_word' id='word_1_303' title='bbox 978 3787 1206 3872; x_wconf 84' lang='lat' dir='ltr'>detrahimus,</span> <span class='ocrx_word' id='word_1_304' title='bbox 1232 3785 1269 3854; x_wconf 91' lang='lat' dir='ltr'>in</span> <span class='ocrx_word' id='word_1_305' title='bbox 1296 3807 1359 3854; x_wconf 88' lang='lat' dir='ltr'>nos</span> <span class='ocrx_word' id='word_1_306' title='bbox 1381 3785 1477 3876; x_wconf 87' lang='lat' dir='ltr'>ipsos</span> <span class='ocrx_word' id='word_1_307' title='bbox 1497 3782 1541 3850; x_wconf 87' lang='lat' dir='ltr'>ir·</span> 
     </span>
     <span class='ocr_line' id='line_1_34' title="bbox 380 3890 1542 3986; baseline -0.012 -17"><span class='ocrx_word' id='word_1_308' title='bbox 380 3898 506 3969; x_wconf 85' lang='lat' dir='ltr'>iuriosi</span> <span class='ocrx_word' id='word_1_309' title='bbox 529 3897 649 3982; x_wconf 81' lang='lat' dir='ltr'>silaus,</span> <span class='ocrx_word' id='word_1_310' title='bbox 676 3894 813 3964; x_wconf 77' lang='lat' dir='ltr'>eandem</span> <span class='ocrx_word' id='word_1_311' title='bbox 835 3895 1100 3962; x_wconf 74' lang='lat' dir='ltr'>rationabilium</span> <span class='ocrx_word' id='word_1_312' title='bbox 1124 3919 1227 3986; x_wconf 75' lang='lat' dir='ltr'>quom</span> <span class='ocrx_word' id='word_1_313' title='bbox 1252 3890 1542 3959; x_wconf 54' lang='lat' dir='ltr'>irrationabilius</span> 
     </span>
     <span class='ocr_line' id='line_1_35' title="bbox 379 3995 1540 4096; baseline -0.007 -21"><span class='ocrx_word' id='word_1_314' title='bbox 379 4005 631 4096; x_wconf 75' lang='lat' dir='ltr'>prooe&#39;dentiam</span> <span class='ocrx_word' id='word_1_315' title='bbox 654 4027 721 4072; x_wconf 81' lang='lat' dir='ltr'>esse</span> <span class='ocrx_word' id='word_1_316' title='bbox 744 4002 902 4072; x_wconf 76' lang='lat' dir='ltr'>dieentes.</span> <span class='ocrx_word' id='word_1_317' title='bbox 927 4029 943 4065; x_wconf 77' lang='lat' dir='ltr'>n</span> <span class='ocrx_word' id='word_1_318' title='bbox 970 4003 1008 4073; x_wconf 88' lang='lat' dir='ltr'>S.</span> <span class='ocrx_word' id='word_1_319' title='bbox 1029 4003 1158 4072; x_wconf 89' lang='lat' dir='ltr'>Doetor</span> <span class='ocrx_word' id='word_1_320' title='bbox 1180 4023 1248 4070; x_wconf 88' lang='lat' dir='ltr'>uon</span> <span class='ocrx_word' id='word_1_321' title='bbox 1273 3999 1351 4090; x_wconf 80' lang='lat' dir='ltr'>agit</span> <span class='ocrx_word' id='word_1_322' title='bbox 1380 3995 1540 4090; x_wconf 80' lang='lat' dir='ltr'>imprimis</span> 
     </span>
     <span class='ocr_line' id='line_1_36' title="bbox 380 4105 1541 4202; baseline -0.009 -18"><span class='ocrx_word' id='word_1_323' title='bbox 380 4115 423 4184; x_wconf 91' lang='lat' dir='ltr'>de</span> <span class='ocrx_word' id='word_1_324' title='bbox 446 4113 593 4184; x_wconf 87' lang='lat' dir='ltr'>seientia</span> <span class='ocrx_word' id='word_1_325' title='bbox 624 4111 771 4182; x_wconf 78' lang='lat' dir='ltr'>visionis</span> <span class='ocrx_word' id='word_1_326' title='bbox 802 4109 1038 4202; x_wconf 76' lang='lat' dir='ltr'>speculativa,</span> <span class='ocrx_word' id='word_1_327' title='bbox 1065 4111 1125 4180; x_wconf 86' lang='lat' dir='ltr'>sed</span> <span class='ocrx_word' id='word_1_328' title='bbox 1148 4109 1190 4180; x_wconf 94' lang='lat' dir='ltr'>de</span> <span class='ocrx_word' id='word_1_329' title='bbox 1219 4107 1368 4180; x_wconf 86' lang='lat' dir='ltr'>seientia</span> <span class='ocrx_word' id='word_1_330' title='bbox 1397 4105 1541 4199; x_wconf 84' lang='lat' dir='ltr'>praetiea</span> 
     </span>
     <span class='ocr_line' id='line_1_37' title="bbox 383 4213 1536 4313; baseline -0.009 -23"><span class='ocrx_word' id='word_1_331' title='bbox 383 4221 634 4313; x_wconf 83' lang='lat' dir='ltr'>providentiae.</span> <span class='ocrx_word' id='word_1_332' title='bbox 661 4219 793 4291; x_wconf 89' lang='lat' dir='ltr'>Deinde</span> <span class='ocrx_word' id='word_1_333' title='bbox 816 4242 883 4288; x_wconf 91' lang='lat' dir='ltr'>non</span> <span class='ocrx_word' id='word_1_334' title='bbox 907 4218 985 4310; x_wconf 85' lang='lat' dir='ltr'>agit</span> <span class='ocrx_word' id='word_1_335' title='bbox 1006 4219 1049 4288; x_wconf 89' lang='lat' dir='ltr'>de</span> <span class='ocrx_word' id='word_1_336' title='bbox 1072 4217 1294 4310; x_wconf 82' lang='lat' dir='ltr'>providentia</span> <span class='ocrx_word' id='word_1_337' title='bbox 1324 4213 1536 4306; x_wconf 76' lang='lat' dir='ltr'>simpliciter,</span> 
     </span>
    </p>
   </div>
   <div class='ocr_carea' id='block_1_4' title="bbox 382 4319 1538 4528">
    <p class='ocr_par' dir='ltr' id='par_1_4' title="bbox 382 4319 1538 4528">
     <span class='ocr_line' id='line_1_38' title="bbox 382 4319 1538 4420; baseline -0.01 -22"><span class='ocrx_word' id='word_1_338' title='bbox 382 4328 442 4399; x_wconf 84' lang='lat' dir='ltr'>aad</span> <span class='ocrx_word' id='word_1_339' title='bbox 466 4328 508 4400; x_wconf 92' lang='lat' dir='ltr'>de</span> <span class='ocrx_word' id='word_1_340' title='bbox 538 4327 759 4420; x_wconf 82' lang='lat' dir='ltr'>providentia</span> <span class='ocrx_word' id='word_1_341' title='bbox 789 4326 933 4420; x_wconf 86' lang='lat' dir='ltr'>speeiali</span> <span class='ocrx_word' id='word_1_342' title='bbox 957 4327 1001 4396; x_wconf 87' lang='lat' dir='ltr'>ed</span> <span class='ocrx_word' id='word_1_343' title='bbox 1031 4323 1125 4394; x_wconf 85' lang='lat' dir='ltr'>soles</span> <span class='ocrx_word' id='word_1_344' title='bbox 1154 4331 1334 4396; x_wconf 85' lang='lat' dir='ltr'>ereaturas</span> <span class='ocrx_word' id='word_1_345' title='bbox 1363 4319 1538 4392; x_wconf 85' lang='lat' dir='ltr'>rationales</span> 
     </span>
     <span class='ocr_line' id='line_1_39' title="bbox 384 4427 1538 4528; baseline -0.011 -22"><span class='ocrx_word' id='word_1_346' title='bbox 384 4437 590 4526; x_wconf 84' lang='lat' dir='ltr'>pertinente,</span> <span class='ocrx_word' id='word_1_347' title='bbox 610 4457 696 4528; x_wconf 89' lang='lat' dir='ltr'>quae</span> <span class='ocrx_word' id='word_1_348' title='bbox 720 4436 813 4505; x_wconf 87' lang='lat' dir='ltr'>solae</span> <span class='ocrx_word' id='word_1_349' title='bbox 836 4442 982 4526; x_wconf 86' lang='lat' dir='ltr'>possunt</span> <span class='ocrx_word' id='word_1_350' title='bbox 1004 4456 1078 4504; x_wconf 83' lang='lat' dir='ltr'>esse</span> <span class='ocrx_word' id='word_1_351' title='bbox 1103 4431 1272 4502; x_wconf 78' lang='lat' dir='ltr'>obiectum</span> <span class='ocrx_word' id='word_1_352' title='bbox 1297 4453 1402 4501; x_wconf 84' lang='lat' dir='ltr'>ouras</span> <span class='ocrx_word' id='word_1_353' title='bbox 1418 4427 1538 4499; x_wconf 81' lang='lat' dir='ltr'>etdile</span> 
     </span>
    </p>
   </div>
   <div class='ocr_carea' id='block_1_5' title="bbox 0 0 1626 5072">
    <p class='ocr_par' dir='ltr' id='par_1_5' title="bbox 0 0 1626 5072">
     <span class='ocr_line' id='line_1_40' title="bbox 0 0 1626 5072; baseline 0 0"><span class='ocrx_word' id='word_1_354' title='bbox 0 0 1626 5072; x_wconf 95' lang='lat' dir='ltr'> </span> 
     </span>
    </p>
   </div>
  </div>
 </body>
</html>
