3292 5062
549 383 586 399 -
611 350 669 410 143
691 381 729 395 -

67 455 196 525 mutiali
219 456 395 526 facultate
410 457 643 538 intellectiva,
665 475 754 547 quae
770 459 949 544 tamquam
967 455 1233 524 fundamentum

66 564 273 653 supponitur,
292 587 355 654 per
378 585 494 632 omues
516 551 650 653 gradus
673 583 783 653 usqne
807 561 851 629 ad
874 560 992 629 lumen
1017 563 1166 652 gloriae)
1181 572 1234 632 est

66 669 168 758 imago
196 669 263 738 Dei
297 669 500 738 intellectus
529 668 663 736 infiniti
695 675 731 735 et
753 667 948 756 sapientiae
971 669 1229 738 substantialis.

65 775 227 844 Videlicet
249 777 345 845 sicut
367 777 461 844 Deus
485 775 674 845 secundnm
698 773 887 842 essentiam
905 774 1079 843 infinitam
1092 783 1146 844 est
1161 776 1232 865 pri·

64 906 113 949 ma
133 905 236 952 causa
258 889 295 950 et
316 883 494 972 exemplar
516 881 627 949 omnis
651 881 944 962 rosamundam
969 881 1079 950 vitam
1095 883 1233 951 absolu·

64 997 129 1056 tarn
148 997 201 1056 est
227 988 343 1078 prima
366 1009 472 1056 eausa
484 994 520 1054 et
532 987 707 1076 exemplar
724 989 835 1056 omnis
853 988 960 1072 vitae,
976 988 1163 1056 secundum
1180 990 1232 1057 iu·

64 1097 188 1164 stitiam
222 1101 280 1164 est
311 1094 425 1184 prima
454 1116 561 1163 causa
591 1101 627 1162 et
654 1093 831 1182 exemplar
862 1094 972 1161 omnis
1004 1093 1164 1162 iustitiae
1194 1095 1232 1162 in

63 1203 225 1272 creaturis
250 1208 335 1288 ete.;
353 1202 406 1269 ita
429 1200 617 1269 secundum
642 1199 732 1292 quod
755 1205 811 1267 est
833 1201 1007 1288 sapientia
1030 1207 1066 1268 et
1096 1201 1232 1269 intelle-

65 1319 134 1378 ctus
154 1308 366 1393 absolutns‚'
389 1315 445 1376 est
467 1309 579 1398 prima
603 1330 708 1376 causa
730 1314 767 1376 et
789 1307 969 1396 exemplar
993 1309 1105 1375 omnis
1128 1308 1231 1377 intel·

61 1417 164 1486 lectus
185 1426 222 1486 et
247 1418 359 1486 omnis
371 1414 582 1505 cognitionis
594 1415 631 1482 in
646 1415 832 1482 creaturis.
850 1413 1047 1483 Secundum
1060 1413 1230 1504 duplicem

65 1546 138 1592 roro
158 1524 249 1592 hanc
272 1524 444 1591 rationem
460 1520 708 1610 dependentiae
723 1529 759 1587 et
782 1520 992 1587 imitationis
1009 1520 1231 1610 intelligitur

64 1631 147 1700 daut
167 1655 236 1698 esec
262 1633 526 1720 participatum,
552 1631 640 1707 cito,
660 1631 802 1693 iustitia
828 1635 865 1695 et
888 1634 1023 1700 ceterae
1043 1628 1231 1717 perfectio-

64 1760 114 1802 nes
130 1740 377 1826 participatae,
397 1739 449 1802 itu
465 1735 576 1801 lumea
594 1733 828 1801 intellectuale
838 1737 1093 1822 participatam
1109 1759 1130 1801 a
1144 1735 1229 1819 Dee,

22 1909 28 1922 ,
65 1855 99 1910 ut
120 1843 179 1910 tua
200 1854 256 1912 est
279 1842 452 1924 absoluta,
478 1847 655 1932 tamquam
678 1841 836 1936 aprima
860 1861 965 1909 cansa
1001 1841 1171 1910 efficiente
1196 1849 1233 1910 et

64 1951 254 2041 exemplari.
273 1950 377 2019 Sicut
399 1971 482 2038 ergo
504 1949 599 2016 Deus
630 1956 684 2016 est
710 1971 740 2016 a.
760 1974 795 2038 g.
815 1947 957 2016 iustitia
989 1953 1132 2033 nostra,
1161 1970 1230 2016 non

66 2059 152 2150 quasi
175 2059 331 2144 iustitia,
358 2079 427 2149 qna
451 2057 647 2125 formaliter
670 2056 756 2124 insti
780 2079 900 2124 sumus
923 2061 960 2122 et
983 2077 1086 2146 quam
1110 2056 1147 2122 in
1172 2077 1250 2122 no»

65 2167 110 2234 bis
129 2167 318 2257 recipimus
341 2166 582 2258 unusquisque
606 2186 717 2248 snam,
737 2163 786 2231 sit
801 2165 878 2254 ipsa
894 2163 1120 2256 iustitiaque
1136 2164 1231 2231 Deus

68 2273 168 2342 iustus
190 2279 268 2358 est;
296 2273 355 2342 aed
380 2271 470 2364 quod
507 2271 600 2338 Deus
622 2279 677 2340 est
712 2270 825 2360 prima
855 2291 961 2338 causa
989 2275 1025 2338 et
1055 2271 1231 2359 exemplar

67 2387 191 2450 nostrae
213 2380 378 2448 iustitiae
401 2378 518 2466 (Ocno.
540 2378 639 2446 Trid.
660 2401 745 2446 sess.
764 2379 828 2447 VI.
848 2401 925 2468 cap.
944 2380 1016 2464 7.):
1043 2379 1231 2447 secundum

68 2489 192 2556 eandem
217 2487 389 2556 rationem
412 2507 537 2554 causae
552 2491 588 2553 et
603 2484 814 2574 exemplaris
829 2486 923 2552 Deus
939 2493 993 2552 est
1008 2484 1124 2553 lumen
1140 2509 1229 2554 men·

69 2595 144 2662 tium
166 2602 240 2662 tam
263 2594 302 2661 in
326 2593 446 2662 ordine
468 2591 625 2660 naturali
649 2613 751 2683 quam
775 2592 886 2660 multo
909 2592 1023 2660 adhuc
1040 2594 1231 2680 perfectius

70 2702 98 2768 in
118 2703 235 2770 ordine
259 2699 535 2790 supernaturali.
554 2699 653 2769 Hanc
676 2723 748 2796 rem
772 2700 930 2768 declarat
946 2699 1092 2789 ipsemet
1107 2701 1230 2789 Augu·

70 2808 166 2877 atinus
186 2807 395 2876 nominatim
418 2807 531 2897 quoad
549 2806 853 2895 supernaturalem
875 2813 912 2874 et
939 2807 1230 2895 perfectissimam

71 2913 193 2984 divinae
209 2913 302 2983 lucis
318 2913 622 3002 participationem
638 2913 711 2982 fere
727 2935 794 2980 non
813 2913 927 2980 miuus
944 2913 1111 2982 distincta
1128 2936 1229 3004 quam

72 3033 171 3109 postea
183 3024 319 3090 iactum
332 3021 380 3088 sit
396 3045 417 3089 a
432 3020 671 3089 Scholasticis.
693 3049 709 3084 ι
727 3019 925 3088 Meminerit
937 3025 1047 3106 (mens
1063 3021 1230 3108 humana)

72 3129 199 3213 Baiani,
213 3129 259 3198 ad
273 3129 375 3197 ouius
390 3129 577 3216 imaginem
594 3129 689 3197 facta
700 3137 766 3212 est,
778 3149 922 3219 eumque
935 3128 1231 3221 intelligatatque

74 3236 241 3326 diligat...
261 3244 299 3305 at
320 3259 388 3303 non
411 3258 475 3304 sna
497 3235 575 3304 luce
599 3236 658 3304 sed
690 3257 842 3304 summae
875 3237 974 3303 illius
1004 3237 1090 3303 lucis
1116 3239 1231 3326 porti-

74 3347 228 3432 a'potioaa
258 3347 396 3434 sopiens
427 3347 506 3426 erit,
524 3351 628 3437 atque
651 3344 711 3412 ubi
735 3350 892 3428 aeterna,
918 3345 967 3413 ibi
992 3347 1229 3436 beataragna-

74 3451 124 3519 bit.
141 3453 197 3522 Sic
219 3453 312 3521 enim
335 3451 467 3520 dieitur
491 3455 562 3518 isto
585 3453 731 3518 hominis
749 3455 947 3539 sapientia,
964 3469 1004 3519 ut
1031 3457 1136 3519 etiam
1165 3455 1232 3521 Dei

74 3559 146 3626 rit...
163 3583 276 3627 emm
303 3584 371 3625 aon
388 3562 441 3626 ica
466 3560 543 3638 Dei,
569 3583 640 3648 qua
666 3561 803 3648 sopiens
819 3549 867 3625 eet
884 3561 985 3628 Deus.
1003 3561 1122 3652 Neque
1138 3561 1230 3630 enim

75 3667 324 3757 participatione
336 3669 392 3734 sui
408 3667 546 3757 sapiens
561 3675 627 3750 est,
643 3668 737 3736 sicut
754 3691 848 3736 meus
866 3669 1133 3758 participatione
1149 3669 1226 3738 Dei.

77 3769 130 3840 Sed
150 3774 431 3865 quemadmodum
454 3774 587 3843 dicitur
610 3775 716 3844 otiam
742 3777 883 3841 iustitio
910 3777 1000 3857 Dei,
1029 3801 1096 3841 aon
1124 3777 1232 3843 solum

78 3876 132 3943 illo
155 3905 222 3971 pac
244 3883 319 3969 ipsc
345 3883 455 3948 iustus
482 3894 543 3962 est,
572 3879 631 3948 aad
657 3907 760 3973 paam
789 3881 850 3949 dat
876 3883 1007 3949 domini
1030 3907 1103 3949 oum
1129 3887 1230 3950 iusti-

75 3986 142 4067 ficat
167 3991 309 4077 impium
324 3991 387 4078 (1),
406 4011 509 4081 quam
533 3991 774 4059 commendans
797 3990 988 4080 Apostolus
1013 3988 1066 4058 ait
1089 3989 1131 4058 de
1155 3991 1230 4082 qui-

130 4151 167 4226 (1)
183 4154 284 4208 Eodem
301 4154 382 4208 modo
403 4153 437 4207 de
454 4155 679 4222 participatione
697 4155 864 4208 dilectionis
890 4155 1096 4210 substantialis
1120 4173 1171 4225 per
1189 4157 1230 4210 di·

83 4239 210 4298 lectionem
229 4245 311 4298 nobis
330 4245 454 4300 iniussn
471 4243 602 4308 intelligi
628 4243 726 4310 debet,
747 4243 859 4312 quaudo
881 4245 968 4298 verba
990 4245 1176 4298 1.10.1v.7.
1194 4247 1228 4299 8:

85 4331 124 4394 qui
136 4347 186 4386 uon
198 4334 306 4402 diligit,
325 4349 382 4386 nou
406 4334 540 4400 coguovit
558 4333 655 4400 Deum,
677 4333 745 4401 quia
758 4335 832 4386 Deus
850 4333 967 4387 dileetio
983 4331 1082 4407 (vulg.
1093 4333 1231 4405 chariton)

87 4421 302 4486 trasumenus
314 4421 491 4495 (Trimvlil.
503 4438 533 4474 n.
547 4419 605 4493 12.)
615 4422 659 4476 ita
670 4422 890 4478 commentattr:
905 4443 918 4470 ι
928 4423 988 4478 ists
999 4424 1145 4478 caumatis
1156 4425 1230 4479 satis
