3292 5062
562 375 600 390 ...
624 343 683 404 127
703 375 741 390 -

88 471 143 518 nes
161 469 264 516 onnes
285 447 467 541 ipsamque
489 449 661 518 rationem
686 452 775 518 eoric
798 449 836 518 in
858 449 931 519 Deo
953 449 1057 540 plane
1073 447 1179 519 aliter
1202 453 1238 520 et

88 557 272 628 eminentius
293 557 400 648 longa
424 581 460 628 se
484 557 610 627 habere
635 579 738 651 quam
761 559 799 626 in
823 557 964 642 creatis,
982 563 1169 648 conceptus
1184 563 1237 625 ta-

87 686 151 732 men
169 663 276 732 nostri
290 687 360 732 non
376 669 525 754 possunt
546 670 808 755 repraesentare
822 663 894 732 nisi
909 663 1045 754 aliquid
1061 685 1238 734 commune

87 771 236 840 creaturis
264 777 301 840 et
330 772 549 860 genericum;
586 795 655 840 non
686 773 778 841 enim
805 772 972 842 exhibent
1006 772 1237 862 perfectiones

85 879 215 964 divinas,
240 884 282 948 ut
305 879 466 968 specifice
489 901 550 948 seu
574 880 692 970 potius
715 879 900 949 individue
922 885 960 948 et
983 879 1236 969 supereminen-

84 993 128 1054 ter
145 986 179 1056 iu
200 987 272 1056 Deo
295 993 391 1056 sunt.
419 987 519 1056 Unde
543 987 648 1056 facile
667 991 824 1078 apparet,
851 995 1038 1078 conceptus
1058 987 1237 1078 perfectio

84 1119 168 1179 uum,
192 1117 278 1186 quas
300 1096 343 1164 de
365 1096 438 1164 Deo
460 1095 693 1178 affirmamus,
719 1118 762 1163 cx
786 1096 958 1164 creaturis
988 1117 1051 1164 nos
1073 1095 1237 1187 primitus

84 1203 287 1288 absuaxisee,
313 1203 486 1295 siquidem
508 1225 547 1271 eo
570 1201 669 1270 modo
692 1225 759 1295 quo
785 1224 845 1272 eas
867 1203 1033 1273 distincte
1057 1205 1237 1296 concipere
1260 1195 1263 1204 ’

82 1333 254 1400 possumus,
280 1333 349 1380 non
372 1311 518 1380 suntin
541 1311 613 1380 Deo
637 1311 697 1380 sed
720 1311 758 1379 in
781 1311 967 1380 creaturis.
993 1311 1086 1382 Hinc
1109 1311 1170 1398 fit,
1196 1317 1237 1382 ut

83 1417 147 1485 dum
161 1419 390 1509 perfectiones
412 1420 454 1488 de
476 1419 548 1488 Deo
564 1418 775 1486 affirmamus
791 1417 897 1487 simul
913 1440 1079 1509 cogamur
1093 1440 1233 1509 negare,

81 1547 126 1592 eus
144 1524 205 1595 hoo
226 1525 327 1594 modo
350 1525 553 1617 imperfecto
577 1526 615 1594 in
637 1527 709 1595 Deo
733 1548 819 1614 esse;
845 1525 932 1596 licet
953 1525 1090 1596 modum
1114 1525 1236 1620 quoin

82 1653 111 1698 co
129 1631 207 1717 siut,
232 1655 303 1700 non
326 1632 640 1722 apprehendamus.

132 1739 226 1808 Nihil
240 1739 422 1826 heicdioo,
447 1741 538 1832 quod
561 1742 654 1832 apud
677 1741 800 1810 Patres
824 1740 927 1810 initio
949 1741 1145 1811 nominatos
1167 1763 1235 1810 nou

80 1847 117 1916 sit
126 1849 264 1917 totidem
280 1849 399 1918 verbis
415 1853 629 1938 expressum:
644 1849 845 1938 speciminis
860 1849 980 1939 gratia
996 1848 1138 1938 legatur
1153 1847 1236 1916 Gra·

80 1957 155 2044 gorii
173 1957 260 2026 Nar.
279 1979 332 2025 or.
352 1957 409 2026 28.
427 1957 475 2026 al.
493 1957 549 2026 34.
568 1979 629 2026 seu
646 1957 680 2024 2·
695 1957 904 2048 theologica.
923 1956 1041 2025 Mouet
1063 1955 1235 2046 imprimis

80 2087 106 2131 ι.
121 2065 150 2132 6.
166 2064 270 2155 longe
293 2065 484 2134 aliudesse
507 2087 713 2155 cognoscere
728 2067 836 2133 Deum
852 2089 931 2148 esso,
948 2071 985 2135 et
999 2064 1097 2134 aliud
1112 2086 1234 2152 coguo-

80 2194 156 2242 sccre
176 2171 264 2264 quid
284 2176 347 2240 sic.-
364 2173 482 2258 nimis,
508 2173 648 2265 iuquit,
675 2173 826 2242 stolidus
848 2180 904 2242 est
927 2173 988 2264 qui
1010 2171 1236 2241 naturalibus

79 2279 415 2350 demonstrationibus
436 2303 479 2350 ex
503 2281 676 2351 creaturis
706 2304 775 2350 non
809 2281 991 2371 intelligat
1013 2283 1120 2348 Deam
1153 2303 1232 2362 esra,

79 2393 105 2454 ct
122 2389 226 2458 Deum
248 2411 320 2456 nou
335 2387 401 2457 hoo
419 2391 501 2474 (non
516 2389 584 2477 ita)
599 2412 685 2474 esse,
705 2389 796 2482 quod
812 2413 880 2458 nos
893 2390 1071 2480 concipere
1088 2387 1146 2459 vel
1162 2409 1234 2456 ors-

78 2495 152 2566 tione
164 2495 359 2566 describere
377 2519 572 2587 possumus.
590 2497 671 2566 Mox
686 2520 894 2588 progressus
910 2495 954 2566 ad
971 2495 1234 2588 inquisitionem

78 2602 146 2691 qaid
164 2607 213 2670 sic
233 2604 344 2688 Deus,
363 2603 581 2674 demonstrat
603 2629 641 2673 n.
659 2607 692 2672 7.
707 2606 740 2674 8.
759 2628 835 2676 esse
862 2606 1113 2696 incorporeum.
1132 2631 1149 2668 o
1165 2603 1232 2674 Ve-

78 2731 137 2778 rum
157 2717 347 2802 utcumque
369 2711 611 2802 incorporeum
635 2712 804 2797 dieamus,
830 2735 898 2781 non
914 2711 979 2781 hoo
994 2713 1163 2782 essentiae
1179 2715 1234 2780 est

77 2818 289 2904 praesentatio
314 2818 371 2887 vel
395 2817 664 2908 comprehensio,
690 2819 785 2889 siout
799 2843 862 2890 nec
878 2820 969 2911 quod
984 2820 1162 2889 increatus
1179 2823 1234 2886 cst

77 2929 104 2991 ct
120 2926 188 2994 sine
210 2925 386 3016 principio
401 2930 438 2994 et
452 2924 684 2996 immutabilis
706 2933 743 2996 et
764 2927 1058 3018 incorruptibilis,
1078 2931 1114 2996 et
1129 2947 1231 3018 quae·

77 3053 200 3126 cunque
216 3033 260 3103 de
274 3035 360 3119 Deo,
379 3033 437 3104 vel
456 3035 550 3104 circa
563 3035 675 3104 Deum
693 3059 768 3106 esse
784 3038 954 3107 dicuntur
972 3066 989 3101 a
1012 3035 1076 3126 (και
1094 3037 1150 3104 ὅσα
1166 3061 1232 3131 περι

77 3137 134 3202 &sco
149 3142 167 3210 ri
185 3164 251 3233 περι
266 3141 339 3206 θεον
356 3138 429 3208 ὲιναι
450 3140 598 3231 λεγεται);
619 3144 906 3238 quemadmodum
929 3147 974 3216 ad
997 3147 1231 3238 cognitionem

78 3251 204 3316 naturae
226 3249 381 3318 alicuius
403 3271 471 3318 nou
495 3251 625 3321 sufficit
646 3251 797 3337 novisse,
823 3275 897 3322 esse
921 3277 1058 3343 corpus,
1084 3254 1142 3324 vel
1156 3277 1231 3324 esee

78 3359 223 3442 creatum3
244 3384 262 3420 c
274 3361 393 3445 potest
414 3354 506 3426 enim
529 3380 604 3426 esse
627 3358 684 3428 vel
700 3357 812 3442 homo,
831 3359 889 3428 vel
905 3361 977 3445 bos,
995 3361 1053 3432 vel
1068 3383 1190 3454 aquus.
1211 3389 1227 3424 n

79 3457 177 3529 Prima
197 3485 282 3554 ergo
305 3486 424 3550 causa,
450 3487 559 3558 qnare
581 3465 691 3535 Deum
714 3489 783 3535 non
807 3466 1051 3557 intelligamus
1076 3475 1117 3538 ut
1139 3469 1177 3537 in
1194 3491 1230 3538 sc

80 3573 130 3651 cst,
152 3593 171 3636 a
193 3569 364 3661 Gregorio
387 3571 468 3642 inda
491 3574 689 3664 repetitur,
716 3575 807 3667 quod
842 3582 1029 3667 conceptus
1051 3577 1165 3646 nostri
1189 3577 1231 3646 de

80 3669 135 3741 Deo
155 3683 236 3746 suut
257 3701 455 3762 communes,
480 3703 549 3748 non
564 3687 680 3750 autem
695 3688 961 3772 repraesentant
972 3682 1096 3754 divina
1110 3705 1230 3753 secun·

81 3775 143 3847 dum
163 3784 338 3874 propriam
361 3783 544 3856 rationem.

130 3889 217 3960 Haec
240 3915 325 3963 vero
347 3909 417 3961 non
439 3895 556 3963 minus
579 3895 701 3966 valent
724 3895 765 3965 de
788 3897 927 3966 notitiis
950 3897 1033 3968 fidei
1056 3919 1158 3990 quam
1188 3897 1230 3968 de

80 4013 152 4064 nere
172 3998 417 4088 rationalibus
443 4001 631 4072 manifesto
645 4001 738 4071 euim
752 4003 822 4073 PP.
840 4003 1034 4096 loquuntur
1046 4006 1088 4076 de
1105 4003 1230 4098 quovis

79 4101 159 4170 uodo
179 4107 406 4196 cognitionis,
432 4107 477 4177 ad
500 4131 603 4200 quam
626 4109 663 4177 in
686 4112 864 4200 praesenti
898 4117 996 4181 statu
1029 4113 1230 4204 pertingere

79 4227 250 4294 possumus.
267 4213 377 4282 Immo
393 4213 524 4284 diserte
548 4215 637 4284 hanc
660 4217 803 4286 eandem
819 4218 990 4287 rationem
1003 4241 1078 4289 esse
1093 4221 1228 4289 demon-

82 4319 196 4404 strant,
220 4343 329 4414 quare
359 4321 466 4390 etiam
495 4323 635 4394 notitiis
658 4325 741 4394 fidei
764 4349 807 4394 ex
830 4327 1045 4398 revelatione
1073 4329 1227 4420 deprom-

83 4420 139 4507 ptis
165 4425 269 4498 Deum
302 4451 373 4498 non
407 4429 673 4522 intelligamus,
700 4434 801 4502 utin
824 4457 860 4504 ee
884 4441 950 4506 est.
975 4435 1169 4527 Prophetae
1193 4443 1229 4505 et
