3292 5062
547 361 727 422 -135..

61 467 97 530 et
115 461 222 546 luctu,
246 463 351 553 plena
374 469 545 532 saturitas
567 466 674 533 famis
695 471 732 533 et
754 465 836 533 sitis
859 464 1033 548 institiae,
1055 463 1224 552 perfectio
1326 521 1329 530 ,

61 567 424 658 adoptioaiofiliornm:
441 573 559 640 «beati
573 573 735 664 quonism
750 573 906 662 ipsorum
919 577 974 640 est
986 594 1132 661 regnum
1151 593 1223 639 coe·

60 675 176 761 lorum,
189 700 321 747 merces
337 678 475 768 copiosa
488 679 525 748 in
542 679 659 762 coelis„
679 681 840 770 quoniam
853 679 923 768 ipsi
939 679 1222 762 consolabuntur,

60 785 316 869 saturabuntur,
331 784 399 852 filii
415 786 479 854 Dei
496 786 745 854 vocabuntnrn
764 785 893 854 Matth.
908 785 952 854 V.
969 785 1122 875 Adoptio
1139 785 1224 852 haec

61 890 202 960 filiorum
227 893 299 962 iam
322 893 359 960 iu
372 893 438 962 hac
451 894 528 963 vita
543 899 599 962 est
615 917 675 984 per
692 893 866 962 internam
882 892 1224 960 transformationem

60 1005 95 1066 et
106 1022 161 1088 per
174 1000 478 1090 participationem
491 1001 632 1070 divinae
645 1007 804 1084 naturae,
819 1006 926 1091 atque
939 999 1024 1068 adeo
1038 1022 1098 1088 per
1114 999 1227 1068 eleva»

60 1105 176 1176 tionem
190 1107 235 1174 ad
248 1108 551 1198 supernaturalem
569 1108 837 1176 similitudinem
851 1130 928 1175 oum
937 1107 1008 1174 Deo
1026 1105 1059 1174 2.
1072 1107 1146 1174 Pet.
1156 1105 1222 1192 1.4;

61 1211 282 1300 10.1.1e;111.
295 1215 454 1302 6;Isc.1.
468 1217 523 1303 183
534 1215 698 1284 2.0or.V.
711 1217 766 1302 175
778 1213 1222 1304 Gal.V1.15;Eph.1v.23;

62 1319 149 1390 1.10.
172 1321 243 1391 ΠΙ.
268 1323 309 1390 9:
342 1324 402 1392 sed
425 1347 517 1394 nuno
539 1331 594 1394 eet
623 1323 738 1393 adhuc
761 1323 860 1392 velut
882 1322 1020 1391 occulta
1042 1329 1078 1390 et
1100 1323 1137 1390 in
1151 1323 1225 1390 suis

61 1427 236 1498 effectibus
258 1431 412 1500 noudum
430 1429 555 1521 plena;
581 1432 619 1500 in
636 1433 758 1500 futuro
782 1430 919 1520 plenam
944 1437 1166 1520 expectamus
1189 1435 1226 1497 et

61 1535 272 1606 inomnibus
294 1539 479 1609 effectibus
503 1541 774 1610 manifestatam.
805 1538 1028 1630 «Accepistis
1051 1537 1224 1628 Spiritum

61 1644 248 1734 adoptionis
271 1646 467 1718 filiorum...
493 1650 567 1739 ipse
590 1649 682 1718 euim
706 1649 863 1738 Spiritus
887 1648 1123 1716 testimouium
1147 1647 1223 1714 red-

63 1751 108 1820 dit
129 1753 283 1844 Spiritui
306 1764 437 1842 nostro,
464 1758 554 1850 qnod
578 1781 698 1826 sumne
721 1756 789 1826 filii
812 1757 889 1843 Dei3
912 1757 943 1824 si
965 1764 1082 1824 autem
1099 1753 1167 1826 filii
1189 1761 1228 1822 et

63 1858 207 1932 heroda.
221 1889 238 1924 n
258 1863 426 1934 Attamen
448 1865 670 1955 «expectatio
686 1869 867 1933 creaturae
883 1864 1123 1930 revelationem
1139 1863 1227 1952 pilio·

63 1991 129 2032 nuso
150 1969 216 2036 Dei
237 1977 442 2060 expectat...
468 1979 504 2040 et
527 1972 597 2062 ipsi
620 1972 716 2040 intra
739 1995 801 2040 uos
825 1971 994 2060 gemimus
1010 1969 1227 2060 adoptionem

57 2073 201 2160 filiorem
214 2091 457 2166 expectantem
472 2079 678 2148 Rom.V111.
694 2077 816 2148 leat.
836 2079 931 2147 Haec
948 2078 1051 2169 plena
1066 2086 1103 2148 et
1118 2080 1226 2146 mani·

64 2179 182 2250 testata
203 2183 346 2274 adoptio
361 2193 398 2254 et
413 2185 622 2254 assimilatio
645 2186 797 2254 liliorum
821 2191 876 2254 est
899 2185 937 2252 in
960 2185 1094 2254 visione
1118 2185 1225 2253 beati-

65 2285 133 2356 fica.
160 2291 296 2360 uNuno
326 2291 396 2360 filii
425 2292 490 2360 Dei
522 2317 661 2382 snmus;
687 2300 725 2362 et
753 2293 905 2362 nondum
929 2293 1114 2383 apparuit,
1141 2291 1225 2385 quid

65 2395 194 2464 erimus:
218 2397 372 2482 ecimus,
398 2400 559 2491 quoniam
584 2422 660 2469 cum
685 2401 893 2491 apparuerit
919 2395 992 2488 (ἐαν
1016 2401 1174 2492 φανερωθῃ
1188 2397 1223 2482 ),

66 2502 182 2569 aniles
211 2507 245 2570 ei
277 2507 426 2589 erimar,
460 2511 623 2600 quoniam
655 2507 843 2577 videbimus
876 2531 972 2590 eum,
1004 2510 1109 2575 sicuti
1137 2522 1186 2574 eet
1207 2535 1224 2569 n

69 2607 157 2678 1.10.
175 2610 246 2682 111.
264 2613 299 2682 2.

122 2715 168 2786 Π.
192 2719 375 2790 Intuitiva
397 2722 483 2793 haec
514 2723 605 2793 visio
627 2724 692 2792 Dei
724 2724 817 2793 sicut
839 2724 876 2790 in
900 2721 1098 2810 Scripturis
1129 2743 1224 2789 reve·

69 2820 161 2910 latur,
186 2828 242 2895 ita
263 2829 342 2898 eius
364 2831 510 2916 veritas,
530 2853 573 2902 ne
596 2833 638 2900 de
662 2855 767 2900 senen
791 2831 1057 2919 Scripturarum
1082 2829 1226 2898 dubium

69 2949 130 2998 esse
149 2935 270 3023 possit,
296 2937 462 3028 explicite
484 2939 630 3009 definita
651 2948 706 3008 est
727 2941 771 3006 ab
797 2937 968 3006 Ecclesia.
998 2935 1228 3005 Animadver-

69 3037 149 3108 sioue
170 3050 287 3111 numm
312 3045 558 3136 dignissimum
589 3055 656 3133 est,
683 3045 954 3116 controversiam
977 3067 1046 3112 non
1064 3043 1228 3112 fnissede

69 3141 131 3232 ipsa
151 3149 298 3220 visionis
320 3151 513 3224 intuitivae
535 3157 687 3225 veritate
710 3157 747 3222 in
771 3178 819 3240 se,
846 3153 906 3222 sed
929 3152 1040 3220 solum
1064 3151 1106 3220 de
1130 3152 1228 3220 modo

69 3261 115 3328 rel
133 3241 284 3354 tempiore
307 3263 352 3330 ad
375 3262 474 3330 illam
498 3262 736 3352 perveniendit
762 3263 846 3330 adeo
869 3285 990 3353 nempe
1013 3259 1229 3331 universalis

69 3373 265 3440 etconstans
288 3377 367 3439 erat
381 3391 568 3439 consensus
584 3370 621 3437 in
637 3370 824 3439 venitatem
840 3369 950 3460 ipsam
967 3369 1061 3439 olane
1078 3369 1115 3437 in
1133 3367 1226 3436 Scri-

69 3477 168 3562 pturis
183 3498 395 3567 expressam.
414 3475 601 3546 Occasione
616 3499 699 3545 vero
715 3475 1011 3546 condemnationis
1028 3473 1228 3546 huiusmodi

68 3601 206 3654 errorum
231 3586 324 3654 visio
347 3585 424 3675 ipsa
447 3585 622 3654 intuitiva
643 3585 709 3653 Dei
733 3584 939 3654 distinctius
964 3583 1143 3652 declarata
1160 3588 1225 3650 eet.

122 3689 164 3760 1·.
187 3691 339 3762 Maxime
363 3692 549 3782 perspicua
570 3697 626 3762 est
648 3692 810 3762 doctrina
834 3693 870 3760 iu
886 3691 1145 3760 Constitutione
1169 3689 1228 3757 do·

69 3799 206 3882 gnatioa
229 3798 412 3868 Benedicti
435 3798 520 3866 XII.
549 3799 820 3868 «Definimus...
848 3799 938 3892 quod
964 3802 1096 3884 (omnes
1119 3796 1228 3880 beati)

70 3911 135 3988 post
146 3905 283 3974 Domini
298 3905 344 3975 N.
355 3905 435 3974 Le.
448 3905 641 3996 passionem
658 3915 694 3976 et
711 3915 853 3976 mortem
871 3907 1039 3976 viderunt
1054 3911 1089 3974 et
1107 3903 1229 3971 vident

73 4007 208 4081 dimum
231 4013 419 4082 essentiam
449 4014 584 4083 visione
607 4014 779 4084 intuitiva
805 4021 842 4084 et
871 4015 976 4084 etiam
1000 4011 1122 4081 faciali
1157 4011 1227 4097 (1),

122 4173 159 4246 (1)
176 4179 209 4231 In
227 4177 292 4232 edd.
305 4177 416 4233 Ooucil.
429 4179 519 4232 Hurd.
534 4181 600 4234 VII.
614 4197 643 4248 p.
657 4179 736 4248 laea
758 4181 852 4234 Manat
870 4180 960 4233 XXV.
975 4195 1003 4245 p.
1015 4178 1079 4235 987.
1096 4177 1229 4244 pluribus

76 4265 195 4322 runata
213 4268 283 4322 haec
300 4270 345 4322 lta
358 4274 435 4323 suut:
453 4289 466 4316 a
479 4269 616 4324 viderunt
628 4274 658 4324 et
672 4271 773 4325 vident
785 4271 969 4325 stridebunt
983 4269 1113 4322 divinam
1133 4281 1229 4320 essen-

77 4350 131 4406 tn
145 4357 313 4426 immediate,
334 4374 365 4412 ro
385 4359 455 4412 beno
473 4363 502 4412 et
520 4361 596 4412 clare
614 4363 646 4413 et
662 4363 762 4428 aperte
774 4361 839 4413 illis
853 4358 1058 4412 ostendentem.
1073 4379 1086 4405 u
1100 4356 1155 4412 Sed
1169 4359 1229 4408 tum

78 4439 233 4503 tutotuto
252 4455 314 4504 tun
325 4448 599 4518 apudssaynaldum
617 4453 716 4504 textus
734 4455 780 4504 est
798 4451 921 4518 plenior,
938 4452 971 4502 ut
982 4463 1046 4502 eum
1064 4446 1228 4503 citavimus.
