3292 5062
550 383 589 399 -
614 353 732 414 113-
1100 304 1119 372 ο

62 463 109 526 est
128 479 206 528 cnm
230 458 335 528 iactis
359 459 712 548 supernaturalibus,
739 482 816 528 cum
840 458 1036 550 prophetiis
1059 459 1165 530 editis
1189 483 1230 532 ac

61 565 261 657 adimpletis,
288 589 367 636 cnm
390 565 615 656 theophaniis
637 590 706 636 non
730 568 843 636 solum
866 591 927 659 per
951 568 1144 636 intervalla
1168 571 1229 640 sed

59 674 238 765 perplura
261 675 402 745 saecula
426 676 515 744 serie
539 676 716 761 continua,
735 682 771 745 11
793 676 874 744 inde
897 697 919 742 a
942 698 1069 766 magna
1092 679 1230 770 appari·

59 783 146 851 tione
168 783 205 852 in
229 783 332 851 Sinai
354 783 461 852 etiam
483 792 725 874 permanenter
748 784 786 852 in
811 789 996 874 conspectu
1027 785 1138 854 totius
1168 810 1228 855 na·

58 893 157 962 tionis
172 892 342 962 exhibitis
354 893 416 982 (1).
429 893 536 962 Porro
553 894 752 984 complexus
767 893 826 962 hic
842 895 1165 983 supernaturalium
1177 897 1228 964 fa-

60 1007 183 1069 ctorum
196 988 266 1069 non
283 1001 394 1069 solum
411 1002 511 1071 velut
527 1025 590 1093 per
605 1002 765 1071 accidens
788 1001 1010 1091 adiungitur,
1026 1001 1085 1071 sed
1102 1001 1228 1072 consti-

58 1109 123 1176 tuit
145 1108 410 1177 tundamentum
426 1115 462 1178 et
478 1109 687 1178 elementum
712 1109 900 1178 essentiale
924 1109 1035 1177 totius
1059 1109 1229 1180 historiae

59 1216 235 1305 religiosae
259 1223 296 1285 et
313 1217 488 1306 politicae,
508 1218 560 1286 ita
576 1225 617 1288 ut
633 1218 807 1287 haeceine
823 1217 899 1286 illis
914 1240 977 1286 nec
993 1217 1150 1307 intelligi
1166 1241 1229 1288 nec
1335 1241 1342 1258 ·

59 1324 220 1413 explicari
239 1325 370 1414 possit„
394 1326 508 1418 Atqui
531 1326 646 1394 omnia
668 1325 754 1394 haec
778 1327 895 1409 facta,
922 1323 1143 1414 prophetiae,
1170 1347 1228 1414 ap·

60 1433 264 1523 petitiones,
291 1433 442 1502 historia
464 1440 540 1503 tota
563 1435 746 1504 evidenter
768 1457 807 1503 1ο
824 1433 925 1503 unice
942 1433 1161 1522 diriguntur,
1187 1436 1230 1501 ut

61 1541 145 1609 Deus
165 1541 295 1632 populo
319 1565 382 1610 suo
404 1543 574 1612 Dominus
598 1543 833 1632 omnipotens,
860 1541 1017 1631 sapiens,
1046 1541 1226 1632 providus,

62 1649 159 1718 bonus
181 1655 218 1719 et
241 1650 360 1719 iustus
383 1674 457 1720 sese
480 1651 693 1720 manifestet.
722 1651 812 1720 Tota
835 1673 918 1740 ergo
942 1649 1093 1718 historia
1117 1649 1163 1719 V.
1184 1650 1225 1718 Τ.

61 1779 123 1823 non
142 1763 194 1824 est
216 1755 289 1824 nisi
312 1758 479 1826 continua
502 1758 568 1827 Dei
591 1757 859 1850 divinorumque
882 1756 1135 1824 attributorum
1158 1777 1228 1823 ma·

63 1864 246 1933 niiestatio.

122 1972 163 2041 ³⁰.
178 1971 485 2043 Manifestationes
509 1997 625 2043 omnes
657 1973 900 2042 antecedentes
930 1976 1107 2063 tamquam
1131 1994 1228 2063 prae·

66 2081 189 2168 peratm
213 2104 399 2175 omnesque
423 2084 669 2176 subsequentes
692 2088 869 2173 tamqnam
892 2081 1039 2149 effectus
1061 2086 1097 2150 at
1120 2081 1228 2151 conti·

65 2189 171 2256 ructio
194 2189 240 2257 ad
264 2211 369 2258 unam
393 2211 554 2280 magnam
577 2191 758 2262 collimant
782 2187 1120 2274 manifestationem,
1139 2211 1228 2281 quaa

66 2303 112 2364 est
131 2295 166 2364 in
181 2297 254 2365 Deo
271 2297 346 2388 ipso
363 2298 558 2368 incarnato:
580 2328 595 2363 u
614 2321 779 2388 magnum
795 2296 942 2388 pietatis
958 2304 1225 2382 sacramentum,

67 2405 144 2495 qnod
165 2405 429 2473 manifestatum
453 2411 506 2474 est
529 2406 566 2474 in
590 2427 705 2490 carne,
730 2403 962 2473 iustificatum
985 2412 1040 2472 est
1062 2403 1099 2471 in
1116 2403 1226 2493 Spiri-

67 2519 110 2598 tu,
131 2513 298 2605 apperuit
320 2513 482 2602 Angelis,
508 2514 746 2605 praedicatum
769 2516 825 2582 est
847 2513 1030 2601 gentibus,
1057 2511 1227 2581 creditum

67 2623 166 2690 estin
188 2621 330 2706 mundo,
356 2628 573 2711 assumptum
596 2627 652 2691 est
673 2622 710 2691 in
735 2621 850 2711 gloria
868 2647 884 2682 n
904 2619 950 2707 (1.
972 2620 1223 2710 Tim.111.16;

68 2731 127 2800 'lit
140 2731 207 2800 111.
221 2733 288 2820 4.).
299 2731 399 2800 Unde
413 2731 561 2800 Ioannes
577 2731 636 2800 ubi
653 2736 796 2800 enarrat
811 2729 1031 2820 mysterium,
1050 2753 1117 2822 quc
1132 2731 1227 2800 Deus

68 2838 290 2930 massnmpte
313 2844 442 2907 natura
463 2839 616 2909 humana
639 2842 756 2909 factus
779 2845 833 2909 est
848 2837 1015 2922 visibilis,
1040 2837 1224 2907 exclamat:

69 2945 241 3014 svidimus
264 2945 413 3036 gloriam
436 2947 531 3032 eius,
558 2947 707 3037 gloriam
732 2947 833 3038 quasi
860 2944 909 3034 (ὡς
935 2949 1077 3036 utpote)
1105 2945 1225 3035 unige·
1292 3010 1297 3032 ,

66 3053 122 3120 niti
134 3075 154 3120 a
168 3055 274 3123 Patre
298 3054 437 3144 plenum
460 3055 597 3144 gratiae
620 3059 656 3123 at
671 3053 847 3124 veritatis.
867 3082 884 3118 n
901 3055 1003 3124 Licet
1017 3053 1108 3122 enim
1125 3053 1226 3123 illum

67 3159 165 3248 ipsum
188 3161 251 3253 qui
266 3160 422 3230 visibilis
444 3160 630 3252 apparuit,
649 3184 771 3230 verum
785 3147 896 3230 Deum
913 3183 999 3245 esse,
1025 3160 1226 3230 discendum

68 3275 130 3336 erat
150 3267 309 3338 doctrina
331 3277 367 3336 et
390 3267 597 3337 credendum
625 3268 856 3353 auctoritati,
883 3267 925 3336 de
949 3287 1017 3360 qua
1040 3289 1131 3336 nunc
1156 3289 1226 3336 non

69 3376 200 3464 agimus;
215 3381 371 3445 attamen
381 3373 546 3443 Christus
558 3381 737 3464 spectatus
749 3375 787 3443 in
802 3381 878 3443 tota
896 3374 1053 3444 suavita
1070 3374 1226 3445 mirabili

70 3503 133 3550 cnm
154 3483 311 3551 omnibus
334 3481 525 3571 portentis,
553 3505 640 3573 quae
663 3503 728 3550 sua
750 3481 886 3551 virtute
910 3483 1079 3571 patravit,
1105 3481 1224 3551 simul·

70 3611 123 3678 que
144 3595 321 3680 spectatus
345 3589 383 3656 in
405 3589 615 3658 connexione
638 3611 716 3658 cum
738 3593 815 3656 tcta
837 3588 989 3656 historia
1009 3589 1225 3658 Testamenti

72 3697 309 3782 antecedentis,
336 3717 423 3788 quae
447 3702 525 3766 erat
547 3695 592 3765 ad
615 3697 729 3787 ipsum
753 3696 976 3787 praeparatio
999 3704 1042 3766 ut
1064 3697 1109 3766 ad
1137 3719 1224 3766 com·

121 3924 158 4004 (1)
175 3931 214 3985 111
234 3927 420 3997 theophaniis
439 3929 498 3995 legi
516 3931 614 3997 potest
634 3885 800 3996 'August
822 3929 857 3982 de
877 3929 984 3983 trinit.
1002 3927 1223 3996 1.11.o.1o-18,

72 4019 110 4071 ubi
126 4022 234 4088 saepius
252 4017 515 4074 manifestationem
534 4019 587 4074 Dal
605 4019 637 4072 in
656 4019 720 4074 illis
739 4019 851 4072 confert
869 4034 930 4072 cnm
944 4018 1179 4072 manifestatione
1192 4017 1224 4072 in

73 4110 184 4173 operibus
202 4110 358 4163 creationis
377 4108 608 4175 e.g.ce.15.18.
626 4109 702 4161 uPer
723 4107 878 4162 subiectam
898 4111 1067 4174 creaturam,
1087 4109 1121 4160 nt
1140 4121 1223 4173 saepe

73 4195 186 4266 lisimas,
201 4199 376 4253 exhibentur
387 4201 454 4250 iaec
467 4199 562 4251 omnio
577 4198 704 4250 visibilia
727 4205 754 4249 et
772 4198 920 4250 sensibilia
939 4196 1149 4272 (apparitiones
1164 4211 1224 4250 sen·

74 4284 167 4359 sibiles)
184 4288 220 4339 ad
234 4287 457 4355 significandam
475 4287 648 4340 invisibilem
667 4294 693 4338 st
711 4287 924 4354 intellipibiiem
943 4289 1077 4342 Deam...
1094 4286 1226 4354 quamvls

74 4376 217 4432 irrisibilis
234 4379 288 4432 Del
307 4396 326 4433 a
343 4383 474 4433 creatura
493 4377 592 4432 mnndi
611 4393 663 4446 per
682 4393 715 4431 11
729 4377 890 4447 quaefacta
904 4380 981 4447 sunt,
997 4379 1224 4431 intellectacon·

75 4467 250 4532 epictatium

193 4575 351 4631 Fremitu
1064 4573 1082 4628 8
