3360 5060
620 361 657 374 -
679 329 741 390 697
761 360 798 372 -

116 437 242 507 denter
265 433 380 502 noluit
411 433 513 502 illum
536 433 627 520 labi;
652 433 717 502 hoc
748 431 955 500 sumcedens
986 431 1051 499 Dei
1082 432 1299 522 propositum

116 541 330 635 impediendi
354 541 494 609 finalem
516 540 651 631 lapsum
675 545 839 638 connotat
863 539 1079 607 voluntatem
1103 540 1299 609 absolutam

118 651 222 718 illum
246 649 378 718 iustum
395 647 569 716 salvandi.
588 648 685 737 Ergo
701 646 866 716 voluntas
882 646 1042 714 absoluta
1057 646 1185 716 salutis
1201 670 1298 738 prae·

116 757 214 826 cedit
236 762 274 824 et
304 755 453 845 imperet
482 755 682 824 electionem
716 755 919 822 mediorum.
944 753 1034 822 Vide
1058 753 1103 821 cl.
1121 754 1160 823 P.
1179 754 1300 824 Ceroia

115 863 290 952 Apparet.
309 861 350 928 de
374 861 475 930 Grat.
494 861 575 930 lect.
594 860 677 929 VH.
696 885 730 951 p.
750 859 826 928 145.

185 971 236 1038 At
259 968 315 1037 vel
332 969 635 1037 obvia'verbcrum
663 967 835 1058 inspectio
863 967 1026 1052 ostendit,
1046 967 1136 1034 nihil
1154 967 1211 1037 hic
1227 969 1299 1038 dici

117 1077 230 1161 aliud,
256 1076 326 1144 nisi
349 1077 440 1168 quod
466 1100 556 1145 mors
581 1078 768 1144 immatura
791 1083 929 1144 nonest
952 1075 1093 1159 malum,
1112 1083 1153 1144 ut
1168 1076 1299 1165 vulgus

117 1184 299 1267 aestimat,
332 1184 391 1252 sed
422 1205 586 1274 magnum
618 1185 743 1251 bonum
766 1205 788 1250 a
815 1183 887 1252 Deo
917 1181 1101 1267 collatum,
1129 1188 1170 1252 ut
1199 1181 1299 1251 homo

121 1291 239 1362 adhuc
261 1292 425 1360 innocens
444 1290 641 1381 apericulis
666 1293 761 1360 vitae
785 1291 892 1360 huius
916 1297 952 1359 et
975 1290 1207 1358 tentationum
1224 1291 1299 1359 eut

117 1397 288 1468 trahatur
310 1398 457 1484 incerto,
475 1426 491 1460 n
511 1399 795 1491 quemadmodum
812 1399 970 1490 loquitur
985 1397 1211 1487 Augustinus
1227 1403 1298 1485 (su-

116 1530 184 1598 pra
206 1535 240 1600 p.
258 1511 366 1594 452).
388 1508 427 1577 Si
443 1514 559 1576 autem
576 1506 640 1576 hcc
658 1529 820 1596 magnum
844 1507 909 1574 Dei
938 1505 1141 1574 beneficium
1158 1506 1298 1574 laudari

116 1639 187 1684 non
211 1624 334 1707 potest,
354 1617 438 1708 quin
462 1638 500 1683 eo
524 1615 600 1705 ipso
616 1623 799 1683 asseratur
816 1613 1089 1704 praedestinatio
1105 1619 1185 1682 ante
1200 1634 1298 1702 prae·

115 1723 197 1793 visa
219 1725 356 1810 merite
383 1746 465 1792 sane
488 1725 601 1792 fateor
630 1722 850 1790 Christianos
869 1723 1051 1790 universos
1074 1721 1111 1790 in
1135 1720 1200 1789 hac
1223 1741 1298 1788 esse

116 1833 305 1901 sententis.
330 1833 478 1902 Interim
502 1831 681 1900 videamus
704 1837 914 1899 contextum.
936 1830 1129 1898 Induxerat
1152 1827 1299 1919 Sapiens

116 1964 148 2009 o.
174 1939 226 2008 11.
250 1939 375 2030 impios
408 1939 656 2030 Epicureorum
690 1959 782 2006 more
812 1945 981 2027 negantes
1004 1939 1140 2006 animae
1162 1937 1302 2006 immor·

114 2045 316 2130 talitatem,
345 2051 522 2136 totamque
553 2045 758 2113 felicitatem
789 2045 1040 2113 constituentes
1070 2045 1108 2112 in
1140 2045 1296 2135 volupta-

114 2153 214 2221 tibus
237 2153 493 2222 scelestissimis
519 2151 626 2222 huius
650 2153 767 2236 vitae,
797 2153 969 2243 simulque
992 2152 1124 2220 iustum
1146 2153 1197 2221 eis
1220 2176 1298 2222 con-

113 2260 269 2328 trarium
303 2259 520 2329 interneciuo
557 2259 637 2328 odic
670 2263 926 2350 persequentes.
965 2257 1050 2326 Inde
1086 2281 1135 2326 cc.
1171 2257 1295 2326 III-V.

117 2365 408 2455 comparationem
443 2366 603 2435 instituit
632 2366 726 2434 inter
756 2367 881 2455 impios
917 2365 978 2456 qni
1007 2389 1100 2434 nnuc
1131 2365 1298 2435 videntur

118 2471 254 2556 felices,
280 2473 317 2540 in
342 2474 505 2541 futurum
527 2476 632 2540 erunt
654 2471 902 2556 intelicissimi,
921 2493 961 2542 ac
977 2472 1070 2540 iuter
1086 2472 1218 2541 iustum
1235 2473 1296 2564 qui

117 2581 156 2646 in
181 2578 247 2647 hac
270 2579 348 2646 vita
372 2579 515 2648 videtur
538 2579 662 2664 miser,
688 2580 725 2647 in
748 2579 966 2648 intorserit
989 2579 1228 2663 beatissimus,
1256 2587 1298 2649 ut

117 2687 243 2776 probet
258 2708 441 2754 aerumnas
464 2687 572 2754 huius
596 2688 690 2755 vitae
714 2685 809 2755 iusto
832 2708 900 2754 non
923 2708 998 2754 esso
1013 2707 1098 2754 vera
1115 2685 1218 2770 mala,
1237 2687 1297 2755 sed

117 2813 177 2860 eas
201 2815 223 2860 a
245 2793 316 2861 Deo
340 2792 396 2860 vel
421 2793 579 2882 permitti
608 2793 665 2861 vel
689 2793 833 2863 immitti
857 2793 901 2861 ad
925 2793 1038 2860 maius
1067 2793 1144 2861 eius
1171 2793 1296 2862 bonum

117 2901 181 2986 (of.
195 2899 294 2967 Rom.
313 2899 447 2987 VEL).
473 2899 685 2969 Nominatim
711 2899 767 2969 his
791 2900 967 2992 capitibus
990 2899 1058 2968 ΠΙ.
1076 2909 1113 2970 ct
1136 2901 1198 2970 IV.
1218 2923 1295 2970 con·

117 3006 192 3074 fert
206 3007 306 3096 impii
322 3007 434 3074 vitam
449 3006 655 3096 longaevam
668 3013 703 3076 et
718 3031 935 3076 numerosam
952 3009 1082 3097 prolem
1096 3031 1173 3076 eum
1186 3015 1296 3077 morta

116 3113 307 3181 immatura
322 3119 358 3180 et
373 3113 524 3181 orbitate
540 3113 639 3181 iusti.
653 3113 753 3182 Hanc
765 3114 885 3205 itaqua
897 3120 1040 3181 mortem
1053 3114 1105 3182 ait
1114 3115 1177 3182 IV.
1193 3116 1232 3181 7-
1238 3111 1293 3182 15.

117 3220 214 3287 iusto
237 3243 305 3287 non
328 3242 401 3289 esse
426 3220 555 3293 malum
583 3220 643 3290 sed
667 3221 792 3288 bonum
817 3243 982 3309 magnum
1006 3226 1042 3289 et
1065 3243 1086 3288 a
1109 3221 1180 3290 Deo
1204 3221 1296 3290 crdi-

117 3331 244 3394 natum
267 3349 308 3394 ex
332 3327 530 3412 dilectione,
556 3349 625 3418 qua
647 3326 780 3395 iustum
797 3327 838 3394 ob
855 3327 930 3394 eius
954 3327 1049 3395 vitae
1073 3328 1295 3396 sanctitatem

119 3433 312 3502 adamavit.
333 3463 350 3498 a
364 3433 486 3503 Iustus
509 3436 540 3503 si
564 3441 674 3503 morte
690 3443 963 3524 praeoccupatus
992 3436 1114 3520 fuerit,
1132 3437 1169 3503 in
1193 3436 1295 3504 refri-

118 3539 218 3628 gerio
241 3541 340 3608 erit»
359 3565 394 3610 v.
415 3542 448 3609 7.
473 3541 569 3631 Ergo
593 3565 634 3610 ea
656 3563 747 3609 mors
770 3539 959 3609 immatura
981 3564 1052 3608 non
1074 3549 1129 3610 est
1152 3542 1294 3612 malum.

122 3675 140 3710 a
153 3646 300 3716 Placeas
322 3649 394 3717 Deo
417 3651 533 3718 factus
550 3648 682 3736 (iustus
697 3647 773 3736 ille)
789 3655 844 3718 est
861 3648 1011 3718 dilectus
1038 3645 1205 3738 (suspectos
1231 3650 1295 3734 &sp

118 3775 270 3842 γενομενος
282 3751 462 3842 ἡγαπηὲη);
479 3765 515 3826 et
531 3757 655 3826 vivens
680 3757 775 3826 inter
790 3765 987 3848 peccatores
1002 3756 1197 3826 translatus
1212 3763 1292 3826 esto

119 3885 156 3929 v.
176 3861 231 3930 10.
250 3862 313 3950 (1).
340 3861 434 3945 Quia
459 3863 596 3934 virtute
623 3886 686 3932 sua
717 3865 788 3934 Deo
816 3865 957 3954 placens
985 3867 1101 3933 factus
1128 3868 1200 3949 est,
1218 3865 1295 3932 ideo

119 3967 216 4037 Deus
238 3993 316 4038 eum
340 3971 467 4040 dilexit
490 3979 526 4040 et
548 3971 726 4040 beneficiis
753 3972 884 4056 affecit,
903 3971 996 4040 inter
1021 3993 1107 4062 quae
1130 3971 1296 4040 beneficia

178 4127 228 4204 (1)
249 4134 303 4186 Par
323 4150 353 4187 sc
371 4139 461 4203 patet,
482 4140 595 4202 tempus
607 4135 745 4188 aoristum
766 4149 822 4186 non
847 4148 909 4186 esse
929 4133 1120 4200 praeteritum
1139 4133 1294 4186 historicae

121 4224 310 4292 narrationis,
330 4225 379 4278 sed
392 4231 503 4292 tompus
518 4225 707 4278 indefinitum.
731 4225 908 4277 Referuntur
925 4225 1037 4278 scilicet
1053 4239 1148 4278 omncs
1168 4225 1222 4278 hae
1234 4241 1295 4278 sen·

121 4315 232 4368 tentiae
249 4315 284 4368 ad
307 4317 427 4383 primam
440 4316 679 4370 condltionatam:
695 4316 720 4368 si
740 4315 835 4368 iustus
848 4319 937 4368 morte
957 4321 1179 4384 praeoccupatus
1193 4316 1292 4382 inerit,

121 4409 181 4457 tum
201 4404 380 4474 credendum,
401 4405 475 4474 qnod
495 4405 589 4460 iactus
608 4407 666 4459 Deo
686 4406 801 4473 placans
823 4403 945 4458 dilectus
966 4408 1013 4458 est
1025 4409 1078 4460 cto.
