3224 5068
888 344 926 360 -
947 311 1008 374 290
1028 344 1066 360 ..

385 415 631 507 compositum,
657 416 759 488 cuius
782 417 984 486 immediata
1013 424 1050 486 et
1072 417 1209 489 directa
1239 421 1384 511 negatio
1398 429 1459 492 est
1478 428 1547 491 ace

355 561 358 570 v
380 523 540 613 plicitos.
565 522 683 604 Quare
706 547 810 590 ccam
833 527 872 590 in
888 548 922 590 aa
937 524 989 612 (in
1005 547 1110 594 aenou
1133 525 1313 596 declarato
1335 529 1498 615 unitatis)
1518 539 1550 601 et

386 631 533 720 simplem
556 652 626 698 non
648 652 686 699 re
709 629 770 699 sed
792 631 891 700 modo
914 631 1026 700 solum
1058 633 1303 703 considerandi
1335 635 1549 726 distinguun-

385 744 466 824 tur,
487 737 655 807 videlicet
676 761 781 804 ccum
805 741 842 804 in
866 761 902 804 ce
924 738 1167 810 consideratur
1197 741 1234 808 in
1269 743 1483 832 oppositione
1512 744 1551 810 cd

386 845 496 912 multa
520 867 562 912 ccc
585 845 708 936 quibua
723 859 856 912 constat
871 849 1103 936 compositum,
1122 849 1271 938 simplem
1292 851 1331 918 in
1346 852 1551 942 oppositione

387 951 434 1020 cd
456 953 675 1041 compositam
698 949 789 1044 quod
812 967 944 1019 constat
967 976 1009 1020 ecc
1031 953 1163 1023 multia.

452 1059 509 1127 Ex
531 1059 589 1128 his
612 1058 765 1128 ulterius
788 1059 985 1150 colligitur,
1011 1061 1238 1152 compositum
1262 1063 1378 1153 ipsum
1394 1086 1434 1132 eo
1448 1066 1550 1155 magis

385 1165 547 1235 accedere
570 1163 615 1232 ad
638 1163 808 1234 rationem
842 1165 1033 1256 simplicis,
1060 1188 1127 1258 qno
1150 1172 1270 1257 partes
1294 1168 1409 1238 minue
1432 1169 1551 1238 habent

384 1270 561 1342 realitatis
584 1271 799 1357 distinctae,
825 1277 862 1341 et
883 1295 952 1364 quo
975 1273 1110 1342 arctius
1132 1273 1171 1342 in
1194 1297 1301 1344 unum
1324 1283 1451 1346 cocunt
1470 1277 1550 1346 indi·

387 1379 515 1450 visum.
533 1379 621 1449 Prae
644 1379 820 1472 corporeis
842 1379 968 1469 igitur,
987 1381 1166 1474 inquibus
1188 1389 1308 1472 partes
1330 1391 1408 1452 tum
1434 1387 1549 1454 eonsti-

383 1493 524 1558 tuentes
546 1492 623 1556 tum
645 1487 866 1577 integrantes
889 1495 973 1557 sunt
1007 1490 1282 1576 substantiales,
1307 1494 1447 1562 omnino
1480 1494 1550 1561 sim·

385 1595 494 1687 plicas
517 1601 602 1664 sunt
625 1595 775 1686 spiritns
798 1595 921 1680 creati,
946 1595 985 1664 in
1008 1597 1137 1689 quibus
1159 1621 1228 1668 non
1251 1599 1325 1668 alia
1346 1608 1463 1690 potest
1484 1623 1549 1670 esee

384 1701 587 1792 compositio
610 1723 714 1793 qnam
738 1701 963 1794 qualitatum,
989 1701 1192 1790 habituum,
1219 1711 1363 1775 actuum
1394 1708 1549 1797 spiritua·

385 1809 486 1894 lium,
512 1809 574 1902 qui
596 1809 709 1878 insint
738 1810 958 1880 substantiae
987 1811 1123 1902 experti
1157 1813 1447 1882 substantialium
1480 1836 1549 1905 par·

385 1913 488 1985 tium.
508 1915 547 1984 si
570 1937 654 1986 vero
676 1923 922 2008 comparentur
945 1939 1023 1986 cum
1046 1919 1235 2010 purissimo
1268 1927 1375 2006 actu,
1400 1922 1460 1990 ubi
1480 1920 1549 1988 nul-

385 2023 455 2094 lam
477 2046 553 2094 esse
576 2023 634 2095 vel
656 2045 731 2093 esse
754 2046 853 2115 posse
876 2023 1078 2095 huiusmodi
1109 2027 1391 2116 compositionem
1425 2031 1548 2098 demon·

385 2132 569 2202 amandum
584 2131 825 2223 aggredimur,
841 2132 990 2222 spiritus
1006 2134 1116 2203 creati
1133 2157 1155 2202 a
1169 2135 1337 2205 Patribus
1354 2137 1547 2230 quandoque

385 2246 562 2330 negantur
596 2263 670 2310 esse
706 2239 894 2332 simplices.
923 2241 1113 2334 Postquam
1147 2243 1185 2312 S.
1203 2243 1361 2312 Basilius
1391 2267 1444 2334 ep.
1462 2245 1494 2313 8.
1511 2243 1548 2310 cd

385 2347 524 2420 Caesar.
543 2373 578 2417 n.
597 2349 630 2418 2.
649 2349 690 2419 Τ.
705 2349 776 2418 111.
790 2373 825 2440 p.
840 2348 897 2417 82.
915 2348 1169 2420 demonstravit
1185 2351 1463 2442 compositionem
1478 2353 1547 2420 snb

283 2481 290 2494 ·
385 2455 588 2526 stantialem
604 2455 742 2550 quidem
765 2456 803 2524 in
826 2455 965 2542 mundo,
980 2457 1018 2524 in
1035 2456 1191 2546 homine;
1209 2458 1458 2529 accidentalem
1473 2481 1545 2528 vero

384 2583 428 2633 ex
451 2561 653 2632 substantia
674 2568 711 2631 at
733 2561 931 2634 adventitia
954 2563 1145 2633 sanctitate
1168 2564 1206 2632 in
1229 2564 1379 2656 angelis,
1409 2565 1546 2658 adeoque

384 2693 443 2742 eos
465 2669 641 2762 simplices
663 2693 732 2738 non
754 2692 828 2739 esse
840 2695 849 2758 3
879 2671 1019 2740 subdit:
1049 2699 1065 2736 c
1095 2678 1308 2764 quapropter
1337 2678 1376 2742 et
1404 2697 1547 2740 comam

386 2777 498 2848 omnis
531 2799 573 2848 ea
606 2777 792 2868 designat,
830 2799 919 2870 quae
946 2779 1162 2848 materialem
1191 2787 1229 2850 et
1258 2781 1546 2873 circumscriptam

385 2892 549 2956 naturam
576 2881 695 2972 (botos
720 2909 771 2948 και
803 2873 1003 2976 cepcypanrcc
1030 2883 1138 2976 φυσιν)
1158 2886 1287 2956 sortita
1308 2895 1416 2975 sunt,
1441 2913 1545 2956 monce

385 3017 462 3062 cere
486 3008 519 3060 et
540 2997 659 3060 coiaco
682 2992 904 3084 simplicitet
920 2993 1281 3084 incomprehensibilis
1311 2997 1480 3068 essentiae
1501 2998 1545 3066 in·

386 3099 488 3192 bigne
510 3106 614 3170 est.»

452 3208 745 3299 Compositionum
768 3205 900 3298 species
923 3210 1121 3278 enumerari
1144 3209 1270 3280 solent:
1287 3233 1331 3280 ex
1354 3212 1497 3282 materia
1515 3217 1545 3280 et

386 3317 499 3386 forma
521 3314 761 3400 substantiali,
787 3337 828 3384 ex
852 3314 1013 3405 partibus
1035 3315 1308 3406 integrautibns,
1331 3341 1375 3388 ex
1398 3321 1543 3390 snbstan-

385 3422 439 3492 tia
461 3427 498 3491 et
518 3421 778 3508 accidentibus,
803 3443 846 3492 ex
869 3423 1022 3493 essentie
1044 3430 1082 3494 et
1103 3446 1190 3510 esse,
1215 3448 1259 3495 ex
1281 3433 1413 3498 natura
1433 3435 1468 3496 et
1487 3427 1542 3517 by·

387 3529 540 3620 postasi,
566 3528 713 3622 denique
736 3551 779 3600 ex
802 3551 928 3622 genera
950 3536 986 3599 et
1008 3530 1222 3601 differentia.
1248 3533 1299 3601 Ut
1328 3535 1398 3602 iam
1420 3557 1542 3604 seusun

387 3635 592 3706 definiamus
607 3657 648 3706 ac
663 3638 833 3706 rationem
848 3636 1076 3722 declaremus,
1095 3639 1261 3730 quomodo
1278 3645 1314 3709 et
1328 3663 1437 3734 quare
1450 3664 1541 3712 enun-

386 3743 497 3814 tiatae
519 3765 635 3813 omnes
658 3744 933 3836 compositiones,
959 3767 1108 3837 quarum
1130 3747 1268 3839 aliquae
1290 3770 1333 3817 ne
1355 3749 1466 3818 reales
1479 3747 1541 3840 qni·

387 3851 464 3922 dam
486 3873 561 3920 esee
583 3851 772 3938 videntur,
798 3851 836 3920 in
858 3852 930 3922 Deo
954 3875 1151 3944 repugnare
1174 3853 1361 3941 dicantur,
1387 3855 1541 3947 imprimis

388 3958 466 4049 ipsa
486 3958 579 4028 ratio
597 3961 715 4050 partie
738 3958 988 4028 consideranda
1009 3965 1076 4030 est.
1099 3959 1245 4030 Nomine
1278 3962 1394 4050 partia
1426 3960 1540 4032 iutelli-

386 4064 487 4156 gitur
508 4065 761 4156 imperfectum,
776 4065 867 4158 qnod
878 4089 940 4156 per
951 4065 1103 4135 alterum
1120 4067 1152 4134 ei
1165 4089 1239 4136 sese
1254 4069 1503 4138 communicans
1512 4071 1542 4135 et

388 4171 513 4242 uniens
546 4173 791 4264 perlectionem
825 4173 966 4266 accipit.
990 4175 1090 4244 Unde
1125 4180 1242 4264 partes
1274 4176 1415 4268 proprie
1443 4177 1540 4246 dictae

388 4285 511 4350 mutua
533 4282 839 4352 communicatione
861 4283 919 4352 sni
942 4305 1074 4374 semper
1097 4305 1171 4352 sesa
1194 4283 1344 4354 invicem
1355 4283 1537 4376 perficiunt,

388 4394 425 4457 et
446 4387 559 4458 totins
582 4388 762 4479 compositi
784 4389 953 4480 perfectio
975 4411 1017 4458 ex
1041 4389 1168 4460 unione
1192 4413 1232 4460 ac
1255 4396 1379 4462 mutua
1409 4411 1537 4462 commo·
