3240 5064
539 367 577 384 ..
598 335 660 398 269
680 367 718 382 ..

48 464 103 510 cur
125 439 325 510 huiusmodi
348 440 445 510 entia
467 464 586 530 reapse
607 443 692 510 eine.
719 439 915 532 Utrumque
937 440 1028 508 enim
1058 439 1212 529 pertinet
1250 407 1256 418 Ι

46 550 84 618 ael
105 551 198 618 eutis
220 550 372 619 absoluti
396 549 668 640 plenitudinem,
693 556 769 616 tum
793 557 834 617 ut
857 557 957 617 extra
980 548 1095 639 ipsum
1118 547 1211 616 nihil

44 679 111 724 esse
134 659 247 748 possit
269 657 360 726 entis
383 657 537 726 absoluti
559 665 596 726 et
614 656 891 746 independentis;
910 679 1009 725 secus
1025 657 1120 725 Deus
1143 679 1211 724 non
1347 727 1355 748 ,

44 771 127 830 essct
150 763 229 853 ipsa
250 763 452 853 plenitudo:
478 770 554 830 tum
588 770 628 831 ιιι
653 765 790 851 poesim
820 762 897 831 eius
920 763 1105 832 voluntate
1136 783 1211 831 esse

44 869 252 938 imitationes
285 869 400 959 ipsine
429 869 656 959 perfectionis
686 869 724 937 in
756 869 982 938 realitatibns
1018 868 1147 938 creatis
1175 874 1211 938 et

44 976 268 1067 undequaque
289 976 333 1043 ab
356 976 432 1066 ipso
456 976 697 1066 pendentibus3
716 999 816 1045 secus
837 977 932 1045 Deus
956 999 1024 1045 non
1047 983 1138 1046 esset
1158 999 1208 1044 se-

43 1085 187 1153 cundnm
211 1107 327 1153 omnes
358 1085 513 1155 rationes
535 1086 724 1174 perfectus,
749 1089 786 1154 et
808 1083 953 1174 proinde
976 1106 1087 1176 neque
1117 1084 1210 1152 entis

42 1216 96 1260 eeu
118 1192 303 1262 absolutae
326 1192 553 1282 perfectiouis
577 1193 770 1283 plenitudo.
796 1192 892 1260 Deus
922 1192 1018 1260 solus
1052 1206 1101 1258 eet
1124 1193 1211 1282 quio

43 1315 104 1380 eet,
129 1323 194 1369 nec
216 1299 291 1368 ulla
313 1307 453 1390 praeter
483 1301 598 1390 ipsum
620 1306 657 1368 et
679 1304 781 1368 extra
803 1300 918 1389 ipsum
943 1299 1027 1365 tolie
1050 1319 1124 1366 ease
1146 1302 1211 1365 aut

43 1407 171 1496 concipi
194 1413 312 1497 potest
334 1407 492 1495 meliton
510 1407 648 1498 reliqua
666 1421 812 1496 poeeamt
836 1429 903 1472 eeee
926 1405 1009 1498 quia
1031 1406 1125 1473 Deus
1146 1418 1208 1486 eet,

42 1521 73 1580 et
92 1523 177 1582 actu
192 1519 277 1583 sunt
292 1513 376 1606 quia
391 1516 487 1583 Dona
510 1537 550 1583 ea
573 1537 647 1582 ease
672 1513 764 1583 vult.
786 1512 1022 1581 «Adorabunt
1044 1515 1210 1579 viventem

45 1621 232 1688 insaecula
254 1621 520 1690 saeculoram...
547 1621 713 1690 dicentes:
740 1620 871 1710 dignus
893 1642 929 1688 es
953 1619 1097 1686 Domine
1120 1619 1210 1685 Deae

44 1743 145 1795 eceeer
157 1729 209 1816 (1)
221 1729 379 1819 accipere
402 1729 609 1819 gloriam...
629 1729 711 1820 quia
726 1735 768 1798 ιιι
785 1727 913 1797 creasti
936 1726 1050 1795 omnia
1074 1731 1110 1794 et
1127 1748 1209 1814 pro-

45 1849 110 1922 pter
124 1837 335 1903 volumtatem
353 1851 446 1902 tuom
463 1851 562 1904 erem
577 1842 614 1905 et
629 1843 748 1906 creata
771 1841 857 1905 eunt
874 1835 1011 1926 oApoc.
1023 1832 1207 1904 IV.10.11.

44 1943 186 2034 Enipeo
202 1950 245 2012 nt
259 1967 281 2012 a
296 1944 470 2036 principio
493 1945 688 2014 necessario
711 1944 923 2014 intrinsecae
939 1951 977 2011 et
993 1943 1209 2011 extrinsecae

43 2053 280 2136 possibilitatis
296 2073 412 2121 rerum
430 2053 594 2137 omnium,
613 2058 649 2122 et
662 2075 724 2139 per
741 2055 851 2142 ipsam
868 2056 909 2119 ιιι
923 2071 945 2117 a
961 2071 1067 2119 causa
1082 2048 1205 2134 libera,

45 2179 102 2226 non
128 2159 242 2228 solum
269 2165 312 2228 ut
332 2158 487 2250 incipiat
513 2159 572 2228 sed
596 2159 702 2228 etiam
727 2165 769 2226 ut
792 2165 990 2248 perseveret
1020 2157 1208 2223 ecieemtio

46 2285 147 2334 nrum
163 2275 362 2336 creatarum
378 2265 606 2360 undequaque
629 2266 907 2357 dependentium,
926 2273 963 2334 et
978 2267 1016 2331 im
1032 2269 1144 2354 ipsam
1164 2269 1207 2334 ut

45 2371 74 2437 in
93 2373 194 2442 finem
217 2373 382 2461 omnium;
401 2374 445 2441 ab
461 2375 536 2463 ipso
552 2381 593 2444 ut
606 2378 796 2464 principio,
813 2373 936 2456 medio,
954 2379 990 2442 et
999 2375 1084 2463 fine,
1098 2388 1118 2426 a
1131 2379 1167 2441 et
1183 2395 1206 2432 ω

47 2489 115 2550 eunt
136 2483 254 2550 omnia
276 2483 376 2550 Rom.
394 2482 459 2550 XI.
480 2481 536 2550 35.
554 2483 610 2570 eo;
636 2483 743 2552 Hebr.
761 2483 811 2552 11.
837 2481 891 2550 10.
919 2481 1100 2570 Quidquid
1123 2503 1206 2569 ergo

47 2593 257 2677 perfectionis
280 2615 349 2660 non
372 2592 484 2661 solnm
507 2593 544 2661 in
567 2593 740 2662 creaturis
762 2591 919 2662 realibus
935 2597 1001 2676 est,
1020 2592 1080 2660 sed
1101 2591 1207 2660 etiam

46 2696 251 2769 inomnibns
275 2699 500 2790 possibilibus
522 2723 596 2769 esse
619 2709 746 2791 potest,
772 2707 886 2770 totum
908 2700 946 2768 in
960 2699 1031 2768 Deo
1056 2720 1207 2789 compre·

48 2800 200 2875 tenditur
222 2827 290 2873 non
307 2804 446 2897 quidem
465 2806 682 2894 formaliter,
701 2813 743 2875 ut
758 2807 794 2875 in
811 2807 984 2876 creaturis
1007 2810 1126 2874 exstat
1149 2805 1207 2874 vel

47 2919 170 2982 exstare
184 2918 301 3003 potest
317 2913 385 2999 (ita
396 2911 486 2980 enim
502 2919 558 2982 est
572 2913 709 3005 aliquid
721 2913 916 3004 dependens
932 2917 1100 2997 creatum,
1118 2911 1208 2979 limi·

47 3025 153 3107 tatum,
172 3027 209 3089 et
230 3043 292 3088 eus
314 3020 502 3110 analogum
524 3021 561 3088 in
578 3022 835 3112 comparatione
851 3045 928 3092 cum
944 3028 1023 3090 ente
1039 3019 1208 3110 simpliei-

49 3131 110 3214 eer);
124 3128 184 3197 sed
196 3127 503 3217 comprehenditur
516 3131 702 3196 eminenter
714 3135 755 3198 ut
767 3151 849 3214 nna,
861 3129 1033 3211 absoluta,
1048 3128 1092 3198 ad
1107 3134 1209 3198 extra

48 3229 215 3304 imitabilis
237 3235 406 3324 perfectio
430 3237 787 3326 eausaeexemparis
810 3245 846 3306 et
873 3237 1109 3331 efficientiae
1134 3235 1206 3304 Illa

48 3349 171 3411 aeterna
193 3342 557 3435 incommutabilisque
580 3350 709 3413 natura
733 3346 858 3412 tabem
879 3348 916 3410 in
932 3367 967 3411 ee
981 3359 1020 3410 ae
1036 3347 1095 3425 eie,
1113 3347 1205 3410 siout

47 3447 143 3538 licyei
165 3449 294 3516 dictum
318 3465 379 3517 eet:
403 3451 484 3540 Epo
508 3475 580 3517 eom
604 3455 667 3543 qai
689 3475 773 3533 eum,
799 3453 901 3541 tempe
922 3452 1053 3519 eoilicet
1078 3451 1198 3534 aliter,

48 3579 132 3643 qaam
153 3573 233 3624 eunt
256 3561 327 3624 ieta
350 3582 438 3649 qaae
456 3557 562 3646 facto
584 3573 722 3632 sumu...
741 3560 835 3625 nibil
859 3559 976 3624 doram
991 3583 1080 3649 quoe
1097 3559 1204 3646 fecit,

49 3667 176 3734 mietene
201 3679 234 3732 ee
257 3667 373 3730 omnio
392 3667 558 3754 primitae
583 3666 707 3732 bodens
729 3669 819 3733 sicae
842 3669 916 3755 ipsc
939 3680 1030 3735 eet...
1056 3688 1119 3734 nec
1142 3666 1203 3733 ha-

49 3767 127 3839 beret
148 3793 189 3840 ea
212 3792 302 3863 qnae
325 3769 477 3838 nondum
500 3773 598 3841 facta
622 3780 735 3858 orant,
753 3772 824 3841 nisi
848 3773 1132 3863 quemadmodum
1148 3777 1202 3841 est

50 3871 107 3962 ipsc
127 3901 193 3947 nou
217 3880 336 3947 factus
349 3907 366 3942 e
393 3878 431 3949 S.
445 3878 542 3969 Aug.
561 3879 650 3948 Gau.
664 3879 709 3947 ad
731 3879 805 3948 litt.
820 3879 904 3948 LV.
918 3901 954 3947 n.
966 3878 1023 3946 34.

101 3985 186 4056 Hinc
209 4011 268 4054 ene
289 3995 327 4057 et
348 4011 429 4070 esee,
455 3987 546 4079 quod
570 3991 712 4077 praeter
733 3987 844 4056 Deum
867 3986 1110 4077 intelligitur,
1136 4009 1204 4056 uon

102 4273 139 4345 (l)
156 4279 231 4348 Κυριι
250 4275 338 4340 ὀθιος
355 4277 434 4346 ἡμων,
447 4281 493 4334 vel
515 4279 528 4334 ό
548 4299 631 4351 nuptos
650 4299 693 4330 και
716 4275 807 4338 item
830 4276 901 4349 ἡμων
919 4274 1051 4350 (diverse
1073 4279 1147 4333 euim
1161 4281 1207 4333 eet

55 4365 166 4428 beced.
179 4369 296 4446 lectio),
315 4375 469 4444 respondet
488 4376 640 4430 evidenter
656 4376 789 4432 hebreico
821 4352 953 4460 diffisi}
984 4369 1070 4472 fija}
