3394 5056
867 353 1005 411 -8-

357 461 427 528 seri
450 481 560 550 posse.
584 459 636 526 De
660 457 793 526 visione
809 477 878 548 qua
892 457 986 526 Deus
1009 479 1045 526 se
1068 458 1182 547 ipsum
1198 457 1469 547 comprehendit,
1489 465 1526 527 et
1631 538 1637 546 ¹

357 585 426 656 qua
447 563 541 630 beati
564 583 640 630 eum
663 561 754 629 facie
777 560 821 660 ad
844 559 967 628 faciem
991 559 1187 646 intuentur,
1212 581 1281 628 non
1296 560 1456 651 estquod
1473 559 1524 628 di-

357 692 485 740 camus.
513 667 722 758 Theologiae
746 674 861 736 antem
884 666 967 734 fidei
990 691 1011 734 a
1033 667 1212 757 theologia
1226 668 1386 736 naturali
1402 669 1525 737 discri-

357 801 433 846 men
455 775 640 846 essentiale
663 799 706 844 ex
730 775 870 844 diversa
893 773 1080 866 utriusque
1103 761 1239 842 roricios
1249 775 1400 864 formali
1414 775 1526 866 expli-

357 886 504 955 candum
519 889 586 972 est,
604 884 696 952 unde
712 883 817 951 simul
833 881 1067 972 intelligetur,
1086 883 1251 974 quomodo
1267 905 1338 951 una
1355 884 1398 952 ab
1413 883 1527 952 altera

357 1002 393 1065 et
415 994 550 1084 origine
573 999 609 1062 et
631 993 757 1062 obiecti
778 992 978 1062 extensione
1002 993 1232 1062 discernatur.

423 1103 528 1170 Ratio
552 1101 710 1170 formalis
724 1100 775 1187 (1)
792 1100 949 1170 cuiusvis
971 1099 1098 1170 obiecti
1121 1099 1330 1191 cognitionis
1363 1104 1419 1166 est
1448 1121 1526 1189 pro·

356 1209 457 1299 prius
488 1208 631 1293 modus,
658 1231 725 1300 quo
754 1210 924 1278 obiectum
948 1209 992 1276 ad
1015 1213 1276 1298 cognoscentem
1307 1206 1462 1274 refertur
1484 1212 1527 1274 ut

358 1315 600 1406 cognoscibile.
625 1317 749 1386 Dicere
772 1339 977 1406 possumus,
1002 1315 1096 1384 hunc
1120 1315 1255 1384 modum
1278 1337 1352 1383 esse
1381 1313 1527 1382 formam

358 1423 683 1512 cognoscibilitatis,
700 1447 769 1516 qua
783 1425 952 1493 obiectum
976 1424 1186 1514 cognitionis
1209 1421 1467 1506 manifestatur,
1490 1425 1528 1488 et

358 1531 518 1599 redditur
547 1531 790 1621 cognoscibile.
823 1531 897 1599 Iam
921 1553 1004 1600 vero
1027 1531 1071 1599 ad
1093 1531 1305 1620 theologiam
1331 1529 1527 1598 naturalem

357 1637 528 1706 obiectum
551 1643 694 1706 eatenus
710 1639 874 1728 pertinet,
893 1646 1063 1730 qnatenus
1079 1637 1310 1728 cognoscibile
1332 1643 1387 1705 est
1401 1636 1527 1704 intrin-

358 1750 437 1814 seci
459 1745 623 1815 veritatis
646 1747 928 1816 manifestatione
951 1753 994 1815 nt
1016 1769 1137 1816 verum
1160 1745 1459 1836 proportionatum
1474 1742 1527 1810 in·

357 1851 517 1922 tellectui
538 1853 658 1922 insitis
682 1855 755 1922 suis
778 1855 917 1924 viribus
940 1855 1173 1946 cognoscenti.
1203 1853 1383 1922 Obiectum
1412 1857 1527 1919 autem

357 1961 553 2050 theologiae
577 1961 659 2029 fidei
693 1959 924 2051 cognoscibile
947 1963 1110 2032 redditur
1131 1961 1262 2030 lumine
1285 1959 1524 2044 revelationis,

357 2090 420 2159 per
432 2091 534 2160 quam
547 2069 794 2163 maniiestatur
809 2070 867 2139 vel
882 2071 1078 2140 immediate
1094 2071 1132 2139 in
1148 2093 1196 2155 se,
1214 2069 1272 2139 vel
1287 2074 1381 2138 certe
1398 2068 1436 2136 in
1451 2067 1527 2135 suis

358 2177 543 2266 principiis
565 2199 608 2244 ex
631 2177 758 2268 quibus
781 2177 967 2248 deducitur
979 2179 1042 2266 (2).
1060 2177 1127 2246 Est
1138 2200 1221 2266 ergo
1243 2175 1336 2245 ratio
1352 2173 1527 2264 cognosci-

358 2282 509 2350 bilitetis
532 2283 658 2352 obiecti
681 2285 719 2352 in
742 2284 920 2374 theologia
942 2284 1113 2369 naturali,
1138 2290 1175 2352 et
1196 2283 1235 2352 in
1252 2283 1430 2372 theologia
1445 2281 1527 2350 fidei

359 2390 482 2459 saltem
504 2391 541 2458 in
564 2391 639 2460 suis
655 2392 849 2482 principiis,
868 2394 913 2461 sd
936 2415 1023 2485 quac
1040 2393 1209 2463 veritates
1224 2392 1440 2481 theologicae
1456 2391 1527 2458 sin·

360 2497 465 2587 gulae
486 2499 701 2568 revocandae
724 2506 819 2584 sunt,
837 2500 1072 2570 essentialiter
1087 2501 1240 2570 diversa.
1257 2499 1371 2591 Atqui
1388 2499 1528 2567 diversa

360 2606 495 2674 ratione
531 2606 847 2696 cognoscibilitatis
882 2609 1112 2678 constituitur
1147 2607 1338 2678 diversitas
1368 2605 1527 2676 scientis·

360 2735 450 2798 rum,
475 2713 613 2782 etiamsi
636 2713 731 2784 circa
754 2714 844 2784 idem
864 2717 1037 2785 obiectum
1060 2715 1240 2784 materiale
1262 2719 1449 2784 versentur
1464 2712 1527 2799 (3).

359 2819 455 2910 Ergo
478 2820 656 2910 theologia
679 2821 721 2890 de
745 2843 814 2914 qua
836 2822 993 2912 agimus,
1020 2847 1042 2892 a
1063 2822 1240 2913 theologia
1255 2845 1347 2892 mere
1361 2817 1527 2890 rationali

359 2929 595 3000 essentialiter
617 2930 751 3000 differt.

421 3177 463 3254 (1)
475 3181 581 3247 Agitur
600 3180 634 3234 dc
653 3181 765 3235 ratione
784 3181 898 3236 formali
917 3184 967 3234 eat
987 3197 1054 3248 quc,
1069 3185 1103 3234 ut
1113 3181 1170 3236 dici
1181 3182 1255 3234 solet
1266 3179 1303 3234 ad
1312 3178 1528 3236 distinctionem

360 3286 378 3322 a
395 3270 506 3323 ratione
525 3269 639 3322 formali
653 3286 732 3338 quac,
742 3271 771 3326 h.
787 3287 810 3325 e.
823 3272 858 3324 ab
878 3286 919 3338 eo,
935 3271 1011 3339 quod
1024 3273 1055 3324 in
1069 3271 1178 3324 obiecto
1192 3269 1350 3336 cognitioni
1363 3270 1527 3323 exhibetur.

425 3355 466 3432 (2)
481 3380 494 3406 ι
509 3361 569 3412 Duo
589 3363 658 3412 sunt
670 3359 746 3412 modi
765 3361 970 3414 revelationis:
986 3376 1059 3415 nnus
1074 3360 1188 3427 quidem
1200 3359 1299 3412 modus
1312 3363 1358 3412 est
1369 3375 1421 3427 per
1433 3361 1527 3414 lumen

360 3451 492 3516 generale
508 3449 592 3503 nobis
611 3449 753 3518 inditum3
769 3455 799 3504 et
811 3452 863 3505 hoc
875 3452 956 3506 modo
975 3454 1133 3506 revelatum
1147 3455 1192 3504 est
1208 3451 1388 3519 philosophis
1440 3449 1528 3504 Aliud

359 3543 454 3594 lumen
473 3545 517 3594 est
536 3541 572 3594 ad
590 3541 821 3608 supermundana
839 3539 1097 3614 (supernaturalia)
1115 3541 1283 3607 contuenda,
1300 3541 1393 3594 etheo
1412 3544 1457 3594 ost
1473 3541 1529 3594 cle-

360 3633 458 3683 vatum
477 3645 563 3698 supcr
582 3644 645 3684 nos.
658 3632 699 3682 Et
718 3633 769 3683 too
788 3631 895 3684 lamine
919 3634 1043 3684 revelata
1062 3639 1101 3684 cet
1120 3633 1187 3684 haec
1212 3629 1330 3683 scicntia
1349 3625 1528 3701 (theologiae

358 3715 447 3788 fidei).
460 3719 585 3772 Primum
603 3721 712 3772 relucet
729 3720 761 3772 in
776 3735 826 3787 per
845 3736 875 3774 se
894 3721 975 3774 notis
993 3719 1107 3793 (primis
1126 3715 1301 3791 principiis),
1313 3718 1466 3770 comodum
1480 3734 1528 3770 eu·

359 3815 412 3858 tem
430 3809 462 3860 in
475 3809 546 3874 fidei
564 3810 717 3861 articulis»
731 3809 844 3866 Albert.
856 3812 894 3864 hl.
906 3827 1006 3864 summ.
1019 3811 1110 3867 theol.
1120 3813 1152 3865 P.
1162 3811 1190 3863 1.
1199 3811 1295 3863 Tract.
1308 3809 1334 3862 1.
1347 3823 1375 3874 q.
1384 3807 1412 3859 4.
1424 3806 1460 3859 ad
1470 3807 1497 3859 8.

422 3893 464 3970 (3)
479 3919 492 3946 ι
506 3898 630 3952 Diversa
648 3900 723 3953 ratio
736 3901 938 3968 cognoscibilis
958 3899 1158 3954 diversitatem
1178 3899 1362 3954 scientiarum
1381 3896 1527 3950 inducit...

360 3987 441 4042 Unde
460 3988 537 4041 nihil
557 3989 691 4056 prohibet
719 3989 753 4043 dc
779 3991 881 4046 iisdem
907 3991 1011 4058 rebus,
1033 3991 1068 4044 dc
1088 3991 1192 4058 quibus
1210 3987 1425 4058 philosophicae
1445 3985 1529 4039 disci-

361 4078 458 4145 plinae
479 4081 623 4146 tractant,
651 4079 804 4134 secundum
829 4081 904 4148 quod
929 4083 999 4136 sunt
1024 4081 1230 4147 conoscibilcs
1255 4079 1362 4132 lumine
1385 4075 1529 4129 natunlis
1572 4097 1574 4101 ·

361 4167 596 4236 ratiocinationi
615 4171 701 4223 aliam
720 4171 871 4224 scientiam
896 4174 1038 4238 tractare,
1062 4170 1213 4224 secundum
1233 4169 1307 4236 quod
1321 4171 1531 4234 cognoscuntur

361 4256 469 4309 lumine
488 4256 604 4310 divinae
618 4259 817 4312 revelationis.
835 4258 916 4312 Unde
936 4260 1082 4325 theologia
1100 4273 1172 4326 qnae
1190 4258 1227 4311 ad
1246 4272 1353 4311 sacrem
1372 4255 1530 4309 doctrinam

361 4346 497 4413 pertinet,
512 4345 664 4400 secundum
677 4363 766 4414 genus
780 4347 877 4401 diflert
889 4349 924 4402 ab
935 4349 991 4402 ille
1001 4348 1155 4415 theologis,
1171 4362 1243 4415 quae
1252 4362 1320 4414 pars
1329 4345 1530 4415 philosophiae

360 4433 505 4501 ponitur»
521 4433 552 4490 8.
566 4435 620 4488 uh.
636 4436 661 4491 1.
675 4451 704 4504 q.
718 4436 744 4490 1.
758 4451 784 4490 a.
798 4437 824 4490 1.
837 4435 875 4491 ad
888 4437 915 4491 2.
