3438 5048
402 441 533 512 additis
555 457 643 531 quae
658 436 826 527 leguntur
838 436 920 504 Act.
943 329 1042 504 XSIOV.
1062 434 1117 504 16.
1136 433 1192 522 17;
1210 433 1328 506 XVII.
1345 435 1402 506 26.
1419 435 1476 506 28.
1492 434 1567 506 Pri·

354 551 356 562 '
402 569 495 616 mum
525 543 818 614 considerabimus
840 541 1154 611 manifestationem
1176 548 1213 611 et
1242 542 1472 634 coguitionem
1503 541 1567 612 Dei

401 675 444 724 ex
460 650 646 736 creaturis,
664 657 706 720 ut
717 649 909 718 universim
921 647 1007 719 locis
1023 647 1143 718 citatis
1160 649 1382 736 describitur;
1401 657 1476 720 turn
1493 669 1566 740 spe·

401 761 572 832 ciebimus
588 757 760 848 duplicem
784 757 938 826 ordinem
950 757 1129 846 physicum
1143 763 1179 825 et
1192 757 1390 824 historicum
1412 755 1450 826 in
1473 777 1564 828 crea·

400 867 495 938 turis
514 865 821 936 manifestantibus
844 863 971 933 ibidem
993 863 1200 933 exhibitum.

465 975 505 1054 Ι.
523 973 644 1057 Quoad
668 972 1003 1063 cognoscibilitatem
1026 971 1092 1040 Dei
1114 993 1156 1039 ex
1179 971 1415 1063 praecognitis
1431 977 1565 1042 creatu·

399 1083 450 1152 ris
472 1081 557 1152 baec
579 1085 634 1151 est
655 1081 788 1150 diserta
823 1079 982 1149 doctrina
1013 1079 1277 1168 Scripturarum
1301 1081 1339 1148 in
1361 1077 1484 1149 allatis
1516 1083 1564 1148 te·

399 1187 591 1259 stimoniisz

466 1294 500 1365 1⁰
514 1296 605 1363 Deus
627 1307 676 1360 est
698 1294 860 1360 obiectum
881 1295 1057 1361 naturalis
1079 1295 1288 1383 capuitiour's
1310 1317 1373 1382 pro
1388 1291 1566 1360 mentedo·

398 1428 512 1473 muno.
537 1403 678 1474 Dicitur
699 1403 790 1470 enim
812 1403 906 1472 Deus
929 1401 1003 1471 suis
1025 1402 1062 1470 iu
1087 1401 1283 1486 attributis,
1302 1400 1428 1492 quibus
1442 1399 1487 1469 ab
1501 1397 1568 1470 hoo

399 1513 563 1582 universo
585 1517 762 1604 tamquam
793 1533 974 1603 supremus
997 1515 1120 1580 unctor
1142 1515 1179 1578 et
1206 1508 1375 1576 Dominus
1397 1507 1442 1576 eb
1464 1527 1568 1598 opere

398 1641 460 1696 suo
482 1619 737 1710 distinguitur,
763 1617 1008 1710 cognoscibilis
1031 1617 1229 1686 bominibus
1252 1623 1288 1686 et
1311 1614 1415 1686 facile
1442 1636 1565 1706 cogno·

398 1728 543 1813 scibilis,
562 1729 646 1822 quin
662 1727 840 1798 subtiliori
855 1733 891 1795 et
907 1727 1056 1795 humeno
1068 1725 1210 1816 iugenio
1227 1723 1403 1796 inaccesso
1415 1745 1502 1816 opus
1516 1722 1567 1793 sit

397 1835 639 1929 inquisitione,
656 1842 692 1904 et
707 1834 951 1925 cognoscibilis
976 1833 1148 1902 facultate
1171 1831 1328 1901 naturali
1347 1831 1477 1914 eedem,
1496 1851 1567 1922 qua

396 1943 552 2014 homines
564 1943 606 2012 da
621 1948 768 2012 naturae
784 1941 1008 2032 aspectabilis
1022 1939 1296 2031 proprietatibus
1308 1938 1480 2010 iudicant.
1496 1937 1566 2007 Est

395 2051 510 2141 igitur
532 2051 625 2120 Dens
649 2049 819 2120 obiectum
844 2047 1076 2138 cognitionis,
1101 2054 1138 2117 et
1166 2048 1338 2116 humanae
1360 2045 1490 2116 rationi
1512 2045 1565 2114 in-

396 2163 480 2228 sunt
502 2157 597 2228 vires
614 2158 894 2250 proportionatae
909 2157 1133 2248 pertingendi
1148 2157 1294 2226 adhunc
1317 2154 1562 2246 cognitionem.

398 2263 534 2350 aQnod
556 2272 675 2336 notum
697 2271 752 2336 est
779 2264 844 2336 Dei
871 2265 921 2352 (ro
948 2286 1079 2353 γνωστον
1107 2263 1387 2354 cognoscibile),
1420 2261 1564 2332 manile·

395 2536 459 2594 illis
475 2537 685 2594 msuiicstsvit.
706 2539 749 2592 la.
995 2541 1120 2594 minator
1137 2555 1231 2594 eorum
1248 2541 1403 2609 speciosior
1423 2543 1480 2607 est,
1501 2556 1564 2610 sps·

993 2629 1047 2683 cici
1064 2629 1139 2682 onim
1153 2633 1305 2696 generator
1316 2627 1376 2702 (roo
1388 2635 1504 2691 ιαλλους
1519 2650 1565 2701 γι-

994 2715 1566 2790 scorsum)bsscomuisconstituit.dut

993 2810 1019 2863 si
1033 2809 1172 2863 virtutem
1190 2815 1220 2864 et
1232 2825 1319 2878 opere
1332 2825 1427 2864 eorum
1439 2807 1563 2884 (tovapm

990 2921 1033 2954 res
1046 2895 1187 2972 irrppsimr)
1195 2901 1293 2954 mirail
1304 2905 1381 2967 eunt,
1390 2901 1566 2970 lnielllmi

989 2989 1026 3044 sb
1038 2991 1112 3058 illie,
1125 2991 1257 3059 quonium
1271 2992 1321 3058 qui
1331 2991 1400 3046 bssc
1413 2991 1491 3059 lecit,
1504 2993 1562 3049 ior·

992 3079 1051 3135 tior
1062 3085 1109 3135 cst
1118 3081 1193 3135 illie.
1207 3082 1235 3134 8.
1248 3083 1275 3134 4.

456 3167 625 3223 Invisibilis
646 3171 722 3222 enim
738 3170 832 3237 ipsius
852 3187 870 3224 s
885 3185 959 3224 cres-
1056 3170 1292 3238 Amsguitudine
1312 3173 1388 3225 euius
1408 3173 1513 3240 speciei
1532 3179 1564 3230 st

394 3259 460 3310 turs
476 3255 636 3323 muudipsr
650 3272 767 3325 seques
780 3258 953 3326 isctssuut,
992 3264 1139 3314 arestarco
1176 3261 1410 3326 cognoscibiliter
1453 3263 1564 3330 poterit

394 3343 545 3399 intellecta
556 3345 771 3414 conspiciuntur
783 3345 832 3418 (sa
842 3369 894 3420 γαρ
907 3344 952 3401 aio·
989 3353 1102 3403 creator
1115 3349 1215 3404 berum
1231 3349 1326 3404 rideri
1346 3347 1388 3425 (ia
1412 3372 1465 3424 γαρ
1481 3373 1562 3423 μεγι-

394 3453 463 3504 pers
481 3429 563 3488 derue
576 3433 630 3488 riso
650 3455 757 3496 κτίσεως
777 3455 879 3507 coepere
900 3457 954 3499 τοις
991 3435 1055 3500 douc
1071 3443 1203 3498 καλλονης
1223 3460 1373 3511 arrepturus
1390 3437 1564 3512 ἐναλογυςὸ

393 3543 528 3593 coremur
548 3544 674 3597 recuperem
693 3523 862 3599 aesopiam),
882 3543 950 3580 sem·
986 3549 1171 3601 γενισιουργος
1190 3527 1274 3584 αὐτων
1295 3527 1454 3604 Sumpserat).
1468 3531 1494 3585 d.

391 3613 507 3681 pitacus
520 3629 631 3682 quoquc
645 3615 706 3668 eius
725 3616 821 3670 virtus
835 3619 865 3668 et
879 3617 953 3672 divi·

392 3704 485 3771 nitas3
532 3719 533 3724 ¹

455 3793 500 3846 itu
516 3799 549 3848 ut
562 3795 632 3848 ‘siut
643 3795 865 3851 iuexoursbilas.
880 3798 954 3863 Quis
1047 3801 1154 3854 Iterum
1164 3805 1258 3855 sutem
1268 3801 1375 3855 nselris
1385 3801 1561 3868 debuitne·

391 3895 452 3938 cum
472 3885 653 3950 cognovisset
673 3886 775 3953 Deum,
798 3901 854 3940 uon
877 3889 953 3942 sicut
989 3891 1041 3943 sci.
1051 3889 1082 3943 Si
1092 3891 1167 3944 cuim
1178 3893 1290 3944 tautum
1301 3893 1457 3960 potueruut
1474 3891 1558 3960 scire,

390 3973 478 4028 Deum
505 3974 739 4041 glorificaverunt
764 3980 815 4030 aut
841 3979 951 4044 gratiss
986 3983 1021 4032 ut
1033 3983 1150 4048 possent
1163 3981 1314 4034 aestimare
1328 3981 1470 4034 socculum
1483 3977 1560 4053 (sse-

392 4067 520 4130 egcruut;
543 4063 592 4116 sed
612 4067 953 4134 uruuucruutincogite·
989 4069 1136 4140 χασασθαι
1166 4090 1209 4122 τοι
1238 4066 1335 4135 drove,
1360 4072 1560 4139 pervestigare

389 4151 519 4206 tionibus
536 4153 596 4206 suia
612 4151 832 4226 (ὶματαιωθησαν
855 4155 879 4210 iv
897 4177 951 4219 τως
988 4159 1121 4212 mundum
1139 4156 1306 4232 risibilem),
1322 4160 1458 4229 quomodo
1472 4161 1560 4216 buius

391 4241 577 4312 διαλογισμοις
590 4239 672 4296 dorus
685 4269 715 4293 =
729 4265 839 4314 ματαιοι
852 4241 952 4316 puori),
991 4244 1133 4301 dominum
1145 4263 1201 4302 uon
1211 4249 1327 4304 lucillus
1341 4249 1532 4304 iurauerant?
1543 4271 1556 4298 ι

391 4333 421 4384 ci
435 4329 612 4386 obscuratum
624 4336 670 4387 est
685 4333 827 4403 insipiens
846 4349 893 4389 cor
909 4349 952 4388 oo
988 4335 1017 4387 8.
1028 4335 1055 4392 9.

390 4431 462 4472 rom.
475 4439 490 4468 n
504 4419 549 4474 20.
565 4421 609 4474 21.
