3240 5064
908 365 946 378 -
968 334 1028 394 218
1050 367 1088 380 -

421 445 548 538 duplex
562 446 626 525 est,
645 435 847 508 nominatim
860 437 996 530 quaudo
1011 439 1053 508 de
1066 440 1360 528 comprehensione
1372 442 1439 508 Dei
1449 443 1566 532 egitur.

421 553 578 626 Sumitur
602 547 692 618 euim
718 544 907 636 aliquando
930 569 991 637 pro
1011 548 1228 617 assecutione
1250 547 1334 616 finis
1358 551 1568 641 methaphoris
1599 547 1600 632 l

418 661 577 732 derivata
596 677 618 722 6
640 651 840 724 cursoribus
870 654 908 722 in
939 653 1065 724 stedio:
1090 685 1107 720 o
1124 655 1175 724 sio
1196 656 1348 742 6666116,
1373 663 1416 724 61
1435 681 1567 748 eompre—

417 765 575 838 heudatis
592 790 609 828 n
628 761 660 831 1.
679 760 757 830 Cor.
774 761 840 828 IX.
855 759 911 848 245
929 761 1023 830 Phil.
1043 762 1181 830 111.12.
1198 763 1253 832 13.
1271 763 1373 833 Unde
1389 768 1566 855 omnesqui

416 877 459 946 sd
482 873 642 944 ultimum
666 870 768 938 finem
789 877 1037 960 pervenerunt,
1064 870 1232 940 dicuntur
1257 872 1351 938 beuti
1373 875 1567 961 compo-elen-

415 1007 514 1054 sores.
536 979 644 1048 uHoc
666 975 764 1046 modo
787 977 1033 1066 comprehensio
1060 985 1115 1046 est
1139 1001 1208 1046 una
1230 979 1273 1048 de
1300 979 1416 1048 tribus
1442 981 1567 1048 dotibus

414 1095 547 1164 enimse
569 1089 737 1176 (166166),
758 1105 846 1178 6666
870 1087 1057 1176 respondet
1079 1088 1165 1177 spei,
1191 1087 1286 1158 sieut
1306 1089 1398 1157 visio
1425 1089 1524 1176 fidei,
1540 1099 1567 1158 et

413 1199 538 1274 fruitio
554 1193 778 1266 charitati...
798 1193 892 1262 Heec
912 1194 985 1262 tria
1008 1193 1138 1266 hebent
1154 1197 1247 1265 beuti
1266 1197 1304 1264 in
1326 1197 1422 1286 Deo,
1441 1201 1521 1290 qnia
1539 1211 1566 1266 et
1600 1210 1601 1262 1

412 1307 533 1380 vident
554 1305 689 1394 ipsum,
707 1307 744 1370 st
767 1302 917 1372 videndo
944 1309 1066 1373 166661
1096 1305 1164 1374 6111
1187 1313 1404 1396 praesentem
1428 1307 1466 1374 iu
1488 1313 1565 1397 pote·
1600 1337 1601 1380 ι

411 1425 499 1490 61616
512 1415 678 1482 16166166
693 1433 826 1500 semper
841 1433 919 1480 eum
935 1413 1066 1498 videre,
1080 1421 1117 1481 et
1128 1419 1285 1484 tenentes
1298 1418 1470 1484 fruuntur
1485 1416 1564 1484 sicut
1600 1419 1601 1422 ’

411 1529 534 1598 ultimo
547 1523 614 1590 fine
630 1519 839 1590 desiderium
855 1521 1020 1611 implente
1039 1549 1055 1584 n
1075 1521 1111 1591 S.
1131 1523 1198 1591 Th.
1218 1524 1250 1591 1.
1266 1549 1300 1613 q.
1317 1523 1372 1594 12.
1388 1547 1422 1592 a.
1437 1527 1470 1592 7.
1485 1525 1563 1592 611.

409 1637 462 1706 Ex
486 1633 549 1700 hoo
572 1629 647 1720 ipso
670 1633 781 1717 putet,
808 1629 1131 1716 comprehensionem
1153 1629 1312 1719 intelligi
1335 1630 1440 1721 louge
1458 1631 1523 1698 alio
1537 1637 1565 1698 et

409 1739 580 1814 strictiori
610 1759 737 1820 sensu,
763 1735 900 1826 quando
930 1737 1025 1806 Deus
1059 1759 1080 1804 6
1113 1737 1212 1805 nullo
1244 1739 1429 1808 intellectu
1463 1747 1565 1807 creato

406 1851 510 1922 etium
533 1845 571 1913 iu
594 1865 756 1934 suprema
778 1843 972 1914 elevatione
995 1845 1256 1935 supernaturali
1279 1849 1472 1916 constituto
1494 1871 1564 1912 oom-
1601 1876 1602 1908 n

405 1953 571 2050 prehendi
591 1975 690 2044 posse
712 1958 749 2021 61
771 1952 978 2044 simpliciter
1002 1955 1452 2043 incomprehensibiliorem
1480 1977 1562 2045 prat-

407 2066 557 2136 dicatur.

472 2173 517 2240 1⁰.
536 2171 579 2238 Iu
601 2167 757 2237 Concilio
772 2168 1002 2238 Laterunensi
1019 2169 1082 2240 IV.
1101 2171 1272 2259 professio
1289 2171 1375 2241 hese
1397 2178 1464 2240 est:
1483 2201 1499 2234 o
1515 2171 1563 2237 fir·

405 2281 507 2352 miter
529 2275 703 2348 oredimus
725 2281 762 2344 et
784 2275 993 2366 simpliciter
1015 2277 1231 2366 profitemur,
1250 2279 1340 2371 quod
1365 2303 1456 2348 unus
1479 2278 1562 2347 solus

404 2395 458 2461 est
469 2407 574 2456 verus
586 2382 692 2468 Deus,
703 2388 879 2468 66166666,
890 2383 1078 2480 immensus
1092 2385 1443 2470 etincommutabilis,
1455 2390 1561 2451 incom-

399 2491 643 2588 prehensibilis
653 2537 663 2574 ,
680 2489 907 2580 omnipotens,
925 2497 962 2559 et
979 2491 1193 2560 ineffabilis»
1209 2513 1284 2582 cop.
1303 2493 1480 2562 Firmiter.
1499 2491 1560 2558 Sic·
1602 2544 1603 2566 ,

405 2609 446 2674 61
468 2599 526 2668 116
549 2596 724 2668 attributa
746 2597 980 2684 aeternitatis,
1002 2597 1247 2668 immensitatis
1263 2603 1330 2668 eto.
1346 2597 1561 2688 intelligenda
1602 2659 1603 2668 2

404 2715 487 2782 sunt
502 2707 659 2774 oooolmo
674 2727 741 2773 uon
758 2727 840 2773 vero
859 2705 971 2772 solum
989 2705 1168 2772 secundnm
1185 2707 1284 2798 quid,
1301 2707 1354 2776 ite
1368 2708 1472 2776 etiam
1485 2725 1559 2796 quae

402 2817 446 2890 ad
462 2815 680 2886 intellectum
706 2813 910 2882 referuntur
926 2813 1323 2904 incomprehensibilitas
1337 2820 1373 2884 et
1389 2811 1559 2884 ineffabili-

401 2935 469 3010 tes,
488 2921 645 3010 intelligi
668 2919 794 2990 debent
809 2943 891 3011 pree
907 2921 1031 3014 quovis
1054 2923 1237 2991 intellectu
1254 2923 1314 3016 qui
1331 2924 1375 2992 ab
1391 2921 1558 2992 intellectu

401 3031 522 3104 divino
546 3028 684 3100 infinito
708 3028 757 3098 sit
772 3029 962 3099 distinctus
979 3029 1042 3118 (1),
1059 3052 1127 3098 666
1143 3035 1259 3100 eutem
1280 3053 1362 3124 prae
1386 3031 1500 3123 aliquo
1514 3051 1557 3096 so·

463 3267 506 3342 (1)
524 3269 655 3336 vesques
665 3265 741 3334 disp.
755 3267 801 3321 43.
816 3269 1024 3336 6166666116
1042 3269 1143 3323 661661
1157 3267 1555 3342 (11666)1666666661666111116

402 3377 456 3418 noc
478 3359 587 3413 1161166
605 3373 623 3412 6
641 3373 671 3410 66
681 3357 754 3424 ipro,
770 3357 850 3412 6616
869 3363 1014 3424 66661666;
1034 3359 1076 3413 616
1088 3361 1174 3414 etism
1192 3375 1249 3414 uon
1262 3363 1387 3427 negetur
1400 3359 1443 3434 (16
1457 3360 1554 3412 demeto

399 3447 535 3520 06661111)
556 3447 755 3516 comprehendi
773 3464 854 3516 posse
872 3465 890 3504 6
910 3453 1051 3518 66661666,
1066 3451 1092 3504 61
1111 3451 1173 3518 ipse
1191 3467 1222 3504 se
1243 3452 1317 3504 velit
1335 3453 1472 3504 revelare.
1484 3471 1495 3498 ι
1508 3445 1553 3500 Sed

399 3543 505 3610 optime
526 3537 682 3606 respondet
703 3535 808 3592 Suarez
828 3537 839 3610 (
847 3539 881 3592 de
900 3541 957 3593 Deo
971 3541 992 3594 l.
1004 3541 1043 3592 11.
1055 3555 1079 3594 6.
1090 3539 1117 3592 5.
1132 3556 1162 3593 6.
1176 3537 1238 3610 2.)ι
1256 3563 1269 3587 u
1283 3556 1344 3595 eum
1365 3541 1470 3594 dicitnr
1489 3541 1552 3592 Deus

399 3627 710 3700 incomprehensibilis,
731 3629 786 3682 illu
803 3631 919 3695 negotio
937 3632 1028 3684 solum
1042 3631 1171 3685 excludit
1186 3633 1459 3699 comprehensionem
1472 3631 1550 3687 illan,

398 3735 470 3792 6666
491 3719 584 3790 666611
603 3719 635 3772 16
654 3719 712 3772 Deo
734 3734 854 3785 arguere
872 3721 1114 3790 imperfectionem
1131 3721 1216 3792 (1.6.
1235 3724 1416 3788 negotionem
1436 3719 1551 3774 1616116-

399 3807 466 3882 unp
487 3811 519 3864 61
538 3807 612 3878 quod
631 3809 706 3860 Deus
726 3823 756 3861 66
775 3809 869 3876 ipsum
881 3809 1109 3878 comprehendat,
1130 3827 1186 3864 non
1203 3811 1437 3880 estimperieotio
1450 3809 1548 3874 inipso,

397 3901 480 3956 immo
494 3903 571 3954 66661
583 3913 686 3965 magua
701 3897 880 3968 imperiectio
894 3917 924 3953 66
940 3901 1034 3968 ipsum
1048 3896 1549 3968 6666666661661666.1111666166

399 3989 564 4062 6616611666
588 3987 701 4044 ostendi
724 4003 774 4041 666
793 3989 948 4043 declarari:
974 3991 1044 4058 6616
1062 3991 1274 4058 comprehensio
1300 3991 1415 4058 proprie
1442 4005 1494 4042 non
1513 3989 1549 4038 est

397 4079 523 4136 eiusdem
544 4079 622 4134 6166
636 4081 739 4148 ipsum,
756 4079 805 4132 ubi
819 4095 989 4147 cognoscens
1001 4085 1047 4134 est
1065 4086 1175 4135 suamet
1192 4082 1317 4147 cognitio
1331 4097 1382 4148 per
1402 4079 1546 4132 essentiam:

396 4173 567 4238 1616166666
586 4186 637 4240 per
656 4171 894 4240 comparationem
914 4171 1006 4226 666161
1020 4173 1187 4226 16161166166
1197 4171 1362 4239 imperfecte
1380 4165 1547 4236 concipientis

396 4265 497 4330 116666,
519 4261 627 4316 1161166
648 4263 723 4316 Deus
742 4261 979 4330 comprehendere
999 4279 1041 4328 66,
1063 4263 1223 4328 meliusque
1246 4261 1388 4317 diceretur
1407 4277 1466 4316 esse
1481 4269 1545 4310 suun

396 4351 552 4424 6161661666
572 4352 739 4418 intelligere
758 4367 809 4419 per
825 4351 990 4405 essentium.
1015 4351 1134 4415 Quando
1153 4366 1220 4416 ergo
1240 4351 1316 4404 Deus
1337 4350 1444 4404 dicitur
1461 4351 1544 4401 inocu-

395 4443 616 4514 proteruntur,
636 4443 751 4510 6666116
771 4443 825 4497 1116
845 4443 1025 4508 intelligitur
1044 4443 1074 4495 in
1095 4440 1193 4494 ordine
1214 4441 1249 4494 sd
1269 4441 1542 4510 comprehensionem.
