3280 5070
906 377 943 390 ..
965 345 1026 406 550
1046 377 1083 390 -

409 455 447 516 et
460 447 553 516 nolle
575 455 611 516 te
633 469 759 536 ponere
781 448 818 516 in
836 449 1023 517 electorum
1047 471 1189 517 suorum
1204 470 1359 532 numero,
1376 466 1491 536 neque
1505 465 1572 532 gra·

409 557 495 624 tiam
519 578 707 644 congruam
730 562 767 624 et
788 559 1083 646 perseverantiam
1107 558 1202 644 dare;
1227 579 1336 647 aeque
1361 554 1460 622 euim
1482 551 1573 618 infal-

410 663 559 731 libiliter
582 687 624 730 ex
647 661 847 731 huiusmodi
870 665 1019 732 decretis
1043 672 1206 756 sequetur
1230 662 1424 732 damnatio:
1443 665 1480 727 ct
1495 656 1577 725 sial-

409 775 523 837 terum
546 770 668 837 borum
692 769 907 838 decretorum
930 777 1022 839 esset
1045 771 1273 854 subeundum,
1292 769 1415 861 quivis
1431 770 1578 836 censerat

410 876 477 944 sibi
500 898 573 944 esse
597 875 813 960 indifferens,
840 885 958 946 utrum
981 877 1156 966 eligatur,
1183 900 1260 945 cum
1291 883 1486 965 utrumque
1508 879 1579 938 aute

409 981 663 1072 praevisionem
687 1005 827 1073 operum
851 983 899 1051 sit
925 991 1127 1073 conceptum
1142 1011 1158 1044 n
1176 982 1321 1051 Lessius
1344 982 1387 1050 de
1403 978 1576 1048 Praedest.

410 1096 494 1158 sect.
511 1089 544 1157 2.
564 1113 600 1158 n.
620 1089 674 1176 133
693 1091 739 1158 cf.
759 1090 909 1159 Tertull.
929 1097 1021 1160 cont.
1039 1091 1147 1159 Marc.
1164 1090 1191 1158 l.
1210 1091 1274 1158 IV.
1294 1113 1324 1158 o.
1342 1088 1400 1156 29.

476 1198 523 1265 4⁰.
549 1197 619 1279 Qui
643 1203 776 1265 attente
798 1197 927 1287 legerit
955 1197 1118 1288 Prospori
1147 1197 1321 1288 Aquitani
1343 1193 1581 1286 responsiones

409 1304 454 1372 ad
472 1303 628 1394 capitula
651 1303 832 1374 Gallorum
850 1305 899 1371 11.
918 1304 1074 1372 HLVII.
1093 1303 1177 1370 XII.
1196 1302 1340 1390 (collata
1363 1299 1579 1392 responsione

409 1413 454 1480 ad
476 1413 599 1480 obiect.
621 1412 704 1480 XII.
724 1411 905 1497 Vincent.)
933 1413 1038 1482 facile
1065 1413 1213 1496 sentiet,
1242 1410 1382 1480 saeculo
1407 1409 1458 1476 V.
1489 1430 1579 1499 quos·

410 1521 489 1588 dam
513 1521 671 1590 turbatos
693 1521 803 1590 fuisse
826 1521 985 1590 docmina
1006 1521 1202 1610 Augustini
1226 1521 1319 1589 inter
1339 1524 1461 1589 cetera
1484 1517 1579 1584 etiam

410 1625 506 1709 ideo,
533 1627 617 1717 quia
643 1627 695 1700 eis
724 1627 856 1694 axilla
883 1649 951 1695 non
981 1629 1050 1696 rite
1077 1627 1258 1696 intellecta
1288 1626 1481 1696 videbatur
1512 1645 1579 1691 con·

411 1733 531 1822 sequi,
556 1733 712 1801 homines
736 1733 797 1824 qui
819 1741 986 1823 pereunt,
1019 1741 1101 1803 aute
1126 1755 1257 1802 omnem
1283 1755 1425 1823 operum
1451 1727 1580 1820 praevi-

411 1840 540 1907 sionem
565 1840 674 1908 fuisee
697 1841 905 1930 praeteritos
938 1841 974 1908 in
999 1842 1334 1932 praedestinatione,
1364 1862 1408 1906 ex
1432 1859 1506 1928 qna
1530 1859 1578 1903 ne

410 1946 551 2034 gatione
574 1947 904 2036 praedestinationis
920 1948 1072 2016 ulterius
1095 1948 1347 2017 concludebant
1373 1967 1580 2036 consequeus

410 2073 496 2136 esse,
515 2054 604 2144 quod
622 2053 679 2122 illi
695 2077 762 2122 non
776 2053 1030 2144 praedestinati
1053 2055 1248 2124 necessario
1263 2061 1298 2122 et
1313 2077 1355 2122 ex
1378 2053 1447 2120 Dei
1465 2051 1577 2120 voluu-

410 2164 483 2226 tate
511 2167 666 2248 pereant.
693 2161 840 2250 Prosper
868 2161 1042 2230 consentit
1069 2161 1172 2250 plane
1199 2159 1512 2242 obtrectatoribus,
1528 2157 1576 2224 do·

411 2270 557 2338 utrinam
575 2269 673 2337 illam
696 2291 770 2336 esse
793 2268 978 2337 absurdam
1001 2277 1037 2337 et
1060 2291 1102 2336 ex
1125 2289 1167 2337 ea
1189 2267 1238 2351 id,
1257 2267 1348 2359 quod
1371 2267 1573 2342 inferebant,

411 2398 621 2465 consequens
650 2376 736 2461 fore;
755 2383 795 2444 at
812 2375 1002 2458 inficiatur,
1020 2375 1126 2444 talem
1153 2376 1412 2444 antecedentem
1428 2371 1575 2463 negatio

412 2505 489 2550 nem
519 2482 849 2572 praedestinationis
879 2483 1080 2572 Augustino
1103 2481 1173 2550 nisi
1192 2512 1208 2545 u
1223 2503 1284 2572 per
1311 2481 1520 2550 calumniam
1546 2481 1574 2543 et

411 2587 649 2678 prodigiosum
662 2588 905 2658 mendaciumn
920 2589 1073 2658 adscribi
1088 2611 1199 2678 posse3
1214 2593 1250 2656 et
1264 2587 1415 2655 affirmat
1427 2585 1572 2654 omnibns

410 2695 575 2786 loquendi
599 2696 720 2780 modis,
739 2695 865 2786 quibus
887 2703 1002 2785 potest
1023 2695 1283 2779 efficacissimis,
1303 2695 1396 2786 quod
1420 2695 1501 2785 quis
1514 2713 1571 2758 non

410 2811 464 2872 est
487 2803 781 2892 praedestinatus,
798 2804 835 2873 id
851 2811 963 2874 totum
986 2785 1196 2896 consequire
1218 2827 1292 2873 esse
1314 2803 1360 2871 ad
1382 2801 1571 2892 praevisum

409 2911 486 2980 eius
509 2919 689 3000 peccatum
703 2911 822 2994 finale,
841 2911 939 2979 nullo
954 2918 1071 2981 autem
1087 2913 1186 2980 modo
1209 2935 1251 2979 ex
1277 2911 1501 2980 antecedente
1521 2927 1569 2974 vo

410 3017 547 3086 lunmte
572 3017 650 3102 Dei,
677 3039 780 3108 quem
803 3019 898 3086 Deus
921 3041 962 3087 ex
987 3041 1061 3088 sese
1084 3019 1257 3108 concipiat
1280 3039 1348 3084 non
1373 3021 1569 3106 provocatus

409 3123 587 3192 hominum
610 3123 724 3214 culpis
748 3123 927 3192 finalibus.

475 3229 602 3298 Mirum
626 3237 692 3314 est,
719 3231 885 3322 quomodo
909 3229 1037 3300 Suaren
1055 3232 1112 3316 (de
1128 3231 1251 3300 Pracd.
1270 3231 1296 3297 l.
1314 3230 1359 3298 V.
1379 3255 1410 3299 c.
1430 3233 1464 3298 5.
1479 3254 1513 3297 n.
1528 3227 1568 3308 7.)

409 3335 581 3404 affirmare
604 3339 772 3426 potuerit,
798 3337 1005 3426 Prospernm
1028 3361 1096 3405 non
1119 3339 1160 3407 de
1183 3337 1370 3426 negatione
1392 3333 1567 3427 praedesti·

409 3443 579 3527 nationis,
598 3445 657 3512 sed
675 3445 716 3514 de
738 3446 977 3534 reprobatione
1007 3447 1179 3536 positiva,
1194 3447 1230 3514 h.
1248 3469 1279 3515 e.
1297 3447 1339 3514 de
1361 3446 1501 3514 decreto
1520 3443 1566 3509 da-

410 3549 597 3616 mnationis
612 3551 657 3618 ad
673 3573 814 3640 poenam
838 3559 1013 3620 aeternam
1037 3552 1163 3620 babere
1186 3574 1388 3638 sermonem
1407 3575 1484 3620 cum
1509 3555 1565 3616 tan

411 3657 660 3725 obtrectatores
683 3681 785 3757 quam
810 3659 883 3748 ipse
905 3659 1054 3748 Prosper
1077 3659 1114 3727 in
1142 3659 1310 3728 succintis
1333 3659 1410 3726 illis
1433 3667 1566 3750 quatuor

411 3763 578 3854 capitulis
593 3763 717 3832 saltem
732 3765 845 3834 decies
860 3765 967 3834 octies
983 3767 1170 3850 declarent,
1190 3790 1226 3835 se
1240 3787 1345 3856 agere
1361 3767 1404 3834 de
1416 3767 1476 3850 iis,
1492 3757 1565 3854 «qui

406 3869 663 3960 praedestinati
679 3897 746 3938 non
762 3888 855 3954 eant,
867 3901 883 3934 n
905 3903 922 3937 c
934 3873 995 3964 qui
1017 3899 1085 3939 non
1096 3876 1274 3962 pertinent
1289 3871 1336 3939 od
1346 3871 1564 3963 praedestino·

412 3978 578 4056 tionem,n
600 3975 688 4066 aqui
706 4001 773 4041 non
789 3991 869 4044 eant
884 3979 1004 4044 secreti
1020 3977 1063 4042 ab
1079 3993 1219 4042 aeterno
1229 3975 1441 4065 perditione,
1452 4004 1469 4038 a
1490 4005 1506 4038 ι
1517 3970 1564 4063 qui

410 4081 511 4145 nullo
522 4081 837 4168 praedestinatione
851 4097 931 4149 snnt
948 4080 1089 4148 discreti
1105 4107 1126 4146 a
1136 4081 1231 4170 filiis
1245 4080 1455 4170 perditionis
1469 4109 1485 4142 a
1497 4087 1562 4156 en,

411 4192 447 4255 et
462 4209 504 4254 ne
520 4187 624 4256 semel
640 4189 778 4279 quidem
794 4189 972 4256 nominent
988 4189 1154 4258 vocabulo
1175 4189 1291 4258 aiente
1305 4189 1562 4277 reprobationem

411 4299 476 4363 aut
491 4295 754 4367 damnationem.
773 4297 892 4382 Immo,
912 4305 954 4366 ut
970 4296 1130 4366 Suarezii
1145 4297 1273 4366 solutio
1289 4297 1429 4366 omnino
1444 4291 1561 4364 refella-

411 4406 483 4484 tur,
502 4401 698 4492 Augustini
722 4405 971 4472 obtrectatores
993 4407 1030 4470 et
1050 4403 1125 4492 ipse
1151 4403 1188 4472 S.
1203 4402 1351 4491 Prosper
1365 4403 1493 4471 diserte
1506 4399 1560 4466 dis·
