3262 5076
905 409 943 426 ..
965 377 1025 438 400
1045 409 1083 424 -

404 482 441 549 iu
465 481 529 550 hoc
552 481 619 550 teli
643 487 725 551 ectu
748 481 872 572 primo,
890 489 991 551 actus
1014 481 1187 550 secundus
1214 479 1304 550 liber
1328 503 1395 550 uon
1419 481 1560 573 sequitur

404 587 644 658 infallibiliter
667 587 737 656 nisi
760 610 801 656 ex
826 587 1077 678 suppositione,
1095 587 1187 680 quod
1215 587 1381 656 voluntas
1403 589 1506 658 libere
1525 589 1561 657 ed

404 719 481 766 eum
506 719 542 765 ee
565 697 841 766 determinatum
871 703 973 766 esset.
1003 695 1086 765 Ideo
1109 695 1168 765 hic
1195 696 1452 766 determinatus
1476 703 1563 766 actus

403 805 577 874 secundus
599 805 700 888 liber,
727 804 787 895 qui
811 806 903 874 foret
918 805 983 873 sub
998 803 1208 888 conditione,
1226 825 1256 872 e.
1275 828 1312 894 g.
1331 803 1424 896 quod
1439 804 1562 886 Petrus,

403 913 434 980 si
457 913 728 981 constitueretur
751 912 790 981 in
812 911 879 981 tali
902 917 984 981 actu
1008 911 1132 1002 primo,
1151 917 1312 1002 peccaret
1335 911 1563 980 infallibiliter

402 1019 468 1104 ita,
487 1027 527 1088 ut
550 1019 745 1110 oppositum
769 1025 952 1110 repugnet,
971 1019 1217 1110 cognoscibilis
1234 1042 1303 1088 nou
1319 1027 1385 1106 est,
1403 1021 1474 1088 uisi
1488 1019 1522 1088 iu
1535 1041 1564 1086 se
1617 1069 1619 1086 .

402 1125 490 1216 ipso,
505 1126 596 1218 quod
609 1125 745 1195 scilicet
756 1125 979 1215 cognoscitur
995 1127 1073 1216 ipsa
1088 1126 1201 1195 libere
1215 1126 1474 1210 determinatio,
1488 1148 1564 1217 quse
1617 1123 1618 1160 ³

402 1232 439 1300 iu
452 1231 527 1300 illis
539 1231 716 1301 adiunctis
728 1233 830 1302 foret:
845 1255 907 1302 nee
920 1231 1019 1302 aliud
1035 1239 1091 1302 est
1108 1232 1296 1326 reliquum,
1313 1255 1417 1326 quam
1437 1239 1477 1301 ut
1491 1231 1563 1300 hacc

403 1339 643 1408 conditionate
666 1339 800 1408 veritas
823 1346 924 1408 ectus
947 1339 984 1408 in
1008 1361 1045 1408 se
1067 1339 1288 1425 admittatur,
1307 1341 1364 1410 vel
1381 1347 1502 1410 contra
1515 1339 1562 1408 do

402 1446 550 1516 utrinam
573 1468 616 1515 ex
635 1445 820 1537 Scriptura
832 1452 869 1515 et
884 1447 1054 1516 Patribus
1069 1453 1105 1516 et
1120 1469 1224 1516 seusu
1238 1469 1280 1517 ec
1295 1471 1467 1518 consensu
1481 1447 1561 1516 chri-

402 1554 516 1624 stiano
539 1555 576 1622 in
599 1554 773 1644 superiori
795 1553 889 1622 thesi
912 1554 1183 1625 demonstratam
1207 1563 1356 1646 negetur
1383 1557 1455 1626 Deo
1471 1553 1561 1623 infel·

401 1661 513 1730 libilis
536 1661 689 1751 cognitio
705 1661 892 1730 liberorum
908 1669 1062 1748 actuum,
1076 1665 1138 1756 qui
1154 1665 1270 1733 forent
1283 1665 1348 1733 sub
1363 1663 1560 1734 conditione.

402 1768 492 1838 Vide
516 1769 645 1839 Suerez
669 1769 796 1860 Opusc.
816 1770 858 1839 de
882 1771 1005 1839 scient.
1032 1771 1145 1838 futur.
1164 1769 1189 1838 l.
1206 1770 1256 1839 11.
1274 1795 1305 1840 c.
1323 1771 1359 1839 4.
1376 1793 1414 1840 u.
1433 1769 1487 1839 13.
1504 1791 1561 1861 sq.;

402 1898 432 1946 c.
447 1875 479 1944 7.
494 1897 530 1944 ιι.
547 1875 602 1944 15.
618 1899 684 1968 sq.;
702 1875 861 1944 Iressium
878 1877 919 1946 de
936 1877 1056 1967 gratie
1070 1877 1157 1947 effic.
1172 1899 1203 1947 c.
1218 1877 1274 1946 20.
1290 1901 1325 1946 ιι.
1341 1879 1374 1946 7.
1390 1879 1433 1965 83
1450 1875 1559 1946 Didae.

400 1981 491 2052 Ruiz
508 1981 550 2050 de
565 1979 688 2052 scie‘nt.
706 1983 772 2053 Dei
795 1983 885 2074 disp.
901 1983 961 2070 753
979 1981 1161 2052 Bestidem
1176 1984 1213 2052 in
1228 1983 1403 2075 congreg.
1422 1981 1559 2053 XXXV.

401 2088 509 2180 (apud
524 2089 644 2160 Livin.
662 2089 704 2160 ds
719 2089 852 2180 Meyer.
871 2089 967 2159 Hist.
985 2089 1028 2158 de
1041 2089 1165 2160 Auxil.
1183 2089 1210 2160 l.
1226 2091 1270 2160 V.
1286 2114 1317 2160 c.
1334 2092 1423 2178 47.).
