3262 5076
552 359 590 374 ..
613 324 672 388 545
693 358 731 372 ..

58 430 209 499 omnium
221 433 282 524 qni
295 439 455 523 pereunt,
469 456 546 503 cnm
563 431 700 502 sincera
710 430 775 499 Dei
793 430 976 501 voluntate
991 431 1225 518 antecedente,

58 544 96 604 ut
118 537 224 606 iidem
249 562 365 610 omnes
388 541 544 610 homines
569 539 662 609 salvi
689 539 788 607 fient.
815 537 946 607 Verum
977 539 1127 609 admisso
1157 540 1225 608 iam

56 645 240 738 principio,
260 649 517 739 quodomnium
538 647 785 716 salvandorum
808 645 969 715 absoluta
991 645 1225 736 praedestina-

57 753 103 819 tio
127 753 174 820 ad
196 753 347 842 gloriam
371 755 584 847 compleatur
602 753 846 823 antecedenter
868 759 905 823 et
927 753 1018 823 citra
1032 760 1225 844 respectum

56 859 98 926 ad
121 860 379 948 praevisionem
403 870 544 931 actuum
568 867 823 945 creaturarum,
850 859 980 929 Suarez
1004 861 1080 950 ipse
1102 867 1139 930 et
1161 860 1226 929 alii

56 988 172 1034 omncs
195 966 302 1038 huius
327 971 520 1039 sententiae
536 974 724 1038 sectatores
742 967 882 1036 tandem
900 967 937 1034 in
953 967 1070 1037 eadem
1085 967 1225 1036 notione

56 1075 309 1162 reprobationis
327 1077 469 1145 haerere
483 1082 667 1166 coguntur.
686 1074 933 1144 «Probabilins
945 1097 1077 1158 censeo,
1092 1074 1220 1166 inquit,

56 1179 165 1247 Deum
190 1181 228 1248 in
251 1180 313 1250 illo
340 1183 441 1272 signo
471 1183 555 1270 (ubi
584 1179 864 1272 praedestinavit
894 1202 1008 1248 omnes
1038 1179 1225 1249 salvandos

57 1285 98 1352 ad
121 1285 274 1374 gloriam
297 1295 379 1358 ante
402 1289 563 1381 quemvis
585 1286 838 1379 praevisionem
856 1287 1072 1373 meritorum)
1089 1286 1141 1357 ita
1156 1310 1225 1355 non

55 1390 205 1480 elegisse
220 1395 383 1483 reprobos
399 1394 442 1462 ad
459 1394 620 1484 gloriam,
635 1397 678 1461 nt
691 1391 882 1483 positivum
898 1400 1013 1462 actum
1030 1391 1225 1462 voluntatis

56 1496 222 1568 hebuerit
237 1523 306 1568 non
320 1500 474 1590 eligendi
495 1499 577 1569 illos
594 1523 656 1569 sen
672 1499 813 1570 volendi
828 1523 897 1568 non
912 1499 1044 1588 eligere
1057 1527 1073 1562 n
1093 1499 1223 1568 Suarez

54 1606 93 1674 de
105 1605 232 1676 Praed.
249 1607 274 1676 l.
288 1609 333 1678 V.
349 1633 379 1678 c.
392 1610 427 1678 4.
444 1635 478 1678 n.
494 1609 527 1677 ὅ.
553 1608 792 1678 Nihilominus
814 1607 919 1699 paulo
942 1613 1023 1677 ante
1050 1607 1164 1698 capite
1187 1605 1221 1676 3.

56 1712 176 1782 multis
201 1717 422 1804 probaverat,
439 1739 508 1784 non
523 1738 598 1785 esse
614 1737 799 1785 consonum
824 1736 928 1783 sanae
950 1714 1149 1805 theologiae
1170 1715 1223 1782 af·

55 1821 194 1890 firmare
216 1822 327 1891 Deum
351 1823 594 1893 antecedenter
616 1823 660 1891 ad
683 1823 937 1914 praevisionem
961 1823 1083 1913 culpae
1105 1820 1224 1890 finalis

55 1928 211 1998 voluisse
240 1928 378 2021 aliquos
404 1959 420 1994 u
444 1929 628 2000 excludere
649 1951 671 1997 a
694 1952 801 2020 regno
825 1930 1006 1998 coelestin
1033 1928 1091 1998 vel
1117 1957 1133 1992 a
1156 1949 1223 1995 non

56 2035 241 2105 admittere
264 2036 309 2104 ed
331 2057 478 2125 regnum
501 2064 517 2098 n
543 2037 605 2126 (ib.
621 2060 657 2105 n.
673 2036 766 2124 ln),
799 2037 883 2128 quia
905 2035 943 2105 id
966 2041 1142 2126 repugnat
1164 2057 1223 2102 vo·

57 2141 188 2210 luctati
211 2143 442 2228 antecedenti,
461 2149 502 2211 ut
518 2166 633 2212 omnes
649 2141 804 2212 homines
820 2143 913 2212 salvi
935 2142 1034 2211 fiant.
1053 2143 1224 2211 Docemur

56 2271 150 2338 ergo,
169 2249 304 2318 nnllam
327 2272 402 2320 esse
425 2249 641 2320 voluntatem
661 2251 919 2320 antecedentem
935 2275 1002 2317 non
1018 2249 1225 2317 admittendi

58 2357 195 2449 aliquos
218 2356 265 2423 cd
287 2381 439 2447 regnum,
464 2358 547 2450 qnia
569 2358 606 2427 id
629 2365 805 2449 repugnat
827 2358 1005 2427 voluntati
1028 2357 1223 2426 universali

57 2463 247 2552 salvificae
274 2487 348 2534 esee
370 2470 486 2534 tamen
509 2465 697 2555 positivam
720 2466 937 2535 voluntatem
964 2463 1222 2534 antecedentem

57 2597 121 2638 non
138 2571 293 2664 elipendi
305 2572 352 2639 cd
363 2597 516 2663 repnnm,
530 2580 700 2666 quotquot
716 2573 834 2664 angeli
850 2579 885 2642 et
899 2571 1055 2641 homines
1067 2571 1223 2639 damnati

57 2687 136 2749 sunt
160 2688 198 2750 et
220 2679 419 2749 damnandi.
436 2680 555 2750 Facile
571 2681 831 2772 intelligeretur
847 2679 1033 2750 discrimen
1055 2680 1148 2748 inter
1163 2701 1221 2748 vo·

57 2785 228 2857 luntatem
244 2788 501 2858 antecedentem
524 2813 592 2857 non
614 2789 822 2859 admittendi
844 2789 889 2858 ad
912 2811 1058 2878 regnum
1082 2809 1142 2857 sen
1165 2808 1221 2854 ex·

57 2893 218 2964 cludendi
242 2919 263 2962 a
285 2917 392 2985 regno
416 2897 455 2960 in
473 2919 619 2985 poenam
645 2911 677 2962 et
699 2896 900 2978 uindictam,
925 2901 961 2964 et
983 2895 1082 2963 inter·
1100 2891 1221 2963 volun·

60 3008 165 3070 tatem
190 3000 446 3071 antecedentem
470 3025 538 3071 non
562 3002 716 3094 eligendi
733 3003 779 3070 cd
795 3003 913 3070 honrem
930 3001 1129 3068 indebitam:
1146 3022 1222 3091 pos·

58 3119 108 3178 set
129 3109 224 3179 enim
248 3109 331 3195 dici,
348 3109 499 3202 priorem
521 3111 620 3179 illam
643 3133 851 3202 repugnare,
871 3111 954 3202 quia
977 3109 1142 3178 voluntas
1159 3130 1220 3198 pn·

56 3217 151 3286 niens
176 3216 343 3307 supponit
365 3217 516 3307 culpam3
534 3219 758 3308 posteriorem
768 3243 834 3308 per
850 3241 884 3285 se
899 3217 1101 3286 nullatenus
1124 3238 1222 3305 repn-

57 3347 174 3412 gnere,
195 3324 279 3416 quia
294 3325 419 3392 bonum
434 3324 627 3395 indebitum
642 3333 760 3416 potest
775 3325 897 3417 hegari
917 3325 1018 3394 nulle
1040 3323 1222 3415 supposita

60 3430 172 3522 culpa.
198 3431 250 3499 At
271 3429 408 3523 quando
433 3431 502 3500 iam
527 3439 664 3502 constat
674 3484 683 3520 ,
701 3457 816 3503 omnes
833 3433 988 3502 homines
1003 3455 1025 3501 a
1039 3433 1111 3501 Deo
1127 3436 1222 3499 ante·

59 3538 197 3607 cedente
220 3537 403 3608 voluntate
427 3537 615 3606 destinatos
631 3565 697 3608 esse
713 3541 758 3608 ad
776 3541 895 3608 tonum
912 3541 1099 3608 indebitum
1121 3543 1222 3631 regni

59 3645 217 3728 coelestis,
238 3651 275 3714 et
289 3645 400 3714 Deum
416 3647 549 3717 sincere
565 3653 682 3740 atque,
702 3653 744 3716 ut
758 3647 919 3740 loquitur
936 3648 1218 3737 chrysostomus,

61 3779 75 3812 ι
91 3751 228 3821 intenso
242 3751 444 3822 desiderio»
464 3755 687 3825 antecedente
705 3755 808 3841 velle,
827 3763 870 3826 ut
884 3778 999 3825 omnes
1015 3754 1079 3823 hoe
1096 3754 1220 3821 bonum

60 3857 248 3928 indebitum
265 3867 533 3953 consequentum
548 3863 715 3954 quomodo
731 3885 857 3956 quaeso
871 3885 948 3934 cnm
960 3863 1026 3932 hac
1039 3861 1222 3931 voluntate

60 3965 181 4036 salutis
204 3967 308 4036 simul
333 3968 521 4039 consistere
544 3977 658 4062 potest
679 3973 838 4040 voluntas
852 3974 1008 4061 position
1027 3967 1222 4037 antecedens

60 4095 121 4138 non
146 4071 299 4164 stipendi
322 4073 368 4141 cd
392 4076 451 4143 too
476 4076 618 4143 bonnm?
642 4077 709 4148 Sed
728 4078 895 4170 quomodo
918 4077 1002 4146 heec
1026 4075 1220 4144 antecedens

61 4177 218 4249 voluntas
240 4180 376 4272 aliquos
391 4205 460 4250 non
475 4181 630 4274 eligendi
645 4191 779 4276 pugnet
796 4207 872 4254 cum
888 4183 1072 4254 voluntate
1086 4185 1221 4250 nniver-
1277 4185 1285 4202 ‘

60 4285 122 4351 sali
144 4287 323 4373 salvifica,
348 4289 500 4359 inferius
523 4291 562 4359 in
585 4292 698 4361 altera
727 4298 827 4383 perte
855 4291 993 4361 theseos
1016 4291 1218 4384 apparebit;

62 4413 145 4463 nune
167 4396 385 4466 continemur
409 4397 520 4466 solnm
537 4399 573 4467 iu
590 4399 759 4469 historica
776 4399 990 4491 expositione
1004 4400 1216 4492 opinionum.

194 4523 349 4576 Frenuls'n
1044 4527 1079 4579 85
