3394 5056
612 388 650 405 ..
671 355 711 418 65
734 389 771 404 ..

108 467 229 550 firmat,
255 461 547 553 comparationem
570 483 644 530 esse
667 460 905 530 tantummodo
928 463 1021 528 inter
1043 457 1275 548 cognitionem

107 571 297 640 naturalem
321 569 511 660 gentilium
534 575 570 637 et
593 569 824 659 cognitionem
847 568 1056 636 Iudaeorum
1079 591 1120 636 ex
1142 566 1275 635 revela·

107 682 207 750 tione.
234 708 250 744 s
267 679 400 768 Nempe
416 676 508 770 quod
531 675 618 743 idem
636 679 871 766 praestitisset
887 677 968 742 olim
983 677 1142 765 pentibus
1163 675 1275 742 ttamen

107 803 264 868 naturae,
290 785 382 878 quod
413 782 557 853 Iudaeis
592 785 673 867 lem,
698 784 833 852 seilicet
867 785 911 852 ad
949 785 1173 853 iudicandum
1213 785 1274 852 iu-

36 911 42 923 ·
106 903 156 965 ter
178 903 310 965 rectum
333 900 370 962 et
392 913 567 983 pravum,
592 892 678 961 licet
700 892 737 959 in
764 892 842 982 lege
877 893 1010 982 scripta
1045 893 1275 982 explicatione

106 1011 214 1073 essent
244 1008 433 1093 praecepte
457 1022 560 1092 quem
583 999 620 1067 iu
644 1001 721 1089 lege
744 1007 904 1069 naturae.
938 1027 954 1062 s
981 1000 1134 1068 Tandem
1167 999 1274 1068 Sotus

105 1111 287 1196 concludit,
313 1109 576 1200 praeferendam
592 1130 666 1176 esse
682 1108 945 1197 expositionem,
964 1108 1055 1199 quod
1071 1131 1138 1175 non
1162 1107 1273 1177 solum

106 1219 253 1310 cognitio
277 1241 356 1287 oum
380 1216 578 1307 cognitione
606 1223 837 1306 comparetur,
863 1217 923 1284 sed
948 1222 1077 1305 agatur
1101 1215 1206 1283 simul
1230 1215 1272 1285 de

105 1327 318 1397 exsecutione
341 1325 445 1414 legis:
467 1325 559 1393 ahoe
581 1331 697 1394 tamen
713 1347 828 1408 sensu,
847 1325 938 1416 quod
955 1324 1167 1392 naturaliter
1185 1345 1272 1415 quoe

105 1434 188 1524 legis
199 1440 296 1516 sunt,
307 1432 422 1500 iacere
435 1437 607 1521 poterant,
618 1430 654 1499 id
667 1439 721 1500 est
736 1439 921 1521 praecepta
937 1431 1051 1500 facere
1067 1431 1179 1522 quoad
1192 1431 1271 1498 sub·

104 1543 260 1610 stantiam
277 1562 433 1632 operum;
458 1545 494 1608 et
515 1538 593 1607 ideo
616 1561 685 1606 non
701 1537 804 1606 dixit:
823 1539 1040 1608 naturaliter
1056 1539 1166 1628 legem
1185 1560 1273 1606 oom-

104 1650 206 1741 plent;
231 1648 293 1718 sed
317 1670 404 1740 quae
427 1647 518 1737 legis
542 1653 637 1728 sunt,
663 1647 876 1716 naturaliter
893 1647 1043 1716 iaciunt:
1062 1669 1149 1738 quae
1166 1646 1197 1714 si
1222 1647 1271 1714 fe·

104 1757 225 1826 cissent
246 1755 307 1824 vel
330 1754 363 1822 si
386 1754 584 1839 iaciebant,
609 1754 705 1822 Deus
735 1762 820 1823 tunc
855 1755 1082 1823 succurrebat
1111 1754 1186 1821 illis
1210 1775 1271 1842 per

103 1864 242 1956 speciale
266 1862 441 1931 auxilium
464 1861 677 1931 illustrando
700 1885 817 1930 eorum
841 1869 971 1932 mentes
994 1862 1115 1930 altiori
1139 1861 1271 1930 lumine

104 1975 226 2063 (gaus
247 1971 360 2058 fidei),
387 1993 454 2064 quo
477 1977 618 2062 possent
633 1971 671 2039 in
685 1971 751 2040 Dei
773 1971 965 2040 amicitiam
988 1970 1109 2060 recipi.
1132 1997 1148 2032 s

161 2081 254 2150 uses
278 2079 397 2148 eadem
422 2079 534 2171 quoad
558 2079 610 2147 rei
634 2101 800 2147 summam
835 2086 892 2148 est
921 2079 1097 2147 sententia
1120 2077 1270 2145 aliorum

107 2190 244 2258 omnium
256 2187 513 2276 theologorum,
522 2209 607 2278 quos
618 2186 810 2273 nominavi3
821 2187 945 2256 docent
957 2185 1092 2254 scilicet
1104 2186 1179 2254 sine
1192 2207 1269 2254 con·

104 2295 279 2379 troversia,
294 2301 419 2385 gentes
434 2295 528 2384 apud
545 2294 692 2362 Paulum
708 2295 864 2385 intelligi
881 2294 1002 2363 debere
1019 2294 1076 2362 vel
1094 2293 1195 2361 unice
1211 2291 1269 2360 vel

105 2404 215 2473 saltem
238 2404 374 2473 directe
398 2409 434 2471 et
456 2403 642 2494 praecipue
665 2403 836 2491 infideles;
863 2403 1097 2493 cognitionem
1120 2401 1210 2490 legis
1230 2400 1268 2469 in

105 2512 308 2602 oppositione
333 2511 378 2580 ad
400 2510 588 2600 positivam
604 2511 851 2580 revelationem
868 2533 942 2579 esse
958 2510 1190 2599 cognitionem
1207 2530 1268 2598 per

104 2617 206 2690 lunen
229 2618 396 2706 rationis;
422 2619 677 2688 exsecutionem
701 2641 819 2688 eorum
843 2641 930 2711 quae
953 2619 1044 2709 legis
1068 2623 1163 2700 sunt,
1192 2639 1268 2687 esse

105 2727 152 2794 rel
173 2728 450 2797 observationem
474 2727 673 2820 aliquorum
704 2734 965 2818 praeceptorum
997 2727 1182 2795 moralium
1205 2747 1267 2814 per

105 2835 187 2904 vires
208 2835 406 2919 naturales,
425 2835 482 2904 vel
506 2835 782 2905 observationem
806 2859 867 2926 per
882 2835 1096 2903 adiutorium
1114 2831 1263 2922 gratiae,

104 2966 180 3035 quae
201 2943 387 3035 praevenit
409 2949 445 3011 et
468 2943 569 3012 iidem
587 2951 623 3013 et
638 2944 682 3012 ad
701 2944 801 3013 fidem
819 2950 1017 3034 praeparet.
1037 2943 1157 3034 Neque
1173 2940 1264 3010 enim

104 3049 151 3118 us
164 3060 215 3120 est
230 3050 415 3134 affirmare,
436 3050 637 3120 infidelibus
655 3059 735 3120 unte
751 3051 903 3142 gretiam
919 3051 1001 3119 fidei
1015 3051 1131 3118 deesse
1150 3047 1267 3116 omnia

104 3157 268 3226 adiutoria
284 3158 423 3248 gratiae
446 3159 491 3226 ad
508 3160 737 3246 facienduea,
757 3181 845 3250 quae
861 3159 952 3248 legis
968 3159 1144 3227 naturalis
1168 3164 1263 3244 sunt3

104 3266 194 3334 inmo
208 3267 284 3334 siue
300 3287 417 3334 errore
435 3265 714 3358 Semipelagieno
729 3290 797 3335 non
814 3275 928 3357 potest
943 3268 1079 3356 negari,
1091 3269 1155 3335 sub
1167 3267 1264 3335 adiu·

103 3373 182 3442 torio
202 3373 342 3463 gratiae
355 3375 635 3464 supernaturalis
648 3375 725 3442 lieri
738 3383 839 3443 actus
855 3374 948 3459 illos,
964 3375 1023 3465 qui
1041 3375 1113 3443 sint
1129 3375 1264 3442 directe

103 3492 132 3550 st
151 3481 303 3572 positive
325 3483 545 3572 praeparatio
569 3483 614 3552 ad
637 3483 739 3552 fidem
764 3481 1018 3572 suscipiendam
1035 3481 1098 3570 (1).

155 3661 196 3738 (1)
213 3664 378 3732 Propositio
397 3663 443 3717 26·
458 3667 488 3718 et
500 3667 546 3718 27·
560 3666 709 3731 Quosnelli
724 3665 859 3720 damnata
872 3669 925 3721 est:
942 3667 1061 3721 attollas
1074 3667 1181 3722 dantur
1199 3685 1262 3736 gra·

105 3755 152 3808 tiso
167 3755 226 3808 uisl
245 3769 296 3823 por
314 3753 431 3807 fldem.»
445 3773 459 3802 ι
473 3755 560 3808 Fides
574 3759 619 3809 est
632 3756 725 3825 prims
737 3758 833 3823 gratis
852 3761 882 3809 et
894 3757 958 3810 fons
973 3759 1095 3811 ominum
1110 3761 1260 3814 aliarum.»

105 3842 231 3898 similitu
243 3843 379 3898 demnsts
391 3843 419 3895 ὅ·
431 3844 467 3898 ab
477 3843 561 3898 Alex.
575 3846 758 3900 vlnmec.
773 3846 852 3900 1690.
867 3846 976 3899 siebat:
995 3847 1134 3914 uPagani,
1150 3849 1260 3919 Iudaei,

104 3933 227 3988 haeretiei
246 3933 357 4000 aliique
375 3933 462 3986 huius
476 3934 590 4000 generis
609 3937 720 3989 nullum
740 3937 854 3989 omuino
874 3935 1017 4003 recipiunt
1036 3953 1053 3988 u
1067 3939 1131 3990 lesu
1145 3937 1261 3994 christo

105 4023 243 4091 Murum,
265 4023 391 4091 adeoque
410 4025 478 4077 hinc
497 4029 573 4078 recta
591 4025 714 4092 inseres,
735 4025 850 4078 inillis
876 4041 937 4078 esso
958 4025 1135 4080 voluntatem
1157 4029 1261 4082 nudam

105 4113 270 4166 stireman
289 4113 353 4165 siue
373 4114 449 4165 omui
474 4113 781 4179 gratianensem.»
800 4114 974 4167 Distinotior
998 4115 1143 4168 damuatio
1166 4120 1211 4170 est
1229 4118 1261 4171 iu

106 4199 176 4256 Belle
195 4203 369 4256 eductorem
388 4201 472 4256 Fidei
486 4223 500 4250 s
515 4219 544 4256 u.
558 4204 608 4256 22:
633 4205 819 4272 uPropositio
839 4219 911 4272 quea
930 4203 1043 4271 innuit,
1064 4205 1147 4258 fldem
1167 4223 1183 4256 a
1204 4223 1262 4273 que

107 4289 193 4358 insipit
215 4293 297 4345 series
315 4293 484 4359 gratiarum,
506 4301 532 4344 et
546 4310 598 4360 per
623 4311 706 4362 qaam
727 4298 801 4347 uelut
823 4296 942 4360 primam
962 4312 1053 4347 uocem
1073 4312 1203 4348 secamur
1223 4295 1261 4346 od

106 4383 202 4434 mutem
221 4385 422 4448 etEeetesr'om,
438 4399 500 4438 oeae
513 4386 664 4452 ipsummet
681 4388 866 4440 excellentem
886 4387 1024 4440 virtutem
1043 4387 1123 4452 fidei,
1140 4401 1196 4454 qua
1209 4385 1257 4438 ho·

108 4471 180 4526 muas
196 4473 295 4528 fideles
313 4475 499 4528 nominentur
512 4479 541 4529 ot
554 4479 637 4544 sunt,
653 4477 770 4544 perinde
784 4493 816 4530 so
828 4477 908 4545 prior
920 4493 974 4530 uon
990 4480 1066 4530 esset
1078 4476 1176 4542 gratia
1188 4477 1252 4542 llla,

229 4581 387 4635 Framoliss
535 4597 536 4601 ¹
1096 4583 1114 4634 ὅ
