3262 5076
921 380 957 394 -
981 350 1041 409 474
1063 379 1100 392 -

428 451 691 542 refragabiliter
714 453 889 520 bonorum.
909 451 1084 521 Voluntas
1107 457 1224 520 autem
1248 472 1449 541 consequens
1474 453 1579 514 estro

429 559 567 644 luntas,
594 583 661 628 non
692 581 779 652 qnae
811 561 973 652 seqnitur
1002 559 1127 628 marita
1150 558 1210 646 (iu
1237 566 1392 647 tempore
1421 555 1491 622 iam
1518 561 1581 622 actu

428 667 644 754 existentia);
661 667 721 736 aed
746 693 834 760 qnae
856 667 930 736 nult
957 669 1082 760 aliqua
1107 664 1288 734 seessndans
1310 667 1489 732 scientiane
1504 665 1581 728 nsai-
1619 733 1620 738 η

430 789 550 842 comm.
569 775 698 857 Prima,
724 773 861 843 scilicet
883 775 1102 858 antecedens,
1127 773 1261 842 dicitnr
1284 797 1306 840 a
1319 770 1506 860 Magistris
1525 794 1582 834 con·

429 881 625 962 dietonnlis,
650 882 725 950 sive
750 881 915 951 voluntas
930 903 999 974 qua
1014 883 1109 950 Deus
1132 881 1225 965 vult,
1243 889 1413 972 quantum
1429 877 1468 946 in
1484 901 1518 946 se
1531 883 1580 943 est

428 985 589 1057 Secunda
602 997 719 1057 autem
747 987 883 1058 scilicet
909 1011 1120 1081 consequens
1135 989 1267 1058 dicitur
1290 987 1463 1054 adnotata.
1479 1012 1495 1046 ι
1510 985 1583 1070 Lege
1606 1042 1620 1078 ,Ι

427 1095 647 1187 cornuque.
1604 1068 1621 1180 j

508 1202 752 1271 Caecitas-iam.
784 1203 822 1272 Si
851 1203 1017 1273 voluntas
1049 1203 1211 1274 salvifica
1241 1201 1440 1272 antecedens
1470 1194 1582 1268 inteili-
1620 1187 1621 1262 Ῐ

428 1311 528 1400 gitur
551 1334 634 1400 prae
662 1334 725 1379 suo
751 1313 900 1380 termino
925 1311 1195 1403 comparationis
1222 1309 1478 1380 universaliter
1509 1326 1583 1373 arne

428 1425 506 1509 pto,
532 1419 774 1490 consideratur
804 1421 990 1506 voluntas,
1023 1429 1065 1490 ut
1091 1444 1127 1489 sa
1153 1419 1260 1489 habet
1286 1418 1530 1488 antecedenter
1551 1411 1582 1478 ad

428 1527 681 1616 praevisionem
706 1528 819 1618 ipsius
842 1529 976 1618 peccati
992 1528 1192 1618 originalis,
1210 1537 1247 1598 et
1262 1551 1301 1598 eo
1318 1525 1433 1617 magis
1449 1523 1583 1592 omniun

426 1633 614 1703 liberorum
639 1643 781 1702 actuum
803 1645 1015 1704 nostrornm.
1042 1634 1081 1704 Si
1106 1657 1189 1704 vero
1220 1635 1389 1703 voluntas
1418 1632 1581 1700 salvifica.

427 1749 469 1809 nt
481 1741 554 1809 iere
569 1763 702 1830 semper
717 1742 759 1810 fit
774 1742 811 1810 in
829 1743 1026 1834 Scripturis
1042 1753 1078 1812 et
1094 1743 1299 1835 plerumque
1315 1764 1337 1809 a
1352 1765 1400 1810 ss.
1418 1741 1581 1817 Patribus,
1605 1698 1614 1791 i

427 1855 621 1938 spectatur,
640 1859 745 1940 prout
760 1859 901 1940 peccato
924 1851 1075 1941 originis
1099 1852 1281 1943 supposito
1303 1852 1461 1920 retertur
1483 1848 1524 1916 ad
1538 1869 1582 1936 ge·

428 1978 493 2024 nna
516 1955 707 2026 humanum
730 1957 867 2048 lapsum
890 1967 926 2028 et
949 1967 1171 2050 reparatum,
1198 1959 1392 2042 terminus,
1419 1979 1503 2047 prae
1530 1975 1583 2045 quo

428 2061 594 2130 voluntas
617 2063 746 2131 salutis
769 2073 929 2134 aeternae
945 2066 1078 2134 dicitur
1094 2065 1292 2132 antecedens
1307 2063 1366 2134 vel
1383 2085 1581 2156 consequens,

426 2177 481 2238 est
503 2171 679 2258 praevisio
703 2177 820 2240 status
842 2173 980 2256 finalis,
1006 2175 1066 2266 qui
1091 2177 1236 2242 futurus
1258 2173 1308 2242 sit
1331 2174 1368 2242 in
1392 2173 1511 2261 gratia
1536 2167 1581 2236 vei

427 2278 463 2344 in
487 2283 641 2366 morato.
666 2277 761 2348 Haec
783 2287 898 2348 autem
924 2281 1100 2370 praevisio
1122 2287 1198 2350 tum
1222 2280 1333 2372 quoad
1358 2279 1500 2348 adultos
1519 2287 1578 2346 tun

426 2381 539 2473 quoad
557 2383 724 2472 parvulos
740 2384 891 2454 includit
907 2386 1030 2470 muita,
1049 2409 1137 2479 quae
1153 2387 1330 2478 utrimque
1344 2387 1487 2454 diverso
1500 2382 1580 2450 modo

425 2513 462 2560 se
485 2489 626 2559 habena
653 2491 824 2574 Quamvis
847 2495 961 2584 igitur
984 2495 1217 2565 abstrahendo
1239 2518 1261 2563 a
1284 2494 1396 2578 modo,
1415 2515 1484 2585 qno
1498 2491 1580 2558 homo
1623 2567 1624 2572 ἵ

425 2597 630 2688 perducitur
652 2599 696 2666 ad
713 2605 845 2668 statum
869 2601 1008 2690 gratiae
1032 2601 1088 2671 vel
1112 2607 1229 2670 manet
1250 2601 1288 2668 in
1311 2605 1412 2668 statu
1442 2595 1577 2690 monti,
1623 2675 1624 2680 ἵ

425 2705 619 2773 universim
642 2705 713 2774 dici
736 2708 859 2796 possit,
884 2707 1083 2791 terminum,
1102 2729 1183 2797 prae
1202 2729 1268 2799 quo
1285 2706 1453 2776 voluntas
1468 2701 1580 2772 soum

425 2819 586 2880 aeternae
609 2812 810 2902 appellatur
833 2813 1031 2880 antecedens
1054 2815 1111 2882 vel
1136 2838 1350 2906 consequens,
1368 2835 1444 2882 esse
1467 2819 1577 2880 statua

424 2919 563 2988 finalem
586 2918 694 2988 huius
727 2921 840 2989 vitae:
866 2921 1087 2991 inconcreta
1117 2931 1252 3006 umen,
1285 2921 1474 3012 spectando
1502 2918 1577 2985 hunc

423 3029 609 3096 terminum
634 3049 704 3094 una
727 3051 803 3096 cum
828 3051 891 3096 suo
915 3029 1024 3112 modo,
1044 3029 1145 3100 debet
1160 3029 1369 3120 simpliciter
1384 3027 1469 3112 dici,
1485 3025 1575 3093 aliun

422 3157 497 3204 esse
519 3135 719 3220 terminum,
746 3158 828 3224 prae
851 3159 919 3227 quo
943 3135 1140 3204 antecedens
1164 3135 1220 3206 vel
1244 3159 1447 3227 consequens
1467 3141 1574 3202 estve

422 3243 542 3310 luntas
564 3240 693 3309 salutis
716 3241 962 3332 parvulorum,
988 3263 1091 3334 quam
1114 3243 1329 3312 adultorum.
1363 3241 1432 3311 Sed
1464 3241 1502 3310 de
1522 3237 1573 3304 hoc

422 3347 623 3418 discrimine
645 3347 739 3418 alins
761 3349 832 3418 erit
853 3349 992 3420 dicendi
1015 3349 1126 3422 locus.
