3224 5068
561 369 599 380 -
619 337 680 398 343
702 370 739 381 -

77 439 122 506 tia
139 440 340 510 aeternitati
363 441 504 512 divinae
521 445 597 528 (seu
613 441 702 534 quod
718 465 861 532 prorsus
880 441 968 511 idem
986 448 1052 527 est,
1073 441 1234 509 substan-

77 547 136 614 tiae
156 548 217 615 Dei
239 549 333 618 eutis
356 549 544 618 necessarii
567 558 604 618 et
626 551 869 635 immutabilia,
888 551 926 618 in
942 573 1009 641 quo
1032 549 1134 618 nulla
1157 571 1234 638 pos·

75 653 174 720 sibilis
195 659 251 721 est
272 655 461 739 successio)
489 654 613 744 utique
636 655 826 723 coexistere
843 655 1032 724 secundum
1049 677 1151 722 suum
1168 677 1235 720 esse

73 759 170 842 recle,
195 761 332 852 quaudo
355 769 438 831 actu
468 763 645 848 existunt,
672 762 732 830 sed
761 763 845 854 quia
873 768 956 830 actu
983 785 1051 829 non
1074 762 1235 830 existunt

73 867 112 933 ab
129 873 276 953 aeterno,
302 869 379 938 ideo
402 868 467 938 hoo
491 893 558 936 esee
572 869 666 934 reale
680 891 749 936 non
766 869 892 938 habere
913 868 1177 937 coexistentiam
1197 867 1235 934 in

72 975 265 1044 aeternitate
287 977 329 1042 at
357 991 507 1044 aeterno:
524 978 684 1046 divinum
710 984 827 1046 tamen
850 977 1021 1044 intuitum
1047 976 1233 1043 incommu-

72 1083 217 1152 tabiliter
239 1083 328 1152 ferri
342 1085 386 1152 ah
402 1091 543 1154 aeterno
559 1085 596 1153 in
613 1085 789 1176 triplicem
806 1091 940 1156 statum
956 1081 1234 1172 contingentium

72 1188 105 1254 in
125 1197 284 1279 tempore,
304 1198 345 1260 ut
367 1192 504 1261 seilicet
517 1216 580 1282 pro
596 1193 737 1261 diversa
753 1192 955 1260 differentia
971 1188 1137 1280 temporis
1153 1194 1236 1256 sunt

72 1293 170 1362 adhuc
186 1297 332 1385 fetare,
356 1305 441 1368 sunt
464 1315 542 1366 acta
566 1301 768 1382 caiatcntia,
793 1306 877 1367 sunt
899 1299 1103 1386 praeterita.
1129 1296 1235 1364 Dum·

72 1403 159 1471 modo
173 1403 344 1474 habeatur
359 1408 514 1496 genuina
530 1407 626 1475 notio
639 1407 781 1476 divinae
793 1406 1027 1489 aeternitatis,
1044 1425 1132 1495 quae
1143 1404 1236 1472 nihil

72 1519 118 1576 est
137 1511 234 1580 aliud
258 1534 361 1604 quam
384 1513 500 1602 ipsum
523 1514 757 1582 necessarium
781 1519 817 1580 et
840 1511 1055 1580 immutabile
1071 1510 1161 1608 Ecce
1183 1512 1234 1579 di·

72 1616 190 1703 vinum,
208 1624 264 1688 est
286 1618 371 1688 haec
393 1643 450 1688 res
464 1621 517 1688 its
533 1643 595 1710 per
612 1642 647 1687 se
663 1619 819 1704 evidens,
839 1625 880 1688 nt
896 1642 1083 1712 numquam
1099 1621 1235 1722 deb-uis-

71 1731 117 1792 set
134 1725 167 1792 in
183 1728 456 1797 controversiam
473 1727 605 1797 vocari.
623 1727 690 1795 Est
705 1734 822 1796 tamen
838 1727 1008 1797 distincta
1020 1729 1236 1821 quaestionis

71 1831 250 1903 declaratio
272 1835 376 1904 utilis
399 1835 547 1904 maxime
570 1837 608 1902 in
632 1836 726 1903 hune
749 1834 864 1920 finam,
886 1841 926 1904 ut
949 1843 1043 1906 recte
1066 1837 1236 1927 concipia

70 1945 123 2006 tur
137 1944 238 2027 ratio,
258 1965 327 2035 qua
349 1966 385 2012 se
409 1944 514 2012 hehet
537 1942 707 2012 obiectum
731 1942 897 2012 scientiae
919 1943 997 2029 Dei,
1017 1965 1105 2035 quse
1120 1945 1164 2010 ab
1181 1965 1235 2012 ae·

70 2051 157 2116 terno
179 2051 294 2118 fertur
318 2050 354 2118 in
377 2051 488 2140 ipsam
512 2051 564 2119 rai
580 2051 805 2119 existentiam
822 2051 1080 2140 contingentem
1097 2051 1134 2120 in
1151 2057 1235 2120 tem·

71 2177 141 2241 pore
162 2163 198 2226 et
220 2158 353 2226 dicitur
376 2159 526 2228 scientia
549 2158 709 2244 visionis,
735 2159 779 2226 ab
803 2158 860 2226 his
883 2159 1011 2251 quippe
1034 2160 1235 2228 notionibus

71 2263 185 2348 pendet
199 2263 442 2355 intelligentia
456 2265 608 2334 aliarum
624 2266 787 2355 gravium
804 2267 1058 2357 quaestionum,
1078 2273 1115 2335 et
1130 2267 1237 2335 nomi·
1272 2329 1276 2340 ,

70 2371 168 2438 natim
191 2371 390 2440 conciliatio
412 2373 590 2442 libertatis
605 2379 741 2442 creatae
759 2397 837 2442 cum
852 2373 1128 2443 incommutabili
1140 2397 1234 2465 prae·

70 2479 204 2548 aiente
226 2480 285 2550 vel
308 2481 428 2571 potius
452 2479 599 2550 scientia
620 2482 699 2550 Dei.

128 2586 154 2654 I.
179 2587 230 2656 Ut
244 2593 343 2677 patet
357 2609 399 2655 ex
415 2587 593 2656 declarato
608 2593 707 2656 statu
723 2586 950 2679 quaestionis,
971 2589 1126 2656 omnium
1147 2610 1235 2679 quae

69 2691 244 2784 aliquando
268 2699 363 2779 sunt,
389 2699 493 2762 erunt
515 2698 552 2762 et
574 2695 731 2780 fuerunt,
753 2696 953 2782 praesentia
974 2697 1011 2760 ia
1028 2697 1235 2762 acaecitate

70 2799 129 2864 Ilei
147 2800 303 2890 intelligi
325 2806 441 2890 potest
464 2799 672 2890 dupliciter:
694 2801 806 2891 primo
830 2801 894 2885 ita,
916 2807 958 2870 nt
972 2800 1171 2891 praesentia
1187 2801 1235 2872 sit

68 2907 284 2977 coexistentia
305 2931 422 2976 rerum
445 2931 521 2978 cum
546 2908 755 2978 aeternitate
771 2908 809 2976 in
825 2908 980 3000 ipsarum
1003 2933 1070 2976 esec
1085 2909 1229 2996 actuali;

68 3012 179 3084 deinde
200 3015 266 3100 ita,
285 3021 327 3084 nt
341 3013 541 3105 praesentia
562 3013 789 3104 intelligatur
804 3023 947 3085 aeterna
963 3018 1001 3084 in
1017 3015 1106 3102 idea,
1122 3017 1232 3086 scien·

68 3119 125 3204 tia,
142 3129 176 3190 et
190 3122 325 3193 visione
348 3121 470 3192 divina
492 3145 554 3213 pro
570 3123 695 3214 quovis
711 3128 808 3192 statu
825 3124 1020 3213 praeteriti,
1040 3125 1233 3214 praesentis

69 3234 100 3294 et
120 3229 242 3316 futuri,
269 3254 336 3322 quo
359 3253 415 3300 res
439 3231 722 3323 quandocumque
739 3254 775 3300 se
791 3231 931 3300 habent.
958 3232 1010 3300 De
1026 3231 1083 3300 his
1098 3255 1140 3300 ex
1156 3232 1232 3322 ipso

69 3343 221 3426 conceptu
243 3337 465 3407 aeternitatis
488 3338 526 3406 in
549 3338 722 3428 superiori
746 3337 840 3408 thesi
863 3361 899 3406 n.
917 3339 948 3406 I.
968 3339 1144 3408 declarato
1161 3361 1230 3408 ma·

69 3441 187 3512 nifasta
209 3445 347 3514 omnino
370 3453 454 3514 suut
478 3445 672 3536 sequentia.

72 3623 232 3680 «conclusio
253 3631 353 3680 nostra
374 3627 433 3679 sit:
455 3641 501 3680 res
520 3625 636 3678 futurae
654 3640 711 3677 non
738 3627 830 3679 solum
850 3631 919 3679 sunt
937 3631 1104 3695 praesentes
1123 3630 1180 3682 Deo
1199 3630 1230 3682 in

70 3716 227 3769 commitata
250 3715 404 3769 secundum
424 3733 477 3769 cccc
495 3715 661 3768 abiectiorem
680 3717 742 3770 sive
762 3717 793 3768 in
812 3733 867 3769 cccc
881 3719 1006 3785 capuita,
1021 3719 1071 3773 sed
1087 3719 1174 3773 etiam
1189 3735 1229 3772 ce-

70 3803 175 3858 oundum
196 3809 299 3858 realem
316 3807 507 3872 praesentiam
530 3814 556 3857 ct
577 3807 789 3871 actualitatem,
812 3823 895 3874 quam
920 3808 1066 3862 habebunt
1084 3810 1114 3861 in
1132 3813 1230 3862 nostro

70 3895 212 3960 tenpore...
235 3897 378 3949 Probatur
396 3895 479 3967 (post
497 3911 531 3949 ea
550 3911 622 3964 qnae
642 3895 700 3963 ipsi
723 3896 897 3950 videbantur
916 3902 1084 3962 argumenta
1103 3913 1137 3950 ex
1156 3897 1229 3950 Scri·

71 3984 148 4051 ptura,
158 4001 192 4038 ex
198 3987 266 4053 1³1²,
275 4001 310 4039 ex
322 3986 434 4039 visione
444 3987 594 4054 intuitiva,
609 4001 642 4038 ex
654 3985 897 4039 indivisibilitate
908 3981 1105 4056 aeternitatis)
1116 3986 1227 4052 quinto:

7 4059 8 4062 ’
71 4065 131 4123 illud
152 4073 225 4141 qnod
248 4073 407 4141 aliquando
426 4076 563 4128 coexistit
583 4074 770 4142 aeternitati,
794 4089 905 4141 semper
925 4075 973 4126 illi
994 4075 1145 4142 coexistit,
1164 4091 1228 4128 nam

71 4161 212 4216 aeternitas
231 4167 277 4216 set
299 4166 362 4216 tota
381 4163 477 4231 simul,
493 4167 527 4216 nt
546 4164 652 4217 dictum
672 4167 735 4230 est;
757 4162 806 4216 sed
826 4166 895 4216 nato
907 4163 1088 4218 Antichristo
1108 4165 1166 4218 erit
1182 4181 1228 4218 ve-

72 4259 121 4302 rnn
140 4251 249 4320 fflccrc,
271 4253 472 4306 Antichristus
494 4254 631 4307 coexistit
652 4255 710 4306 Deo
731 4254 762 4306 in
782 4255 956 4307 aeternitate
981 4256 1133 4308 secundam
1149 4271 1228 4307 mam

72 4351 113 4390 acc
126 4345 207 4408 reale,
228 4357 296 4408 ergo
316 4344 350 4396 ab
370 4351 483 4396 cctam
501 4347 585 4396 tabet
604 4347 678 4396 heac
690 4343 898 4398 cacaictmtiam
911 4345 944 4397 ia
958 4345 1018 4411 ipsa
1033 4344 1225 4398 edacitate»

73 4424 178 4486 lidmus
190 4432 315 4488 nemea
334 4432 368 4486 da
386 4432 486 4488 Anxll.
502 4434 523 4488 l.
535 4435 575 4488 II.
589 4449 614 4488 o.
626 4437 653 4489 8.
670 4448 699 4487 n.
711 4433 738 4487 8.
748 4432 775 4486 t.
