3394 5056
898 361 936 378 ..
958 331 1000 392 ⁴8
1019 362 1056 378 ..

401 431 568 518 declarat,
592 447 755 500 naturum
776 457 851 504 esso
873 435 964 526 legis
987 437 1295 528 promulgatriccm
1318 437 1382 522 in,
1401 445 1444 508 ut
1457 440 1579 530 genti·

401 537 453 610 les
476 541 547 628 ipsi
568 541 638 608 sibi
659 543 732 608 sint
748 542 831 610 loc?

468 647 630 718 Ulterius
644 649 798 740 explicet
811 653 1015 743 Apostolus,
1035 653 1202 744 quomodo
1218 653 1288 744 ipsi
1311 653 1380 722 sibi
1402 653 1477 722 siut
1500 653 1575 723 lex.

402 753 541 826 Nstnrs
564 755 699 848 ipsique
723 755 878 828 homiues
900 761 1086 830 retionslis
1109 769 1257 830 naturae
1281 784 1349 830 nou
1371 768 1456 832 snut
1477 763 1579 854 prin-

404 863 532 955 cipium
556 863 667 954 legem
690 867 817 952 ferens,
845 877 885 936 ut
908 867 1014 958 lingit
1036 868 1258 960 philosophia
1285 869 1487 956 Kantiono;
1514 869 1579 940 sed

403 971 472 1063 ipsi
487 971 554 1040 sibi
571 977 654 1040 sunt
669 972 738 1058 lex,
755 981 929 1066 quatenns
945 977 996 1046 eis
1011 981 1142 1046 nature
1165 977 1353 1046 rationulis
1375 977 1488 1067 legem
1505 999 1580 1046 ms·

403 1079 552 1150 niicstst
562 1085 598 1149 ct
611 1081 710 1150 velut
728 1083 939 1172 promulgat,
957 1105 1044 1175 quse
1059 1105 1139 1154 esne
1155 1083 1247 1174 legis
1257 1084 1495 1175 promulgatio
1506 1105 1579 1154 non

404 1186 565 1256 consistit
579 1187 650 1256 nisi
672 1188 709 1256 iu
725 1189 952 1278 obligationis
974 1191 1171 1281 cognitione
1187 1213 1248 1282 per
1270 1191 1433 1260 naturale
1455 1191 1579 1260 lumen

403 1293 563 1365 rstionis.
577 1294 651 1364 Hoc
665 1295 844 1385 significet
857 1297 1047 1388 Apostolus
1059 1298 1134 1368 illis
1151 1299 1279 1368 verbis:
1297 1299 1393 1389 «ipsi
1410 1299 1478 1368 sibi
1491 1304 1581 1368 snut

403 1401 473 1487 lex,
489 1402 550 1495 qui
566 1402 746 1470 ostendunt
763 1429 846 1493 opus
862 1405 950 1495 lepis
965 1406 1015 1494 (1)
1038 1409 1202 1496 scriptum
1226 1409 1264 1472 iu
1288 1405 1443 1474 condidus
1465 1407 1578 1474 suis.»

403 1507 588 1602 Postquam
604 1511 876 1601 promulgationi
891 1513 983 1603 legis
997 1537 1059 1606 per
1074 1513 1322 1584 revelationem
1334 1513 1501 1604 explicite
1514 1535 1577 1604 op-

403 1618 521 1709 posuit
535 1633 695 1686 taturum
710 1627 747 1688 ct
763 1623 853 1709 ipsos
869 1621 1017 1688 domines
1032 1623 1221 1690 rationalis
1233 1637 1390 1704 noturus,
1401 1619 1506 1691 sucils
1522 1621 1579 1689 iu·

404 1721 595 1816 telligitnr,
621 1725 711 1796 hnnc
727 1728 948 1817 scriptionem
964 1728 1055 1819 legis
1071 1729 1108 1797 iu
1124 1727 1285 1798 cordibus
1308 1727 1581 1816 (intellectibus)

404 1853 472 1902 nnn
484 1855 557 1904 esse
569 1855 656 1918 cern,
671 1856 739 1927 que
755 1835 832 1925 ipss
846 1836 903 1905 lex
919 1845 956 1906 ct
971 1837 1132 1907 doctrino
1147 1836 1305 1906 reveleto
1321 1860 1382 1927 per
1397 1835 1580 1906 abunden-

403 1939 526 2010 tiorcun
543 1941 695 2030 gretiam
719 1942 892 2013 internum
916 1945 953 2012 in
968 1967 1058 2014 novo
1075 1945 1296 2014 Testamento
1311 1943 1443 2012 dicitnr
1466 1943 1580 2012 scribi

404 2045 442 2116 in
457 2046 618 2117 cordibus
633 2049 716 2136 (Ier.
735 2051 870 2121 XXXI.
888 2050 944 2138 33,
962 2051 1049 2120 Heb.
1060 2051 1163 2120 VIII.
1182 2051 1237 2138 10,
1258 2051 1303 2119 X.
1323 2051 1408 2138 lii.);
1425 2049 1484 2118 sed
1500 2072 1582 2120 esse

403 2154 638 2246 scriptionem,
657 2157 758 2227 cuius
773 2159 968 2249 proximum
984 2161 1195 2249 principium
1212 2165 1268 2228 est
1284 2159 1361 2249 ipss
1375 2165 1505 2228 nature
1520 2177 1581 2226 rs·

403 2265 548 2336 tionnlis
571 2265 622 2355 (2)
644 2267 678 2336 in
704 2269 918 2359 oppositione
941 2269 984 2338 ed
1007 2269 1231 2360 scriptionem
1255 2265 1294 2336 in
1315 2267 1448 2337 tubulis
1470 2273 1507 2336 et
1531 2265 1580 2335 sd

405 2375 652 2452 revelationem
675 2379 876 2468 positivam.

470 2537 512 2614 (1)
526 2545 598 2609 opus
616 2547 686 2614 lepis
704 2549 735 2600 in
756 2548 848 2601 altero
863 2549 959 2610 ¹inciso
986 2547 1165 2614 significetur
1186 2563 1238 2615 per
1258 2563 1291 2598 eo
1308 2560 1381 2612 qnos
1405 2543 1475 2608 lepis
1493 2547 1584 2602 sunt,-

406 2633 504 2702 sllqus
522 2635 633 2690 scilicet
650 2651 684 2690 ex
702 2637 740 2690 ils
755 2653 827 2705 quse
837 2638 868 2690 iu
880 2641 1010 2692 revclsts
1022 2639 1084 2703 legs
1097 2637 1199 2692 monuit
1213 2637 1407 2700 continentur,
1421 2628 1584 2684 ostendunt

406 2727 506 2791 gentes
525 2728 633 2796 scripto
651 2729 682 2782 in
704 2729 836 2782 cordibus
854 2731 934 2796 suis,
953 2729 1019 2782 dum
1041 2731 1096 2780 illo
1121 2729 1221 2796 aliquo
1245 2725 1423 2780 ustursliter
1445 2720 1583 2778 incincti

406 2829 497 2882 nsque
517 2817 591 2870 enim
610 2817 644 2870 de
661 2819 850 2885 smplitudine
873 2819 959 2872 buius
978 2819 1153 2884 cognitionis
1173 2823 1224 2872 sut
1246 2817 1402 2884 Apostolus
1424 2815 1502 2880 ogit,
1527 2817 1582 2866 sut

405 2905 488 2959 uobis
509 2921 583 2960 nnnc
603 2909 733 2976 quaestio
752 2909 913 2962 necessaris
932 2913 988 2962 cst.
1256 2965 1262 2980 ,

465 2989 508 3064 (2)
521 2995 658 3062 Dicimus,
682 2997 765 3049 inxts
782 2999 950 3064 Apostolum
969 2999 1060 3062 legem
1080 2997 1114 3050 dc
1137 3013 1194 3064 qus
1212 2997 1259 3051 hlc
1278 2996 1386 3062 sgttur,
1403 2996 1438 3048 sb
1456 2995 1520 3060 ipss
1533 3006 1579 3046 rs·

405 3083 511 3137 tlcusli
532 3087 636 3136 usturs
653 3099 714 3136 esse
734 3087 870 3152 seriptum
892 3088 923 3138 iu
947 3085 1155 3139 intellectibus.
1179 3085 1346 3152 Anonymns
1367 3085 1420 3136 ille
1443 3095 1577 3136 memore·

405 3177 453 3226 tus
469 3173 542 3227 banc
561 3175 732 3226 senteutiam
752 3175 948 3242 reprehendit.
963 3177 1108 3242 Doctores,
1121 3175 1173 3241 sit,
1188 3176 1376 3228 communiter
1388 3173 1481 3225 dicore
1494 3186 1580 3238 prse-

405 3266 487 3330 cepts
506 3263 626 3316 morulis
644 3263 787 3316 bominum
806 3265 910 3317 suimis
929 3265 1071 3332 inscripto
1088 3263 1181 3330 digito
1201 3265 1253 3318 Dei
1277 3264 1428 3316 humanum
1453 3259 1578 3313 conden-

406 3353 447 3406 tis
468 3357 615 3418 ustorum,
638 3354 757 3406 snobis
780 3357 874 3406 sutem
898 3355 1006 3420 esseni,
1021 3375 1033 3400 u
1049 3353 1124 3421 qnod
1143 3356 1205 3421 ipss
1228 3355 1310 3406 bomo
1329 3355 1418 3418 legem
1442 3351 1581 3405 morslcn

407 3441 515 3495 scribut
534 3441 565 3494 in
585 3443 736 3495 intellectu
757 3457 834 3494 suen
853 3439 910 3512 (its
929 3443 1004 3496 enim
1026 3457 1183 3508 ononymos
1207 3441 1295 3495 verbs
1324 3445 1423 3494 nostre
1442 3437 1580 3492 mounds

406 3545 467 3584 csse
491 3527 629 3601 putavit).
643 3531 739 3584 Bonus
762 3532 809 3584 vir
826 3530 973 3584 debuisset
985 3531 1016 3584 in
1037 3530 1188 3584 scribendo
1212 3545 1274 3582 cess
1294 3529 1476 3596 vigilentior.
1490 3528 1577 3580 Locu-

354 3657 360 3668 ·
407 3621 513 3676 tionem
533 3619 673 3688 duplicem
690 3621 718 3673 S.
730 3622 823 3687 Pouli,
845 3620 919 3689 quod
938 3625 1039 3686 gentes
1059 3628 1165 3673 notura
1183 3621 1295 3674 iminut
1313 3634 1386 3686 quse
1401 3619 1475 3684 legis
1498 3621 1577 3682 sunt,

408 3713 438 3763 st
457 3709 531 3778 quod
551 3709 670 3776 proinde
690 3724 723 3762 es
744 3709 852 3775 hebent
874 3711 981 3778 scriptu
1006 3711 1037 3763 in
1062 3708 1195 3762 cordibus
1221 3707 1299 3775 suis,
1325 3707 1520 3760 contruximus
1545 3707 1578 3758 in

407 3815 508 3866 nuum,
529 3797 603 3867 quod
622 3799 732 3852 hubent
749 3799 784 3852 cb
801 3801 865 3868 ipse
882 3799 1020 3854 rstioucli
1039 3803 1143 3853 ustura
1166 3799 1257 3863 legem
1281 3799 1417 3866 scriptum
1438 3797 1469 3848 in
1488 3793 1578 3849 eordi-

407 3889 460 3944 bns
480 3887 740 3941 suisNomiusudo
756 3888 945 3956 principium,
963 3905 981 3942 s
1003 3903 1058 3958 qno
1080 3887 1190 3942 veritus
1210 3886 1347 3940 scribitur
1362 3887 1392 3938 in
1414 3885 1576 3948 intellectu,

406 3977 482 4032 nihil
498 3977 578 4030 sliud
600 3977 779 4042 significetur
797 3993 879 4046 quem
902 3978 1075 4046 principium
1096 3979 1219 4032 efficiens
1236 3977 1419 4042 cognitionis.
1441 3975 1509 4027 Siue
1528 3971 1577 4025 du·

407 4069 454 4123 blo
476 4068 568 4134 igitur
586 4084 603 4122 s
624 4069 682 4124 lico
705 4071 841 4124 scribitur
863 4071 894 4122 in
923 4069 1055 4123 cordibus
1077 4069 1186 4122 nostris
1206 4068 1315 4120 veritas
1338 4071 1398 4119 tum
1420 4063 1580 4120 theoretico

407 4161 466 4212 tum
486 4157 626 4225 practico,
646 4159 767 4226 primum
788 4159 920 4227 quidem,
938 4173 991 4211 usn
1008 4157 1144 4226 loquendi
1167 4154 1441 4224 frequentetissimo,
1464 4168 1517 4220 per
1536 4153 1578 4206 lu·

407 4263 469 4302 men
490 4251 520 4301 et
537 4249 689 4302 motionem
709 4251 820 4314 gratiss
844 4250 971 4315 veritos,
994 4249 1075 4302 cuius
1102 4245 1227 4314 cognitio
1254 4249 1299 4300 est
1324 4245 1576 4314 supernoturslis,

405 4335 507 4390 delude
536 4336 621 4390 etism
644 4337 753 4391 veritus
777 4339 921 4392 naturalis
937 4351 989 4403 per
1013 4337 1108 4389 lumen
1130 4335 1273 4400 rationis,
1295 4349 1351 4402 qno
1372 4349 1389 4386 s
1409 4332 1467 4386 Dco
1494 4330 1578 4385 nobis

404 4431 551 4482 ccucmto
568 4431 599 4480 et
616 4427 809 4495 dependenter
828 4445 844 4480 s
863 4428 920 4482 Deo
940 4429 1070 4493 supremi
1089 4427 1175 4479 const
1195 4422 1573 4488 vertutumcomosoium.
