3262 5076
536 351 573 364 -
595 319 655 382 459
676 353 714 366 ..

61 420 162 490 derunt
175 419 281 494 olium
293 442 396 512 quam
407 421 581 492 infinitam
597 425 843 513 perfectionem
864 425 1006 496 divinae
1030 425 1209 514 scientiac;

60 527 112 596 hac
132 550 212 598 vero
234 529 415 618 supposita
438 529 568 600 habent
590 537 766 624 tamquam
790 556 852 622 per
876 556 912 603 se
938 534 1094 619 evidens,
1118 533 1212 602 nihil

58 656 167 719 eorum,
177 656 265 727 quae
277 637 394 705 forent
406 638 470 705 sub
482 637 690 724 conditione,
701 640 864 709 subtrahi
876 641 1018 710 divinae
1031 641 1209 712 scientiae:

56 743 188 834 meoque
210 767 253 812 ex
276 749 377 834 parte
399 745 542 814 termini
569 757 770 836 supponunt
792 749 999 818 obiectivam
1027 748 1212 818 veritatem

54 847 310 936 determinatam,
319 858 356 920 et
366 853 717 942 cognoscibilitetem.
728 885 744 920 a
755 854 822 925 Cui
835 855 1101 946 praescientiam
1113 852 1212 926 tollis

53 957 391 1045 (conditionatorum),
409 962 530 1030 aufers
543 967 579 1030 et
589 960 826 1049 divinitatem
843 989 859 1024 n
881 962 1058 1034 aliberam
1072 962 1211 1032 electio·

54 1087 116 1134 nem
129 1069 232 1158 (quae
247 1068 339 1138 leret
353 1065 505 1136 hominis
520 1075 630 1138 morte
646 1071 837 1160 praerepti)
853 1091 915 1161 par
931 1069 1003 1138 vim
1019 1071 1211 1160 praescium

53 1173 140 1242 labet
154 1175 371 1266 cognitam»
389 1175 615 1246 «huiusmodi
632 1179 794 1248 futurum
807 1200 914 1270 oeque
929 1200 970 1248 ac
981 1179 1210 1269 praeteritum

54 1281 131 1350 Deus
152 1283 375 1372 cognoscit3n
404 1284 559 1352 afutura
581 1291 724 1374 peccata
747 1289 850 1376 (quae
875 1284 973 1354 homo
996 1285 1028 1354 si
1050 1285 1211 1355 concede·

52 1396 157 1458 rcntnr
170 1389 332 1474 divitiae,
349 1395 442 1460 esset
455 1389 717 1479 commissuros)
731 1391 803 1461 Deo
820 1399 997 1484 tamquam
1013 1391 1212 1482 praesentia

52 1503 163 1582 sunt5n
184 1527 201 1562 c
215 1497 310 1566 sicut
325 1495 482 1587 potantia
503 1497 570 1566 Dei
586 1497 645 1585 (ad
669 1497 841 1566 hominem
865 1503 973 1566 morte
997 1498 1211 1588 praeripien-

51 1603 143 1690 dum),
168 1605 223 1674 ita
245 1607 394 1676 scientia
417 1605 586 1674 malorum
610 1606 656 1694 (si
680 1605 779 1676 homo
803 1605 940 1678 diutius
965 1605 1117 1693 viveret)
1141 1629 1211 1676 non

51 1712 106 1780 niai
127 1713 390 1803 perversissimo
413 1722 449 1784 et
464 1713 685 1784 insanissime
700 1719 882 1804 negaturo
901 1714 1106 1804 Hieronym.
1117 1715 1210 1804 Nys-

51 1842 108 1888 een.
134 1821 271 1892 Nemes.
301 1823 457 1912 August.
487 1821 528 1890 11.
559 1845 608 1892 oc.
636 1827 785 1912 (supra).
814 1822 907 1892 Hiuo
937 1822 1055 1906 vides,
1087 1823 1212 1892 Patres

51 1928 169 1998 omniuo
185 1929 224 1996 in
240 1927 356 1998 eodem
370 1949 476 1998 censu
489 1927 628 2013 habere,
647 1927 758 1996 relate
772 1928 818 1998 ad
841 1927 1023 1998 scientiam
1049 1929 1127 2012 Dei,
1146 1929 1211 1997 sub

51 2034 229 2106 perditione
245 2038 370 2106 futura
385 2058 473 2128 quae
488 2043 571 2106 actu
591 2058 779 2128 numquam
794 2043 911 2122 eruut,
929 2044 1036 2128 atque
1051 2035 1210 2106 absolute

50 2141 166 2210 futura:
185 2149 371 2236 utramque
389 2143 570 2234 appellant
581 2145 860 2233 praescientiam,
872 2147 1136 2232 praescientiam
1147 2145 1210 2232 sa-

52 2251 121 2330 turi,
132 2253 368 2340 praesentiam
376 2251 502 2340 sutori
518 2252 579 2318 and
596 2249 715 2320 divino
735 2265 922 2340 conspecta.
950 2250 1028 2334 Quo
1052 2275 1135 2342 ergo
1151 2254 1210 2320 ab·

49 2363 119 2425 eunt
132 2359 297 2449 strophae
312 2359 419 2430 toties
434 2367 646 2445 recantatae,
661 2359 840 2429 veteribus
856 2359 1082 2430 sufficientem
1099 2361 1211 2435 visam

50 2483 109 2532 osee
130 2465 414 2536 distributionem
438 2466 475 2535 in
498 2469 677 2534 scientiam
699 2467 844 2533 cisionis
866 2473 902 2536 et
924 2466 1094 2554 simplicio
1109 2466 1211 2534 intel·

51 2567 225 2658 licentiae?
240 2573 415 2644 Videlicet
439 2573 553 2644 visum
579 2579 635 2642 est
660 2573 841 2657 Patribus,
858 2595 1045 2664 numquam
1069 2575 1212 2647 futuros

50 2675 198 2767 homines,
218 2682 279 2774 qui
295 2683 520 2752 concedentes
533 2681 701 2751 visionem
719 2683 920 2752 futurorum
938 2705 1005 2751 nou
1020 2681 1126 2752 etiam
1143 2683 1209 2750 sub

49 2805 81 2852 ca
100 2787 426 2880 comprehenderent
447 2787 630 2858 scientiam
661 2788 862 2856 futurorum
895 2787 960 2856 sub
993 2787 1208 2875 conditione;

49 2901 172 2982 propter
187 2895 242 2964 rei
258 2894 373 2984 igitur
388 2893 601 2965 evidentiam
618 2917 687 2962 non
703 2895 876 2985 putabant
892 2893 1123 2964 necessariam
1138 2893 1209 2964 dis·

49 2997 235 3072 tinctionem
259 3001 511 3092 praescientiae
534 3001 572 3071 in
596 3001 725 3091 duplex
750 3002 951 3070 membrum.

102 3106 188 3180 Sane
212 3109 447 3200 praescientia
469 3116 612 3179 actuum
636 3107 837 3193 liberorum,
857 3130 1003 3200 qnorum
1026 3129 1133 3178 causa
1147 3106 1210 3176 eli·

51 3211 128 3283 ciens
150 3217 187 3288 in
212 3223 296 3286 actu
319 3217 431 3308 primo
461 3239 530 3286 non
561 3221 616 3284 est
646 3215 878 3284 determinata
899 3215 945 3284 ud
977 3213 1072 3284 huno
1093 3222 1209 3284 actum

51 3325 220 3395 abundum
236 3324 296 3394 sad
308 3323 514 3393 indifferens
529 3323 573 3393 ad
587 3323 808 3407 utrumlibet,
823 3321 981 3412 intelligi
998 3344 1066 3390 non
1081 3327 1207 3413 potest,

51 3429 120 3516 quin
141 3431 246 3500 simui
270 3431 496 3522 intelligatur
519 3430 669 3500 scientia
690 3429 806 3498 futuri
837 3430 902 3498 sub
928 3429 1138 3500 conditione.
1154 3428 1210 3498 Ex

51 3531 269 3608 declaratione
292 3538 399 3608 huius
421 3537 643 3608 habitudinis
672 3537 911 3608 conditionate
941 3539 1142 3607 futurorum
1165 3536 1210 3605 ad

52 3641 189 3717 absolute
205 3647 331 3718 futura
342 3646 518 3716 constabit
532 3645 710 3715 obieotiva
726 3644 861 3714 veritae
876 3651 912 3714 et
927 3643 1210 3733 cognoscibilitas

52 3745 231 3823 huiusmodi
254 3753 583 3824 conditionatorum.
674 3833 678 3842 ¹

103 3858 191 3929 Dum
204 3861 370 3931 voluntas
386 3863 451 3930 snb
474 3863 581 3931 certis
604 3858 864 3930 conditionibus
890 3865 993 3927 actus
1006 3848 1119 3946 'primi
1135 3877 1210 3926 oon·

52 3963 159 4038 stitnta
180 3968 290 4038 libere
312 3967 413 4038 elicit
436 3967 529 4038 huuc
559 3967 833 4037 determinatum
861 3971 979 4036 actum
1003 3963 1207 4050 secundum,

53 4067 260 4145 determinate
276 4097 397 4146 varum
412 4082 467 4146 est
478 4089 515 4146 et
529 4076 573 4143 ab
588 4080 729 4144 aeterno
744 4081 823 4143 eret
838 4095 973 4157 verum,
992 4070 1210 4142 voluntatem

55 4177 157 4251 elicere
179 4183 274 4254 bunc
298 4189 427 4268 actum,
453 4181 615 4275 quemvis
642 4188 758 4272 posset
787 4204 865 4250 eum
897 4201 966 4248 uon
997 4177 1122 4248 elicere
1153 4177 1209 4248 vel

56 4281 158 4360 elicere
179 4291 301 4360 alium.
318 4291 415 4382 Ergo
438 4292 545 4360 etiam
567 4292 703 4357 racione
721 4291 836 4378 priua,
861 4308 964 4379 quam
992 4292 1210 4377 supponatur

57 4411 89 4458 a
100 4396 256 4468 vdmtas
269 4399 308 4468 in
322 4397 382 4472 hie
395 4396 654 4473 conditionibus
669 4394 801 4486 reipsa
823 4393 1030 4480 constituta,
1047 4391 1208 4468 determi-
