<?xml version="1.0" encoding="UTF-8"?>
<!DOCTYPE html PUBLIC "-//W3C//DTD XHTML 1.0 Transitional//EN"
    "http://www.w3.org/TR/xhtml1/DTD/xhtml1-transitional.dtd">
<html xmlns="http://www.w3.org/1999/xhtml" xml:lang="en" lang="en">
 <head>
  <title>
</title>
<meta http-equiv="Content-Type" content="text/html;charset=utf-8" />
  <meta name='ocr-system' content='tesseract 3.04.00' />
  <meta name='ocr-capabilities' content='ocr_page ocr_carea ocr_par ocr_line ocrx_word'/>
</head>
<body>
  <div class='ocr_page' id='page_1' title='image "./ioannisbaptfran01frangoog_0374.png"; bbox 0 0 3230 5072; ppageno 0'>
   <div class='ocr_carea' id='block_1_1' title="bbox 64 373 1277 571">
    <p class='ocr_par' dir='ltr' id='par_1_1' title="bbox 64 373 1277 571">
     <span class='ocr_line' id='line_1_1' title="bbox 542 373 726 436; baseline -0.005 0"><span class='ocrx_word' id='word_1_1' title='bbox 542 407 579 420; x_wconf 95' lang='lat'><em>-</em></span> <span class='ocrx_word' id='word_1_2' title='bbox 602 373 663 436; x_wconf 86' lang='grc'><strong>357</strong></span> <span class='ocrx_word' id='word_1_3' title='bbox 689 405 726 422; x_wconf 90' lang='lat'><strong>·-</strong></span> 
     </span>
     <span class='ocr_line' id='line_1_2' title="bbox 64 479 1277 571; baseline -0.002 -21"><span class='ocrx_word' id='word_1_4' title='bbox 64 491 113 553; x_wconf 88' lang='lat' dir='ltr'><strong>tur</strong></span> <span class='ocrx_word' id='word_1_5' title='bbox 136 507 215 553; x_wconf 88' lang='lat' dir='ltr'><strong>cum</strong></span> <span class='ocrx_word' id='word_1_6' title='bbox 239 483 354 567; x_wconf 88' lang='lat' dir='ltr'><strong>Scoto,</strong></span> <span class='ocrx_word' id='word_1_7' title='bbox 373 479 536 550; x_wconf 73' lang='lat' dir='ltr'><strong>Gabriele</strong></span> <span class='ocrx_word' id='word_1_8' title='bbox 558 480 648 566; x_wconf 89' lang='lat' dir='ltr'><strong>Biel,</strong></span> <span class='ocrx_word' id='word_1_9' title='bbox 675 480 851 564; x_wconf 88' lang='lat' dir='ltr'><strong>Valentia,</strong></span> <span class='ocrx_word' id='word_1_10' title='bbox 870 479 1077 571; x_wconf 85' lang='lat' dir='ltr'><strong>Vasquezio,</strong></span> <span class='ocrx_word' id='word_1_11' title='bbox 1094 480 1221 550; x_wconf 83' lang='lat' dir='ltr'><strong>Frena.</strong></span> <span class='ocrx_word' id='word_1_12' title='bbox 1272 501 1277 516; x_wconf 93' lang='lat'><strong>·</strong></span> 
     </span>
    </p>
   </div>
   <div class='ocr_carea' id='block_1_2' title="bbox 58 585 1365 680">
    <p class='ocr_par' dir='ltr' id='par_1_2' title="bbox 58 585 1365 680">
     <span class='ocr_line' id='line_1_3' title="bbox 58 585 1365 680; baseline -0.003 -20"><span class='ocrx_word' id='word_1_13' title='bbox 58 592 91 660; x_wconf 87' lang='lat' dir='ltr'><strong>de</strong></span> <span class='ocrx_word' id='word_1_14' title='bbox 111 591 210 680; x_wconf 79' lang='lat' dir='ltr'><strong>Lago</strong></span> <span class='ocrx_word' id='word_1_15' title='bbox 241 596 307 658; x_wconf 91' lang='lat' dir='ltr'><strong>etc.</strong></span> <span class='ocrx_word' id='word_1_16' title='bbox 336 588 461 679; x_wconf 87' lang='lat' dir='ltr'><strong>Itaque</strong></span> <span class='ocrx_word' id='word_1_17' title='bbox 496 587 588 656; x_wconf 89' lang='lat' dir='ltr'><strong>actio</strong></span> <span class='ocrx_word' id='word_1_18' title='bbox 621 586 744 655; x_wconf 89' lang='lat' dir='ltr'><strong>divina</strong></span> <span class='ocrx_word' id='word_1_19' title='bbox 774 587 811 654; x_wconf 92' lang='lat' dir='ltr'><strong>in</strong></span> <span class='ocrx_word' id='word_1_20' title='bbox 846 586 982 654; x_wconf 87' lang='lat' dir='ltr'><strong>distans</strong></span> <span class='ocrx_word' id='word_1_21' title='bbox 1019 609 1087 654; x_wconf 91' lang='lat' dir='ltr'><strong>non</strong></span> <span class='ocrx_word' id='word_1_22' title='bbox 1118 588 1225 657; x_wconf 86' lang='lat' dir='ltr'><strong>datur</strong></span> <span class='ocrx_word' id='word_1_23' title='bbox 1363 585 1365 591; x_wconf 78' lang='grc'><strong>’</strong></span> 
     </span>
    </p>
   </div>
   <div class='ocr_carea' id='block_1_3' title="bbox 57 693 1280 4548">
    <p class='ocr_par' dir='ltr' id='par_1_3' title="bbox 57 693 1280 4548">
     <span class='ocr_line' id='line_1_4' title="bbox 58 693 1224 786; baseline 0 -22"><span class='ocrx_word' id='word_1_24' title='bbox 58 721 108 766; x_wconf 86' lang='lat' dir='ltr'><strong>nec</strong></span> <span class='ocrx_word' id='word_1_25' title='bbox 129 697 267 786; x_wconf 78' lang='lat' dir='ltr'><strong>concipi</strong></span> <span class='ocrx_word' id='word_1_26' title='bbox 290 701 416 786; x_wconf 87' lang='lat' dir='ltr'><strong>potest,</strong></span> <span class='ocrx_word' id='word_1_27' title='bbox 443 695 526 786; x_wconf 92' lang='lat' dir='ltr'><strong>quia</strong></span> <span class='ocrx_word' id='word_1_28' title='bbox 548 693 642 762; x_wconf 91' lang='lat' dir='ltr'><strong>nihil</strong></span> <span class='ocrx_word' id='word_1_29' title='bbox 665 701 719 762; x_wconf 87' lang='lat' dir='ltr'><strong>est</strong></span> <span class='ocrx_word' id='word_1_30' title='bbox 742 717 805 762; x_wconf 89' lang='lat' dir='ltr'><strong>neo</strong></span> <span class='ocrx_word' id='word_1_31' title='bbox 828 695 962 783; x_wconf 78' lang='lat' dir='ltr'><strong>concipi</strong></span> <span class='ocrx_word' id='word_1_32' title='bbox 986 701 1102 784; x_wconf 90' lang='lat' dir='ltr'><strong>potest</strong></span> <span class='ocrx_word' id='word_1_33' title='bbox 1117 718 1138 763; x_wconf 92' lang='lat' dir='ltr'><strong>a</strong></span> <span class='ocrx_word' id='word_1_34' title='bbox 1153 697 1224 764; x_wconf 89' lang='lat' dir='ltr'><strong>Deo</strong></span> 
     </span>
     <span class='ocr_line' id='line_1_5' title="bbox 57 801 1225 895; baseline -0.002 -22"><span class='ocrx_word' id='word_1_35' title='bbox 57 805 201 888; x_wconf 67' lang='lat' dir='ltr'><strong>disms,</strong></span> <span class='ocrx_word' id='word_1_36' title='bbox 219 809 261 872; x_wconf 88' lang='lat' dir='ltr'><strong>ut</strong></span> <span class='ocrx_word' id='word_1_37' title='bbox 284 804 522 892; x_wconf 80' lang='lat' dir='ltr'><strong>probavimns;</strong></span> <span class='ocrx_word' id='word_1_38' title='bbox 548 801 742 871; x_wconf 76' lang='lat' dir='ltr'><strong>illationem</strong></span> <span class='ocrx_word' id='word_1_39' title='bbox 766 824 848 870; x_wconf 85' lang='lat' dir='ltr'><strong>vero</strong></span> <span class='ocrx_word' id='word_1_40' title='bbox 872 825 939 870; x_wconf 92' lang='lat' dir='ltr'><strong>non</strong></span> <span class='ocrx_word' id='word_1_41' title='bbox 963 826 1140 892; x_wconf 86' lang='lat' dir='ltr'><strong>urgemus,</strong></span> <span class='ocrx_word' id='word_1_42' title='bbox 1156 826 1225 895; x_wconf 88' lang='lat' dir='ltr'><strong>qua</strong></span> 
     </span>
     <span class='ocr_line' id='line_1_6' title="bbox 59 909 1224 980; baseline 0 -2"><span class='ocrx_word' id='word_1_43' title='bbox 59 911 151 980; x_wconf 87' lang='lat' dir='ltr'><strong>multi</strong></span> <span class='ocrx_word' id='word_1_44' title='bbox 175 911 277 979; x_wconf 85' lang='lat' dir='ltr'><strong>iuxta</strong></span> <span class='ocrx_word' id='word_1_45' title='bbox 300 910 438 978; x_wconf 86' lang='lat' dir='ltr'><strong>axioma</strong></span> <span class='ocrx_word' id='word_1_46' title='bbox 460 910 681 980; x_wconf 89' lang='lat' dir='ltr'><strong>enuntiatum</strong></span> <span class='ocrx_word' id='word_1_47' title='bbox 706 909 973 977; x_wconf 73' lang='lat' dir='ltr'><strong>immensitatem</strong></span> <span class='ocrx_word' id='word_1_48' title='bbox 990 909 1166 980; x_wconf 89' lang='lat' dir='ltr'><strong>deducunt</strong></span> <span class='ocrx_word' id='word_1_49' title='bbox 1181 933 1224 978; x_wconf 87' lang='lat' dir='ltr'><strong>ex</strong></span> 
     </span>
     <span class='ocr_line' id='line_1_7' title="bbox 58 1017 1067 1112; baseline -0.003 -24"><span class='ocrx_word' id='word_1_50' title='bbox 58 1043 99 1104; x_wconf 86' lang='lat' dir='ltr'><strong>eo,</strong></span> <span class='ocrx_word' id='word_1_51' title='bbox 124 1020 215 1112; x_wconf 89' lang='lat' dir='ltr'><strong>quod</strong></span> <span class='ocrx_word' id='word_1_52' title='bbox 239 1020 334 1088; x_wconf 90' lang='lat' dir='ltr'><strong>Deus</strong></span> <span class='ocrx_word' id='word_1_53' title='bbox 359 1019 485 1110; x_wconf 89' lang='lat' dir='ltr'><strong>ubique</strong></span> <span class='ocrx_word' id='word_1_54' title='bbox 509 1023 675 1109; x_wconf 89' lang='lat' dir='ltr'><strong>operatur</strong></span> <span class='ocrx_word' id='word_1_55' title='bbox 699 1017 757 1087; x_wconf 90' lang='lat' dir='ltr'><strong>vel</strong></span> <span class='ocrx_word' id='word_1_56' title='bbox 781 1017 919 1107; x_wconf 87' lang='lat' dir='ltr'><strong>operari</strong></span> <span class='ocrx_word' id='word_1_57' title='bbox 943 1025 1067 1106; x_wconf 92' lang='lat' dir='ltr'><strong>potest.</strong></span> 
     </span>
     <span class='ocr_line' id='line_1_8' title="bbox 115 1126 1225 1197; baseline -0.004 0"><span class='ocrx_word' id='word_1_58' title='bbox 115 1127 535 1197; x_wconf 60' lang='lat' dir='ltr'><strong>neumnensium</strong></span> <span class='ocrx_word' id='word_1_59' title='bbox 562 1135 598 1195; x_wconf 90' lang='lat' dir='ltr'><strong>et</strong></span> <span class='ocrx_word' id='word_1_60' title='bbox 629 1149 705 1194; x_wconf 91' lang='lat' dir='ltr'><strong>cum</strong></span> <span class='ocrx_word' id='word_1_61' title='bbox 739 1149 780 1194; x_wconf 89' lang='lat' dir='ltr'><strong>ea</strong></span> <span class='ocrx_word' id='word_1_62' title='bbox 809 1126 933 1195; x_wconf 90' lang='lat' dir='ltr'><strong>intime</strong></span> <span class='ocrx_word' id='word_1_63' title='bbox 963 1148 1086 1194; x_wconf 88' lang='lat' dir='ltr'><strong>nexam</strong></span> <span class='ocrx_word' id='word_1_64' title='bbox 1118 1127 1225 1193; x_wconf 93' lang='lat' dir='ltr'><strong>omni-</strong></span> 
     </span>
     <span class='ocr_line' id='line_1_9' title="bbox 59 1233 1225 1324; baseline -0.003 -21"><span class='ocrx_word' id='word_1_65' title='bbox 59 1235 280 1324; x_wconf 88' lang='lat' dir='ltr'><strong>praesentiam</strong></span> <span class='ocrx_word' id='word_1_66' title='bbox 305 1237 342 1302; x_wconf 87' lang='lat' dir='ltr'><strong>in</strong></span> <span class='ocrx_word' id='word_1_67' title='bbox 367 1235 558 1304; x_wconf 88' lang='lat' dir='ltr'><strong>catholicae</strong></span> <span class='ocrx_word' id='word_1_68' title='bbox 582 1235 665 1304; x_wconf 90' lang='lat' dir='ltr'><strong>fidei</strong></span> <span class='ocrx_word' id='word_1_69' title='bbox 688 1235 849 1303; x_wconf 87' lang='lat' dir='ltr'><strong>doctrina</strong></span> <span class='ocrx_word' id='word_1_70' title='bbox 873 1234 1055 1317; x_wconf 82' lang='lat' dir='ltr'><strong>contineri,</strong></span> <span class='ocrx_word' id='word_1_71' title='bbox 1081 1255 1124 1301; x_wconf 87' lang='lat' dir='ltr'><strong>ex</strong></span> <span class='ocrx_word' id='word_1_72' title='bbox 1148 1233 1225 1300; x_wconf 89' lang='lat' dir='ltr'><strong>uni-</strong></span> 
     </span>
     <span class='ocr_line' id='line_1_10' title="bbox 60 1341 1225 1433; baseline -0.004 -21"><span class='ocrx_word' id='word_1_73' title='bbox 60 1343 181 1412; x_wconf 85' lang='lat' dir='ltr'><strong>versali</strong></span> <span class='ocrx_word' id='word_1_74' title='bbox 202 1343 442 1412; x_wconf 88' lang='lat' dir='ltr'><strong>ecclesiastica</strong></span> <span class='ocrx_word' id='word_1_75' title='bbox 466 1342 723 1433; x_wconf 88' lang='lat' dir='ltr'><strong>praedicatione</strong></span> <span class='ocrx_word' id='word_1_76' title='bbox 748 1341 970 1410; x_wconf 87' lang='lat' dir='ltr'><strong>manifestum</strong></span> <span class='ocrx_word' id='word_1_77' title='bbox 994 1347 1058 1408; x_wconf 90' lang='lat' dir='ltr'><strong>est.</strong></span> <span class='ocrx_word' id='word_1_78' title='bbox 1080 1343 1225 1408; x_wconf 85' lang='lat' dir='ltr'><strong>Petrum</strong></span> 
     </span>
     <span class='ocr_line' id='line_1_11' title="bbox 59 1447 1226 1540; baseline -0.003 -22"><span class='ocrx_word' id='word_1_79' title='bbox 59 1451 208 1519; x_wconf 87' lang='lat' dir='ltr'><strong>doctrina</strong></span> <span class='ocrx_word' id='word_1_80' title='bbox 231 1473 300 1518; x_wconf 92' lang='lat' dir='ltr'><strong>non</strong></span> <span class='ocrx_word' id='word_1_81' title='bbox 323 1451 422 1519; x_wconf 92' lang='lat' dir='ltr'><strong>modo</strong></span> <span class='ocrx_word' id='word_1_82' title='bbox 446 1450 572 1540; x_wconf 79' lang='lat' dir='ltr'><strong>dogma</strong></span> <span class='ocrx_word' id='word_1_83' title='bbox 594 1450 710 1539; x_wconf 92' lang='lat' dir='ltr'><strong>ipsum</strong></span> <span class='ocrx_word' id='word_1_84' title='bbox 736 1449 1006 1539; x_wconf 71' lang='lat' dir='ltr'><strong>comprehendit,</strong></span> <span class='ocrx_word' id='word_1_85' title='bbox 1033 1448 1093 1516; x_wconf 87' lang='lat' dir='ltr'><strong>sed</strong></span> <span class='ocrx_word' id='word_1_86' title='bbox 1120 1447 1226 1516; x_wconf 87' lang='lat' dir='ltr'><strong>etiam</strong></span> 
     </span>
     <span class='ocr_line' id='line_1_12' title="bbox 59 1554 1227 1648; baseline -0.002 -25"><span class='ocrx_word' id='word_1_87' title='bbox 59 1557 314 1647; x_wconf 75' lang='lat' dir='ltr'><strong>explicationem</strong></span> <span class='ocrx_word' id='word_1_88' title='bbox 338 1559 519 1647; x_wconf 82' lang='lat' dir='ltr'><strong>dogmatis</strong></span> <span class='ocrx_word' id='word_1_89' title='bbox 537 1557 641 1648; x_wconf 88' lang='lat' dir='ltr'><strong>paulo</strong></span> <span class='ocrx_word' id='word_1_90' title='bbox 659 1563 742 1625; x_wconf 88' lang='lat' dir='ltr'><strong>ante</strong></span> <span class='ocrx_word' id='word_1_91' title='bbox 760 1578 781 1623; x_wconf 88' lang='lat' dir='ltr'><strong>a</strong></span> <span class='ocrx_word' id='word_1_92' title='bbox 798 1557 897 1624; x_wconf 89' lang='lat' dir='ltr'><strong>nobis</strong></span> <span class='ocrx_word' id='word_1_93' title='bbox 920 1557 1134 1645; x_wconf 81' lang='lat' dir='ltr'><strong>propositam</strong></span> <span class='ocrx_word' id='word_1_94' title='bbox 1158 1554 1227 1622; x_wconf 90' lang='lat' dir='ltr'><strong>dis·</strong></span> 
     </span>
     <span class='ocr_line' id='line_1_13' title="bbox 60 1663 1225 1754; baseline -0.003 -22"><span class='ocrx_word' id='word_1_95' title='bbox 60 1665 160 1734; x_wconf 87' lang='lat' dir='ltr'><strong>tincte</strong></span> <span class='ocrx_word' id='word_1_96' title='bbox 183 1664 438 1754; x_wconf 87' lang='lat' dir='ltr'><strong>complectitur,</strong></span> <span class='ocrx_word' id='word_1_97' title='bbox 465 1673 508 1733; x_wconf 89' lang='lat' dir='ltr'><strong>ut</strong></span> <span class='ocrx_word' id='word_1_98' title='bbox 530 1688 572 1734; x_wconf 88' lang='lat' dir='ltr'><strong>ex</strong></span> <span class='ocrx_word' id='word_1_99' title='bbox 597 1663 672 1732; x_wconf 90' lang='lat' dir='ltr'><strong>illis</strong></span> <span class='ocrx_word' id='word_1_100' title='bbox 696 1686 764 1732; x_wconf 89' lang='lat' dir='ltr'><strong>non</strong></span> <span class='ocrx_word' id='word_1_101' title='bbox 781 1665 878 1732; x_wconf 91' lang='lat' dir='ltr'><strong>modo</strong></span> <span class='ocrx_word' id='word_1_102' title='bbox 896 1688 940 1730; x_wconf 79' lang='lat' dir='ltr'><strong>cc</strong></span> <span class='ocrx_word' id='word_1_103' title='bbox 957 1666 1017 1745; x_wconf 78' lang='lat' dir='ltr'><strong>eir,</strong></span> <span class='ocrx_word' id='word_1_104' title='bbox 1044 1663 1225 1731; x_wconf 87' lang='lat' dir='ltr'><strong>sedetiam</strong></span> 
     </span>
     <span class='ocr_line' id='line_1_14' title="bbox 60 1769 1226 1864; baseline 0.001 -29"><span class='ocrx_word' id='word_1_105' title='bbox 60 1771 136 1860; x_wconf 83' lang='lat' dir='ltr'><strong>qaid</strong></span> <span class='ocrx_word' id='word_1_106' title='bbox 157 1773 205 1838; x_wconf 78' lang='lat' dir='ltr'><strong>eit</strong></span> <span class='ocrx_word' id='word_1_107' title='bbox 227 1772 350 1841; x_wconf 88' lang='lat' dir='ltr'><strong>divina</strong></span> <span class='ocrx_word' id='word_1_108' title='bbox 373 1773 612 1856; x_wconf 83' lang='lat' dir='ltr'><strong>immensitas,</strong></span> <span class='ocrx_word' id='word_1_109' title='bbox 640 1779 809 1864; x_wconf 88' lang='lat' dir='ltr'><strong>quantum</strong></span> <span class='ocrx_word' id='word_1_110' title='bbox 833 1772 869 1840; x_wconf 93' lang='lat' dir='ltr'><strong>in</strong></span> <span class='ocrx_word' id='word_1_111' title='bbox 893 1771 959 1840; x_wconf 89' lang='lat' dir='ltr'><strong>bac</strong></span> <span class='ocrx_word' id='word_1_112' title='bbox 985 1777 1106 1839; x_wconf 87' lang='lat' dir='ltr'><strong>nostra</strong></span> <span class='ocrx_word' id='word_1_113' title='bbox 1143 1769 1226 1839; x_wconf 89' lang='lat' dir='ltr'><strong>cali·</strong></span> 
     </span>
     <span class='ocr_line' id='line_1_15' title="bbox 61 1877 1227 1968; baseline -0.002 -22"><span class='ocrx_word' id='word_1_114' title='bbox 61 1878 132 1964; x_wconf 75' lang='lat' dir='ltr'><strong>gine</strong></span> <span class='ocrx_word' id='word_1_115' title='bbox 156 1901 353 1948; x_wconf 88' lang='lat' dir='ltr'><strong>concessum</strong></span> <span class='ocrx_word' id='word_1_116' title='bbox 376 1888 456 1964; x_wconf 86' lang='lat' dir='ltr'><strong>est,</strong></span> <span class='ocrx_word' id='word_1_117' title='bbox 482 1878 684 1968; x_wconf 83' lang='lat' dir='ltr'><strong>intelligere</strong></span> <span class='ocrx_word' id='word_1_118' title='bbox 708 1879 891 1967; x_wconf 89' lang='lat' dir='ltr'><strong>possimus.</strong></span> <span class='ocrx_word' id='word_1_119' title='bbox 909 1879 961 1948; x_wconf 88' lang='lat' dir='ltr'><strong>Ne</strong></span> <span class='ocrx_word' id='word_1_120' title='bbox 985 1877 1161 1966; x_wconf 81' lang='lat' dir='ltr'><strong>longiores</strong></span> <span class='ocrx_word' id='word_1_121' title='bbox 1184 1877 1227 1944; x_wconf 90' lang='lat' dir='ltr'><strong>si·</strong></span> 
     </span>
     <span class='ocr_line' id='line_1_16' title="bbox 62 1983 1223 2075; baseline -0.003 -22"><span class='ocrx_word' id='word_1_122' title='bbox 62 2009 139 2070; x_wconf 86' lang='lat' dir='ltr'><strong>nus,</strong></span> <span class='ocrx_word' id='word_1_123' title='bbox 163 1987 309 2056; x_wconf 83' lang='lat' dir='ltr'><strong>Petrum</strong></span> <span class='ocrx_word' id='word_1_124' title='bbox 331 1985 585 2055; x_wconf 86' lang='lat' dir='ltr'><strong>declarationes</strong></span> <span class='ocrx_word' id='word_1_125' title='bbox 608 1985 700 2075; x_wconf 88' lang='lat' dir='ltr'><strong>apud</strong></span> <span class='ocrx_word' id='word_1_126' title='bbox 725 1985 920 2054; x_wconf 87' lang='lat' dir='ltr'><strong>Petavium.</strong></span> <span class='ocrx_word' id='word_1_127' title='bbox 940 1985 966 2052; x_wconf 92' lang='lat'><strong>1.</strong></span> <span class='ocrx_word' id='word_1_128' title='bbox 983 1985 1052 2054; x_wconf 92' lang='grc' dir='ltr'><strong>ΙΙΙ.</strong></span> <span class='ocrx_word' id='word_1_129' title='bbox 1073 2009 1103 2054; x_wconf 88' lang='lat' dir='ltr'><strong>o.</strong></span> <span class='ocrx_word' id='word_1_130' title='bbox 1124 1983 1223 2051; x_wconf 81' lang='lat'>7-10.</span> 
     </span>
     <span class='ocr_line' id='line_1_17' title="bbox 62 2091 1224 2186; baseline -0.001 -27"><span class='ocrx_word' id='word_1_131' title='bbox 62 2093 228 2182; x_wconf 80' lang='lat' dir='ltr'><strong>legantur,</strong></span> <span class='ocrx_word' id='word_1_132' title='bbox 257 2117 300 2163; x_wconf 85' lang='lat' dir='ltr'><strong>ex</strong></span> <span class='ocrx_word' id='word_1_133' title='bbox 327 2093 454 2186; x_wconf 88' lang='lat' dir='ltr'><strong>quibus</strong></span> <span class='ocrx_word' id='word_1_134' title='bbox 477 2093 714 2185; x_wconf 87' lang='lat' dir='ltr'><strong>unusquisque</strong></span> <span class='ocrx_word' id='word_1_135' title='bbox 738 2093 975 2162; x_wconf 86' lang='lat' dir='ltr'><strong>confirmatam</strong></span> <span class='ocrx_word' id='word_1_136' title='bbox 999 2091 1137 2162; x_wconf 90' lang='lat' dir='ltr'><strong>videbit</strong></span> <span class='ocrx_word' id='word_1_137' title='bbox 1167 2114 1224 2159; x_wconf 92' lang='lat' dir='ltr'><strong>no·</strong></span> 
     </span>
     <span class='ocr_line' id='line_1_18' title="bbox 62 2179 1226 2292; baseline -0.003 -24"><span class='ocrx_word' id='word_1_138' title='bbox 62 2207 145 2269; x_wconf 84' lang='lat' dir='ltr'><strong>strae</strong></span> <span class='ocrx_word' id='word_1_139' title='bbox 168 2201 280 2270; x_wconf 88' lang='lat' dir='ltr'><strong>thesis</strong></span> <span class='ocrx_word' id='word_1_140' title='bbox 299 2201 546 2292; x_wconf 88' lang='lat' dir='ltr'><strong>probationem,</strong></span> <span class='ocrx_word' id='word_1_141' title='bbox 574 2179 661 2292; x_wconf 79' lang='lat' dir='ltr'><strong>qdae</strong></span> <span class='ocrx_word' id='word_1_142' title='bbox 685 2207 816 2268; x_wconf 90' lang='lat' dir='ltr'><strong>utnon</strong></span> <span class='ocrx_word' id='word_1_143' title='bbox 840 2200 938 2268; x_wconf 88' lang='lat' dir='ltr'><strong>aliud</strong></span> <span class='ocrx_word' id='word_1_144' title='bbox 963 2200 1013 2268; x_wconf 87' lang='lat' dir='ltr'><strong>sit</strong></span> <span class='ocrx_word' id='word_1_145' title='bbox 1036 2221 1138 2290; x_wconf 85' lang='lat' dir='ltr'><strong>quem</strong></span> <span class='ocrx_word' id='word_1_146' title='bbox 1170 2199 1226 2266; x_wconf 93' lang='lat' dir='ltr'><strong>do·-</strong></span> 
     </span>
     <span class='ocr_line' id='line_1_19' title="bbox 62 2303 1184 2397; baseline 0.002 -23"><span class='ocrx_word' id='word_1_147' title='bbox 62 2309 185 2378; x_wconf 89' lang='lat' dir='ltr'><strong>ctrinae</strong></span> <span class='ocrx_word' id='word_1_148' title='bbox 207 2309 352 2378; x_wconf 86' lang='lat' dir='ltr'><strong>Petrum</strong></span> <span class='ocrx_word' id='word_1_149' title='bbox 376 2309 654 2392; x_wconf 88' lang='lat' dir='ltr'><strong>commentarius,</strong></span> <span class='ocrx_word' id='word_1_150' title='bbox 682 2328 819 2397; x_wconf 89' lang='lat' dir='ltr'><strong>operam</strong></span> <span class='ocrx_word' id='word_1_151' title='bbox 843 2307 1012 2376; x_wconf 88' lang='lat' dir='ltr'><strong>dedimus.</strong></span> <span class='ocrx_word' id='word_1_152' title='bbox 1182 2303 1184 2310; x_wconf 75' lang='grc'><strong>’</strong></span> 
     </span>
     <span class='ocr_line' id='line_1_20' title="bbox 123 2414 1226 2507; baseline -0.003 -23"><span class='ocrx_word' id='word_1_153' title='bbox 123 2417 177 2484; x_wconf 87' lang='lat' dir='ltr'><strong>Ad</strong></span> <span class='ocrx_word' id='word_1_154' title='bbox 201 2415 406 2506; x_wconf 86' lang='lat' dir='ltr'><strong>Scripturas</strong></span> <span class='ocrx_word' id='word_1_155' title='bbox 430 2414 520 2507; x_wconf 90' lang='lat' dir='ltr'><strong>quod</strong></span> <span class='ocrx_word' id='word_1_156' title='bbox 546 2415 693 2499; x_wconf 81' lang='lat' dir='ltr'><strong>attinet,</strong></span> <span class='ocrx_word' id='word_1_157' title='bbox 712 2414 812 2482; x_wconf 89' lang='lat' dir='ltr'><strong>iniis</strong></span> <span class='ocrx_word' id='word_1_158' title='bbox 835 2414 1087 2484; x_wconf 89' lang='lat' dir='ltr'><strong>accommodate</strong></span> <span class='ocrx_word' id='word_1_159' title='bbox 1107 2414 1152 2482; x_wconf 89' lang='lat' dir='ltr'><strong>ad</strong></span> <span class='ocrx_word' id='word_1_160' title='bbox 1168 2435 1226 2482; x_wconf 88' lang='lat' dir='ltr'><strong>no-</strong></span> 
     </span>
     <span class='ocr_line' id='line_1_21' title="bbox 63 2523 1280 2615; baseline 0.001 -25"><span class='ocrx_word' id='word_1_161' title='bbox 63 2531 166 2592; x_wconf 85' lang='lat' dir='ltr'><strong>strum</strong></span> <span class='ocrx_word' id='word_1_162' title='bbox 189 2525 413 2615; x_wconf 81' lang='lat' dir='ltr'><strong>intelligendi</strong></span> <span class='ocrx_word' id='word_1_163' title='bbox 429 2525 566 2593; x_wconf 91' lang='lat' dir='ltr'><strong>modum</strong></span> <span class='ocrx_word' id='word_1_164' title='bbox 589 2524 654 2592; x_wconf 91' lang='lat' dir='ltr'><strong>Dei</strong></span> <span class='ocrx_word' id='word_1_165' title='bbox 677 2523 892 2592; x_wconf 91' lang='lat' dir='ltr'><strong>immensitas</strong></span> <span class='ocrx_word' id='word_1_166' title='bbox 908 2545 947 2591; x_wconf 91' lang='lat' dir='ltr'><strong>eo</strong></span> <span class='ocrx_word' id='word_1_167' title='bbox 963 2525 1037 2592; x_wconf 84' lang='lat' dir='ltr'><strong>fere</strong></span> <span class='ocrx_word' id='word_1_168' title='bbox 1052 2523 1150 2591; x_wconf 92' lang='lat' dir='ltr'><strong>modo</strong></span> <span class='ocrx_word' id='word_1_169' title='bbox 1166 2547 1227 2613; x_wconf 91' lang='lat' dir='ltr'><strong>per</strong></span> <span class='ocrx_word' id='word_1_170' title='bbox 1278 2528 1280 2532; x_wconf 83' lang='grc'><strong>’</strong></span> 
     </span>
     <span class='ocr_line' id='line_1_22' title="bbox 63 2630 1228 2722; baseline 0 -26"><span class='ocrx_word' id='word_1_171' title='bbox 63 2633 302 2722; x_wconf 86' lang='lat' dir='ltr'><strong>oppositionem</strong></span> <span class='ocrx_word' id='word_1_172' title='bbox 324 2633 369 2700; x_wconf 91' lang='lat' dir='ltr'><strong>ed</strong></span> <span class='ocrx_word' id='word_1_173' title='bbox 394 2631 527 2701; x_wconf 84' lang='lat' dir='ltr'><strong>limites</strong></span> <span class='ocrx_word' id='word_1_174' title='bbox 550 2630 621 2699; x_wconf 93' lang='lat' dir='ltr'><strong>loci</strong></span> <span class='ocrx_word' id='word_1_175' title='bbox 645 2636 682 2700; x_wconf 89' lang='lat' dir='ltr'><strong>et</strong></span> <span class='ocrx_word' id='word_1_176' title='bbox 704 2631 812 2721; x_wconf 89' lang='lat' dir='ltr'><strong>spatii</strong></span> <span class='ocrx_word' id='word_1_177' title='bbox 837 2631 1059 2715; x_wconf 86' lang='lat' dir='ltr'><strong>describitur,</strong></span> <span class='ocrx_word' id='word_1_178' title='bbox 1087 2653 1154 2722; x_wconf 87' lang='lat' dir='ltr'><strong>quo</strong></span> <span class='ocrx_word' id='word_1_179' title='bbox 1173 2652 1228 2697; x_wconf 88' lang='lat' dir='ltr'><strong>ae·</strong></span> 
     </span>
     <span class='ocr_line' id='line_1_23' title="bbox 64 2737 1227 2828; baseline -0.001 -22"><span class='ocrx_word' id='word_1_180' title='bbox 64 2740 203 2808; x_wconf 83' lang='lat' dir='ltr'><strong>territas</strong></span> <span class='ocrx_word' id='word_1_181' title='bbox 226 2741 394 2809; x_wconf 85' lang='lat' dir='ltr'><strong>eximitur</strong></span> <span class='ocrx_word' id='word_1_182' title='bbox 418 2763 440 2807; x_wconf 88' lang='lat' dir='ltr'><strong>a</strong></span> <span class='ocrx_word' id='word_1_183' title='bbox 462 2739 736 2807; x_wconf 87' lang='lat' dir='ltr'><strong>limitationibus</strong></span> <span class='ocrx_word' id='word_1_184' title='bbox 751 2737 930 2828; x_wconf 92' lang='lat' dir='ltr'><strong>temporis.</strong></span> <span class='ocrx_word' id='word_1_185' title='bbox 949 2742 984 2824; x_wconf 89' lang='lat' dir='ltr'><strong>c)</strong></span> <span class='ocrx_word' id='word_1_186' title='bbox 1002 2737 1103 2806; x_wconf 86' lang='lat' dir='ltr'><strong>Siout</strong></span> <span class='ocrx_word' id='word_1_187' title='bbox 1118 2745 1227 2806; x_wconf 87' lang='lat' dir='ltr'><strong>aeter-</strong></span> 
     </span>
     <span class='ocr_line' id='line_1_24' title="bbox 64 2845 1228 2938; baseline 0.002 -27"><span class='ocrx_word' id='word_1_188' title='bbox 64 2847 149 2916; x_wconf 82' lang='lat' dir='ltr'><strong>nitas</strong></span> <span class='ocrx_word' id='word_1_189' title='bbox 170 2848 381 2938; x_wconf 87' lang='lat' dir='ltr'><strong>exprimitur</strong></span> <span class='ocrx_word' id='word_1_190' title='bbox 403 2869 454 2930; x_wconf 94' lang='lat' dir='ltr'><strong>eo,</strong></span> <span class='ocrx_word' id='word_1_191' title='bbox 470 2846 560 2937; x_wconf 91' lang='lat' dir='ltr'><strong>quod</strong></span> <span class='ocrx_word' id='word_1_192' title='bbox 584 2846 679 2914; x_wconf 85' lang='lat' dir='ltr'><strong>Deus</strong></span> <span class='ocrx_word' id='word_1_193' title='bbox 695 2845 827 2914; x_wconf 88' lang='lat' dir='ltr'><strong>dicitur</strong></span> <span class='ocrx_word' id='word_1_194' title='bbox 843 2867 917 2914; x_wconf 90' lang='lat' dir='ltr'><strong>esse</strong></span> <span class='ocrx_word' id='word_1_195' title='bbox 934 2846 1059 2938; x_wconf 88' lang='lat' dir='ltr'><strong>quovis</strong></span> <span class='ocrx_word' id='word_1_196' title='bbox 1076 2853 1228 2935; x_wconf 89' lang='lat' dir='ltr'><strong>tempore</strong></span> 
     </span>
     <span class='ocr_line' id='line_1_25' title="bbox 64 2941 1228 3043; baseline -0.001 -22"><span class='ocrx_word' id='word_1_197' title='bbox 64 2961 96 3021; x_wconf 87' lang='lat' dir='ltr'><strong>et</strong></span> <span class='ocrx_word' id='word_1_198' title='bbox 117 2963 193 3024; x_wconf 90' lang='lat' dir='ltr'><strong>ante</strong></span> <span class='ocrx_word' id='word_1_199' title='bbox 216 2975 313 3022; x_wconf 88' lang='lat' dir='ltr'><strong>omne</strong></span> <span class='ocrx_word' id='word_1_200' title='bbox 336 2961 473 3043; x_wconf 86' lang='lat' dir='ltr'><strong>tempus</strong></span> <span class='ocrx_word' id='word_1_201' title='bbox 489 2941 508 3040; x_wconf 67' lang='grc' dir='ltr'><strong>ς’</strong></span> <span class='ocrx_word' id='word_1_202' title='bbox 524 2954 577 3020; x_wconf 89' lang='lat' dir='ltr'><strong>ita</strong></span> <span class='ocrx_word' id='word_1_203' title='bbox 599 2952 814 3021; x_wconf 88' lang='lat' dir='ltr'><strong>immensitas</strong></span> <span class='ocrx_word' id='word_1_204' title='bbox 849 2951 1047 3042; x_wconf 87' lang='lat' dir='ltr'><strong>explicatur</strong></span> <span class='ocrx_word' id='word_1_205' title='bbox 1078 2975 1140 3042; x_wconf 91' lang='lat' dir='ltr'><strong>per</strong></span> <span class='ocrx_word' id='word_1_206' title='bbox 1162 2953 1228 3020; x_wconf 91' lang='lat' dir='ltr'><strong>Dei</strong></span> 
     </span>
     <span class='ocr_line' id='line_1_26' title="bbox 66 3059 1228 3150; baseline -0.001 -22"><span class='ocrx_word' id='word_1_207' title='bbox 66 3062 284 3150; x_wconf 85' lang='lat' dir='ltr'><strong>praesentiam</strong></span> <span class='ocrx_word' id='word_1_208' title='bbox 308 3063 345 3129; x_wconf 93' lang='lat' dir='ltr'><strong>in</strong></span> <span class='ocrx_word' id='word_1_209' title='bbox 369 3062 462 3129; x_wconf 91' lang='lat' dir='ltr'><strong>omni</strong></span> <span class='ocrx_word' id='word_1_210' title='bbox 484 3061 559 3128; x_wconf 91' lang='lat' dir='ltr'><strong>loco</strong></span> <span class='ocrx_word' id='word_1_211' title='bbox 584 3067 619 3128; x_wconf 93' lang='lat' dir='ltr'><strong>et</strong></span> <span class='ocrx_word' id='word_1_212' title='bbox 643 3059 775 3150; x_wconf 88' lang='lat' dir='ltr'><strong>spatio,</strong></span> <span class='ocrx_word' id='word_1_213' title='bbox 802 3059 904 3128; x_wconf 87' lang='lat' dir='ltr'><strong>cuius</strong></span> <span class='ocrx_word' id='word_1_214' title='bbox 928 3059 1142 3130; x_wconf 83' lang='lat' dir='ltr'><strong>universitas</strong></span> <span class='ocrx_word' id='word_1_215' title='bbox 1158 3060 1228 3129; x_wconf 90' lang='lat' dir='ltr'><strong>dici</strong></span> 
     </span>
     <span class='ocr_line' id='line_1_27' title="bbox 66 3167 1229 3252; baseline 0.002 -20"><span class='ocrx_word' id='word_1_216' title='bbox 66 3167 144 3236; x_wconf 90' lang='lat' dir='ltr'><strong>solet</strong></span> <span class='ocrx_word' id='word_1_217' title='bbox 160 3197 176 3232; x_wconf 75' lang='lat' dir='ltr'><strong>a</strong></span> <span class='ocrx_word' id='word_1_218' title='bbox 190 3168 322 3238; x_wconf 91' lang='lat' dir='ltr'><strong>coelum</strong></span> <span class='ocrx_word' id='word_1_219' title='bbox 337 3175 373 3237; x_wconf 94' lang='lat' dir='ltr'><strong>et</strong></span> <span class='ocrx_word' id='word_1_220' title='bbox 388 3175 497 3252; x_wconf 88' lang='lat' dir='ltr'><strong>terra,</strong></span> <span class='ocrx_word' id='word_1_221' title='bbox 516 3195 532 3230; x_wconf 78' lang='lat' dir='ltr'><em>n</em></span> <span class='ocrx_word' id='word_1_222' title='bbox 551 3189 622 3236; x_wconf 89' lang='lat' dir='ltr'><strong>una</strong></span> <span class='ocrx_word' id='word_1_223' title='bbox 638 3191 715 3236; x_wconf 90' lang='lat' dir='ltr'><strong>oum</strong></span> <span class='ocrx_word' id='word_1_224' title='bbox 731 3167 978 3252; x_wconf 88' lang='lat' dir='ltr'><strong>declaratione,</strong></span> <span class='ocrx_word' id='word_1_225' title='bbox 992 3167 1102 3235; x_wconf 93' lang='lat' dir='ltr'><strong>Deum</strong></span> <span class='ocrx_word' id='word_1_226' title='bbox 1119 3167 1229 3234; x_wconf 80' lang='lat' dir='ltr'><strong>nullis</strong></span> 
     </span>
     <span class='ocr_line' id='line_1_28' title="bbox 66 3275 1226 3365; baseline 0.002 -24"><span class='ocrx_word' id='word_1_227' title='bbox 66 3275 180 3362; x_wconf 86' lang='lat' dir='ltr'><strong>spatiis</strong></span> <span class='ocrx_word' id='word_1_228' title='bbox 202 3275 457 3365; x_wconf 89' lang='lat' dir='ltr'><strong>comprehendi.</strong></span> <span class='ocrx_word' id='word_1_229' title='bbox 480 3275 609 3344; x_wconf 76' lang='lat' dir='ltr'><strong>«Coeli</strong></span> <span class='ocrx_word' id='word_1_230' title='bbox 631 3283 667 3344; x_wconf 91' lang='lat' dir='ltr'><strong>et</strong></span> <span class='ocrx_word' id='word_1_231' title='bbox 689 3282 804 3343; x_wconf 85' lang='lat' dir='ltr'><strong>terrae</strong></span> <span class='ocrx_word' id='word_1_232' title='bbox 843 3299 920 3344; x_wconf 89' lang='lat' dir='ltr'><strong>cum</strong></span> <span class='ocrx_word' id='word_1_233' title='bbox 952 3275 1001 3344; x_wconf 88' lang='lat' dir='ltr'><strong>sit</strong></span> <span class='ocrx_word' id='word_1_234' title='bbox 1034 3277 1226 3360; x_wconf 88' lang='lat' dir='ltr'><strong>Dominus,</strong></span> 
     </span>
     <span class='ocr_line' id='line_1_29' title="bbox 67 3381 1228 3472; baseline 0.003 -25"><span class='ocrx_word' id='word_1_235' title='bbox 67 3403 123 3448; x_wconf 89' lang='lat' dir='ltr'><strong>non</strong></span> <span class='ocrx_word' id='word_1_236' title='bbox 145 3382 183 3449; x_wconf 92' lang='lat' dir='ltr'><strong>in</strong></span> <span class='ocrx_word' id='word_1_237' title='bbox 204 3383 416 3452; x_wconf 88' lang='lat' dir='ltr'><strong>manufactis</strong></span> <span class='ocrx_word' id='word_1_238' title='bbox 438 3383 579 3472; x_wconf 90' lang='lat' dir='ltr'><strong>templis</strong></span> <span class='ocrx_word' id='word_1_239' title='bbox 602 3383 799 3452; x_wconf 84' lang='lat' dir='ltr'><strong>habitat...</strong></span> <span class='ocrx_word' id='word_1_240' title='bbox 830 3381 1002 3466; x_wconf 78' lang='lat' dir='ltr'><strong>Quamvis</strong></span> <span class='ocrx_word' id='word_1_241' title='bbox 1024 3407 1092 3452; x_wconf 92' lang='lat' dir='ltr'><strong>non</strong></span> <span class='ocrx_word' id='word_1_242' title='bbox 1126 3385 1228 3472; x_wconf 79' lang='lat' dir='ltr'><strong>longe</strong></span> 
     </span>
     <span class='ocr_line' id='line_1_30' title="bbox 68 3487 1228 3582; baseline 0.005 -30"><span class='ocrx_word' id='word_1_243' title='bbox 68 3487 109 3554; x_wconf 89' lang='lat' dir='ltr'><strong>sit</strong></span> <span class='ocrx_word' id='word_1_244' title='bbox 128 3491 168 3558; x_wconf 89' lang='lat' dir='ltr'><strong>ab</strong></span> <span class='ocrx_word' id='word_1_245' title='bbox 191 3511 397 3582; x_wconf 89' lang='lat' dir='ltr'><strong>unoquoque</strong></span> <span class='ocrx_word' id='word_1_246' title='bbox 420 3496 600 3577; x_wconf 87' lang='lat' dir='ltr'><strong>nostrum;</strong></span> <span class='ocrx_word' id='word_1_247' title='bbox 627 3489 666 3556; x_wconf 94' lang='lat' dir='ltr'><strong>in</strong></span> <span class='ocrx_word' id='word_1_248' title='bbox 689 3490 763 3580; x_wconf 88' lang='lat' dir='ltr'><strong>ipso</strong></span> <span class='ocrx_word' id='word_1_249' title='bbox 787 3491 879 3557; x_wconf 91' lang='lat' dir='ltr'><strong>enim</strong></span> <span class='ocrx_word' id='word_1_250' title='bbox 903 3492 1070 3576; x_wconf 86' lang='lat' dir='ltr'><strong>vivimus,</strong></span> <span class='ocrx_word' id='word_1_251' title='bbox 1102 3497 1139 3560; x_wconf 90' lang='lat' dir='ltr'><strong>et</strong></span> <span class='ocrx_word' id='word_1_252' title='bbox 1161 3513 1228 3558; x_wconf 93' lang='lat' dir='ltr'><strong>mo·</strong></span> 
     </span>
     <span class='ocr_line' id='line_1_31' title="bbox 70 3597 1227 3691; baseline 0.005 -31"><span class='ocrx_word' id='word_1_253' title='bbox 70 3617 195 3681; x_wconf 79' lang='lat' dir='ltr'><strong>remur,</strong></span> <span class='ocrx_word' id='word_1_254' title='bbox 221 3603 256 3665; x_wconf 87' lang='lat' dir='ltr'><strong>et</strong></span> <span class='ocrx_word' id='word_1_255' title='bbox 279 3619 433 3664; x_wconf 72' lang='lat' dir='ltr'><strong>sumus»</strong></span> <span class='ocrx_word' id='word_1_256' title='bbox 458 3598 541 3666; x_wconf 87' lang='lat' dir='ltr'><strong>Aet.</strong></span> <span class='ocrx_word' id='word_1_257' title='bbox 558 3597 677 3666; x_wconf 84' lang='lat' dir='ltr'>XVII.</span> <span class='ocrx_word' id='word_1_258' title='bbox 696 3597 750 3666; x_wconf 79' lang='lat'><strong>24.</strong></span> <span class='ocrx_word' id='word_1_259' title='bbox 770 3597 827 3666; x_wconf 81' lang='lat'><strong>27.</strong></span> <span class='ocrx_word' id='word_1_260' title='bbox 847 3599 902 3667; x_wconf 82' lang='lat'><strong>28.</strong></span> <span class='ocrx_word' id='word_1_261' title='bbox 926 3629 941 3663; x_wconf 79' lang='lat' dir='ltr'><strong>c</strong></span> <span class='ocrx_word' id='word_1_262' title='bbox 958 3598 1136 3691; x_wconf 87' lang='lat' dir='ltr'><strong>Numquid</strong></span> <span class='ocrx_word' id='word_1_263' title='bbox 1159 3622 1227 3667; x_wconf 92' lang='lat' dir='ltr'><strong>non</strong></span> 
     </span>
     <span class='ocr_line' id='line_1_32' title="bbox 70 3700 1229 3795; baseline 0.006 -29"><span class='ocrx_word' id='word_1_264' title='bbox 70 3700 186 3772; x_wconf 87' lang='lat' dir='ltr'><strong>coelum</strong></span> <span class='ocrx_word' id='word_1_265' title='bbox 208 3708 246 3771; x_wconf 90' lang='lat' dir='ltr'><strong>et</strong></span> <span class='ocrx_word' id='word_1_266' title='bbox 267 3709 398 3770; x_wconf 88' lang='lat' dir='ltr'><strong>terram</strong></span> <span class='ocrx_word' id='word_1_267' title='bbox 421 3727 485 3794; x_wconf 82' lang='lat' dir='ltr'><strong>ego</strong></span> <span class='ocrx_word' id='word_1_268' title='bbox 516 3704 671 3795; x_wconf 77' lang='lat' dir='ltr'><strong>impleo?</strong></span> <span class='ocrx_word' id='word_1_269' title='bbox 690 3733 706 3768; x_wconf 83' lang='lat' dir='ltr'><em>n</em></span> <span class='ocrx_word' id='word_1_270' title='bbox 726 3711 791 3774; x_wconf 88' lang='lat' dir='ltr'><strong>ler.</strong></span> <span class='ocrx_word' id='word_1_271' title='bbox 810 3705 948 3774; x_wconf 90' lang='lat' dir='ltr'>XXIII.</span> <span class='ocrx_word' id='word_1_272' title='bbox 968 3707 1024 3775; x_wconf 82' lang='lat'><strong>24.</strong></span> <span class='ocrx_word' id='word_1_273' title='bbox 1047 3735 1063 3770; x_wconf 79' lang='lat' dir='ltr'><strong>c</strong></span> <span class='ocrx_word' id='word_1_274' title='bbox 1088 3705 1229 3795; x_wconf 84' lang='lat' dir='ltr'><strong>Ergone</strong></span> 
     </span>
     <span class='ocr_line' id='line_1_33' title="bbox 71 3811 1229 3903; baseline 0.003 -26"><span class='ocrx_word' id='word_1_275' title='bbox 71 3811 247 3894; x_wconf 84' lang='lat' dir='ltr'><strong>putandum</strong></span> <span class='ocrx_word' id='word_1_276' title='bbox 269 3818 336 3895; x_wconf 88' lang='lat' dir='ltr'><strong>est,</strong></span> <span class='ocrx_word' id='word_1_277' title='bbox 361 3811 452 3903; x_wconf 89' lang='lat' dir='ltr'><strong>quod</strong></span> <span class='ocrx_word' id='word_1_278' title='bbox 475 3834 558 3880; x_wconf 89' lang='lat' dir='ltr'><strong>vere</strong></span> <span class='ocrx_word' id='word_1_279' title='bbox 580 3814 673 3882; x_wconf 89' lang='lat' dir='ltr'><strong>Deus</strong></span> <span class='ocrx_word' id='word_1_280' title='bbox 704 3813 841 3882; x_wconf 91' lang='lat' dir='ltr'><strong>habitet</strong></span> <span class='ocrx_word' id='word_1_281' title='bbox 871 3837 976 3903; x_wconf 89' lang='lat' dir='ltr'><strong>super</strong></span> <span class='ocrx_word' id='word_1_282' title='bbox 1006 3813 1165 3882; x_wconf 80' lang='lat' dir='ltr'><strong>terram?</strong></span> <span class='ocrx_word' id='word_1_283' title='bbox 1190 3813 1229 3880; x_wconf 87' lang='lat' dir='ltr'><strong>Si</strong></span> 
     </span>
     <span class='ocr_line' id='line_1_34' title="bbox 71 3917 1230 4012; baseline 0.008 -33"><span class='ocrx_word' id='word_1_284' title='bbox 71 3917 147 3984; x_wconf 86' lang='lat' dir='ltr'><strong>euim</strong></span> <span class='ocrx_word' id='word_1_285' title='bbox 163 3917 294 3987; x_wconf 90' lang='lat' dir='ltr'><strong>coelum</strong></span> <span class='ocrx_word' id='word_1_286' title='bbox 309 3925 346 3986; x_wconf 90' lang='lat' dir='ltr'><strong>et</strong></span> <span class='ocrx_word' id='word_1_287' title='bbox 360 3917 448 3987; x_wconf 88' lang='lat' dir='ltr'><strong>coeli</strong></span> <span class='ocrx_word' id='word_1_288' title='bbox 464 3919 635 3988; x_wconf 87' lang='lat' dir='ltr'><strong>coelorum</strong></span> <span class='ocrx_word' id='word_1_289' title='bbox 651 3925 686 3989; x_wconf 91' lang='lat' dir='ltr'><strong>te</strong></span> <span class='ocrx_word' id='word_1_290' title='bbox 702 3943 824 4011; x_wconf 87' lang='lat' dir='ltr'><strong>capere</strong></span> <span class='ocrx_word' id='word_1_291' title='bbox 839 3943 908 3988; x_wconf 92' lang='lat' dir='ltr'><strong>non</strong></span> <span class='ocrx_word' id='word_1_292' title='bbox 924 3923 1080 4011; x_wconf 89' lang='lat' dir='ltr'><strong>possunt,</strong></span> <span class='ocrx_word' id='word_1_293' title='bbox 1099 3927 1230 4012; x_wconf 90' lang='lat' dir='ltr'><strong>quanto</strong></span> 
     </span>
     <span class='ocr_line' id='line_1_35' title="bbox 73 4024 1227 4118; baseline 0.005 -30"><span class='ocrx_word' id='word_1_294' title='bbox 73 4025 169 4112; x_wconf 84' lang='lat' dir='ltr'><strong>magis</strong></span> <span class='ocrx_word' id='word_1_295' title='bbox 191 4025 313 4094; x_wconf 88' lang='lat' dir='ltr'><strong>domus</strong></span> <span class='ocrx_word' id='word_1_296' title='bbox 342 4024 449 4109; x_wconf 88' lang='lat' dir='ltr'><strong>haee,</strong></span> <span class='ocrx_word' id='word_1_297' title='bbox 476 4048 578 4117; x_wconf 88' lang='lat' dir='ltr'><strong>quam</strong></span> <span class='ocrx_word' id='word_1_298' title='bbox 608 4028 822 4097; x_wconf 76' lang='lat' dir='ltr'><strong>aedificavi?</strong></span> <span class='ocrx_word' id='word_1_299' title='bbox 847 4056 864 4091; x_wconf 77' lang='lat' dir='ltr'><strong>n</strong></span> <span class='ocrx_word' id='word_1_300' title='bbox 882 4027 915 4095; x_wconf 81' lang='lat'><strong>3.</strong></span> <span class='ocrx_word' id='word_1_301' title='bbox 933 4029 1021 4118; x_wconf 81' lang='lat' dir='ltr'><strong>Reg.</strong></span> <span class='ocrx_word' id='word_1_302' title='bbox 1039 4027 1142 4096; x_wconf 87' lang='lat' dir='ltr'>VIII.</span> <span class='ocrx_word' id='word_1_303' title='bbox 1159 4027 1227 4114; x_wconf 79' lang='lat'><strong>27;</strong></span> 
     </span>
     <span class='ocr_line' id='line_1_36' title="bbox 72 4126 1231 4227; baseline 0.008 -34"><span class='ocrx_word' id='word_1_304' title='bbox 72 4126 97 4196; x_wconf 80' lang='lat'><strong>2.</strong></span> <span class='ocrx_word' id='word_1_305' title='bbox 112 4131 224 4203; x_wconf 85' lang='lat' dir='ltr'><strong>Paral.</strong></span> <span class='ocrx_word' id='word_1_306' title='bbox 244 4131 308 4201; x_wconf 91' lang='lat' dir='ltr'><strong>VI.</strong></span> <span class='ocrx_word' id='word_1_307' title='bbox 327 4131 359 4200; x_wconf 90' lang='lat'><strong>1.</strong></span> <span class='ocrx_word' id='word_1_308' title='bbox 381 4132 591 4202; x_wconf 74' lang='lat' dir='ltr'><strong>«Excelsior</strong></span> <span class='ocrx_word' id='word_1_309' title='bbox 607 4135 700 4204; x_wconf 90' lang='lat' dir='ltr'><strong>coelo</strong></span> <span class='ocrx_word' id='word_1_310' title='bbox 723 4141 778 4204; x_wconf 91' lang='lat' dir='ltr'><strong>est</strong></span> <span class='ocrx_word' id='word_1_311' title='bbox 792 4141 862 4220; x_wconf 74' lang='lat' dir='ltr'><strong>,&#39;et</strong></span> <span class='ocrx_word' id='word_1_312' title='bbox 884 4135 968 4227; x_wconf 90' lang='lat' dir='ltr'><strong>quid</strong></span> <span class='ocrx_word' id='word_1_313' title='bbox 992 4135 1128 4204; x_wconf 75' lang='lat' dir='ltr'><strong>facies?</strong></span> <span class='ocrx_word' id='word_1_314' title='bbox 1152 4157 1231 4224; x_wconf 92' lang='lat' dir='ltr'><strong>pro-</strong></span> 
     </span>
     <span class='ocr_line' id='line_1_37' title="bbox 74 4235 1231 4333; baseline 0.008 -32"><span class='ocrx_word' id='word_1_315' title='bbox 74 4235 197 4308; x_wconf 85' lang='lat' dir='ltr'><strong>imdior</strong></span> <span class='ocrx_word' id='word_1_316' title='bbox 219 4241 383 4330; x_wconf 85' lang='lat' dir='ltr'><strong>inferno,</strong></span> <span class='ocrx_word' id='word_1_317' title='bbox 409 4246 445 4307; x_wconf 90' lang='lat' dir='ltr'><strong>et</strong></span> <span class='ocrx_word' id='word_1_318' title='bbox 469 4241 558 4310; x_wconf 91' lang='lat' dir='ltr'><strong>unde</strong></span> <span class='ocrx_word' id='word_1_319' title='bbox 576 4244 784 4332; x_wconf 78' lang='lat' dir='ltr'><strong>cognosces?</strong></span> <span class='ocrx_word' id='word_1_320' title='bbox 800 4243 939 4333; x_wconf 78' lang='lat' dir='ltr'><strong>longior</strong></span> <span class='ocrx_word' id='word_1_321' title='bbox 954 4250 1052 4312; x_wconf 87' lang='lat' dir='ltr'><strong>terra</strong></span> <span class='ocrx_word' id='word_1_322' title='bbox 1067 4265 1231 4310; x_wconf 89' lang='lat' dir='ltr'><strong>mensura</strong></span> 
     </span>
     <span class='ocr_line' id='line_1_38' title="bbox 74 4343 1230 4437; baseline 0.005 -29"><span class='ocrx_word' id='word_1_323' title='bbox 74 4343 154 4430; x_wconf 90' lang='lat' dir='ltr'><strong>eius,</strong></span> <span class='ocrx_word' id='word_1_324' title='bbox 179 4353 216 4416; x_wconf 91' lang='lat' dir='ltr'><strong>et</strong></span> <span class='ocrx_word' id='word_1_325' title='bbox 236 4347 346 4415; x_wconf 89' lang='lat' dir='ltr'><strong>latior</strong></span> <span class='ocrx_word' id='word_1_326' title='bbox 369 4348 458 4416; x_wconf 90' lang='lat' dir='ltr'><strong>mari</strong></span> <span class='ocrx_word' id='word_1_327' title='bbox 477 4375 493 4410; x_wconf 84' lang='lat' dir='ltr'><strong>n</strong></span> <span class='ocrx_word' id='word_1_328' title='bbox 511 4347 572 4416; x_wconf 93' lang='lat' dir='ltr'><strong>Iob</strong></span> <span class='ocrx_word' id='word_1_329' title='bbox 588 4351 653 4418; x_wconf 88' lang='lat' dir='ltr'><strong>XI.</strong></span> <span class='ocrx_word' id='word_1_330' title='bbox 672 4352 705 4420; x_wconf 85' lang='lat'><strong>8.</strong></span> <span class='ocrx_word' id='word_1_331' title='bbox 735 4351 874 4419; x_wconf 89' lang='lat' dir='ltr'><strong>Pariter</strong></span> <span class='ocrx_word' id='word_1_332' title='bbox 898 4351 932 4437; x_wconf 86' lang='lat' dir='ltr'><strong>b)</strong></span> <span class='ocrx_word' id='word_1_333' title='bbox 957 4351 1050 4419; x_wconf 90' lang='lat' dir='ltr'><strong>sicut</strong></span> <span class='ocrx_word' id='word_1_334' title='bbox 1081 4348 1230 4418; x_wconf 87' lang='lat' dir='ltr'><strong>aeterni·</strong></span> 
     </span>
     <span class='ocr_line' id='line_1_39' title="bbox 74 4455 1229 4548; baseline 0.006 -32"><span class='ocrx_word' id='word_1_335' title='bbox 74 4455 120 4516; x_wconf 80' lang='lat' dir='ltr'><strong>tes</strong></span> <span class='ocrx_word' id='word_1_336' title='bbox 139 4455 345 4544; x_wconf 86' lang='lat' dir='ltr'><strong>exprimitur</strong></span> <span class='ocrx_word' id='word_1_337' title='bbox 367 4477 419 4539; x_wconf 95' lang='lat' dir='ltr'><strong>eo,</strong></span> <span class='ocrx_word' id='word_1_338' title='bbox 445 4457 536 4546; x_wconf 90' lang='lat' dir='ltr'><strong>quod</strong></span> <span class='ocrx_word' id='word_1_339' title='bbox 559 4458 597 4526; x_wconf 94' lang='lat' dir='ltr'><strong>in</strong></span> <span class='ocrx_word' id='word_1_340' title='bbox 613 4459 684 4528; x_wconf 90' lang='lat' dir='ltr'><strong>Deo</strong></span> <span class='ocrx_word' id='word_1_341' title='bbox 701 4459 835 4528; x_wconf 91' lang='lat' dir='ltr'><strong>dicitur</strong></span> <span class='ocrx_word' id='word_1_342' title='bbox 851 4480 949 4526; x_wconf 91' lang='lat' dir='ltr'><strong>omne</strong></span> <span class='ocrx_word' id='word_1_343' title='bbox 965 4463 1114 4548; x_wconf 90' lang='lat' dir='ltr'><strong>tempus,</strong></span> <span class='ocrx_word' id='word_1_344' title='bbox 1133 4477 1229 4546; x_wconf 85' lang='lat' dir='ltr'><strong>prae-</strong></span> 
     </span>
    </p>
   </div>
   <div class='ocr_carea' id='block_1_4' title="bbox 0 0 1638 5072">
    <p class='ocr_par' dir='ltr' id='par_1_4' title="bbox 0 0 1638 5072">
     <span class='ocr_line' id='line_1_40' title="bbox 0 0 1638 5072; baseline 0 0"><span class='ocrx_word' id='word_1_345' title='bbox 0 0 1638 5072; x_wconf 95' lang='lat' dir='ltr'><strong> </strong></span> 
     </span>
    </p>
   </div>
  </div>
 </body>
</html>
