3240 5064
524 364 561 374 ..
586 332 644 392 199
664 363 701 374 ..

49 435 252 520 sanctitatis)
270 436 449 504 intuentes
464 438 613 526 gloriam
629 439 694 507 Dei
711 439 747 504 in
768 438 948 525 mysteriis
964 437 1045 506 Iesu
1061 437 1207 520 Christi,

46 547 187 608 testante
210 541 400 630 Apostolo,
426 543 618 612 formamur
640 544 684 611 ab
708 544 772 610 illa
795 543 910 632 gloria
935 544 1034 612 velut
1064 544 1209 611 totidem

46 649 234 737 specula(l)
245 659 282 717 et
296 652 589 719 transformamur
600 651 637 718 in
650 653 726 720 eius
741 652 927 740 imaginem
936 651 969 718 2.
981 651 1058 720 Cor.
1071 651 1140 718 HI.
1153 651 1208 719 18:

48 757 147 824 multo
168 758 284 846 magis
307 779 329 824 a
351 757 428 826 luce
455 764 491 828 et
522 759 685 828 claritate
715 759 880 828 inchoata
912 759 1134 848 proficientes
1164 759 1209 826 ad

47 864 146 932 lucem
167 871 204 933 et
227 863 426 933 claritatem
451 867 638 954 perfectam
663 875 793 936 mentes
817 875 958 934 nostrae
981 868 1206 934 transforma-

48 963 168 1040 b'nntur
189 973 265 1056 ita,
293 977 335 1039 ut
357 996 418 1061 per
442 973 745 1062 participationem
769 974 1010 1044 intellectivae
1034 974 1205 1056 virtutis,

47 1103 108 1168 qua
128 1081 221 1148 Dens
244 1081 320 1169 ipse
344 1103 380 1148 se
404 1082 563 1149 intuetur
587 1088 624 1148 et
647 1104 684 1149 sc
707 1083 862 1163 fruitur,
890 1081 999 1149 simus
1023 1081 1208 1150 deiformes

47 1188 221 1256 invisione
246 1187 418 1256 beatifica:
440 1189 598 1256 usimiles
613 1189 646 1256 ei
662 1189 807 1272 erimus,
827 1189 988 1280 quoniam
1013 1189 1208 1256 videbimus

45 1318 127 1379 eum,
140 1295 246 1364 sicuti
257 1303 345 1364 estc
359 1295 414 1363 Of.
425 1295 625 1386 Aug.Trin.
638 1296 664 1364 l.
675 1297 773 1364 XIV.
786 1319 816 1364 c.
832 1297 886 1382 175
903 1298 939 1363 in
952 1296 1009 1364 Ps.
1025 1296 1081 1364 35.
1097 1319 1132 1362 n.
1149 1297 1204 1362 14.

105 1402 151 1470 Π.
176 1403 232 1470 Ex
254 1403 364 1472 dictis
388 1403 493 1472 etiam
516 1404 658 1492 propria
675 1405 765 1472 ratio
789 1403 933 1472 luminis
949 1404 1083 1492 gloriae
1100 1403 1205 1473 dedu-

46 1509 141 1592 citur,
166 1508 254 1600 pisid
276 1512 336 1577 rit.

105 1615 169 1684 Hic
182 1616 357 1706 imprimis
374 1617 633 1706 supponendum
651 1625 705 1685 est
716 1623 892 1707 tamquam
908 1615 1045 1683 omnino
1058 1622 1204 1700 certum,

46 1721 130 1790 deut
152 1745 283 1792 omnem
306 1723 577 1792 intellectionem
601 1724 654 1793 ita
677 1725 782 1792 etiam
818 1723 985 1792 visionem
1009 1723 1074 1791 Dei
1098 1723 1206 1791 intui-

46 1831 146 1898 tivam
167 1856 241 1901 esse
265 1848 378 1899 actam
398 1837 636 1898 immanentem
659 1835 770 1920 ipsios
791 1834 913 1898 mentis
935 1829 1096 1897 videntis.
1125 1831 1207 1897 Pro·

46 1940 176 2008 ducitur
199 1963 283 2030 ergo
298 1947 336 2008 et
351 1941 514 2008 continno
537 1940 699 2030 pendete
716 1947 839 2024 mente,
865 1961 906 2008 ao
930 1945 1077 2006 mentem
1102 1940 1207 2006 infor·

48 2059 122 2116 nat.
146 2049 232 2116 Nam
258 2049 350 2117 visio
373 2055 427 2116 est
451 2065 544 2116 actus
572 2049 695 2116 vitalis
719 2049 755 2115 in
788 2055 900 2116 mente
928 2048 1083 2115 vivente:
1115 2047 1209 2114 siout

46 2165 149 2224 autem
169 2155 247 2225 vita
270 2157 465 2224 necessario
488 2157 613 2224 intima
636 2165 690 2224 est
714 2155 867 2239 viventi,
894 2156 947 2224 ita
970 2155 1082 2222 omnis
1105 2160 1206 2222 actus

48 2263 157 2331 vitalis
179 2264 377 2332 necessario
400 2265 443 2330 ab
467 2264 542 2352 ipso
566 2266 708 2332 vivente
732 2262 941 2354 producitur
957 2269 992 2329 et
1013 2263 1056 2327 ab
1079 2261 1207 2329 intrin-

49 2393 115 2438 seco
126 2372 293 2461 procedit.
306 2371 404 2439 Unde
417 2371 460 2438 ad
477 2373 642 2440 visionem
656 2371 930 2439 intellectualem
943 2369 1011 2437 duo
1024 2368 1212 2459 requiram

47 2485 100 2544 tnr
113 2486 144 2546 et
165 2479 357 2547 sufficiunt:
376 2483 411 2564 c)
427 2503 469 2547 ex
485 2485 585 2568 parte
601 2479 739 2563 obiecti,
759 2485 799 2546 ut
815 2477 984 2545 obiectum
1009 2498 1076 2542 uon
1093 2475 1206 2543 solum

48 2585 180 2673 physice
199 2587 261 2655 sed
279 2587 570 2655 intellectualiter
586 2609 749 2676 praesens
766 2587 825 2670 sit,
847 2609 907 2654 seu
924 2584 1014 2675 quod
1032 2583 1123 2650 idem
1139 2588 1204 2666 est,

50 2701 81 2758 nt
96 2694 261 2764 obiectum
278 2696 315 2762 in
333 2717 368 2763 se
384 2701 465 2763 actu
483 2695 531 2762 sit
547 2694 716 2763 intuitive
733 2693 975 2784 cognoscibile;
997 2692 1029 2776 b)
1047 2713 1089 2758 ex
1105 2695 1205 2779 parte

49 2801 284 2888 cognoscentis,
303 2807 345 2869 ut
360 2801 455 2869 vires
478 2801 735 2872 intellectuales
758 2824 825 2868 non
850 2800 988 2892 quidem
1012 2799 1206 2888 ontologioe

49 2905 98 2972 sed
118 2907 228 2996 logice
243 2907 282 2974 in
300 2908 421 2976 ordine
445 2907 655 2996 cognitionis
672 2907 746 2975 sint
766 2906 1049 2996 proportionatae
1073 2905 1206 2973 obiecto

49 3009 200 3082 intuitive
226 3013 389 3082 videndo.
412 3013 498 3080 «Ad
514 3012 684 3081 visionem
707 3021 779 3080 tam
804 3011 1002 3081 sensibilem
1027 3033 1129 3102 quam
1153 3012 1205 3078 in-

49 3118 268 3189 tellectualem
292 3121 361 3189 duo
384 3122 626 3214 requiruntur,
653 3121 706 3189 ait
730 3121 766 3190 S.
783 3121 933 3189 Thomas
949 3121 980 3188 1.
998 3145 1030 3212 q.
1049 3119 1104 3187 12.
1121 3141 1153 3187 a.
1169 3121 1202 3204 2,

50 3226 166 3296 scilicet
197 3234 311 3294 virtus
346 3231 486 3310 cisino,
512 3237 546 3298 et
577 3232 659 3294 unio
687 3233 740 3296 rei
770 3233 864 3295 visae
891 3254 962 3295 cam
989 3231 1075 3295 visu.
1105 3255 1121 3289 n
1151 3227 1205 3294 Ex

50 3341 179 3427 unaque
210 3336 269 3405 vel
292 3359 334 3403 ex
358 3337 533 3404 alterutra
567 3344 666 3426 parte
698 3344 908 3426 potestesse
932 3336 1110 3419 defectus,
1138 3359 1205 3424 quo

50 3439 108 3525 int,
125 3449 165 3510 ut
187 3443 360 3510 obiectum
384 3443 499 3511 videri
522 3450 682 3535 nequeat.
701 3443 759 3511 Sic
775 3444 812 3510 in
830 3443 1055 3511 sensibilibus
1079 3465 1204 3532 corpus

50 3555 144 3632 potest
165 3571 239 3617 esse
255 3549 293 3616 in
310 3571 345 3618 se
363 3549 515 3634 visibile,
535 3557 649 3640 potest
664 3551 770 3620 etiem
786 3573 860 3618 esse
877 3550 1024 3640 physice
1041 3571 1205 3640 praesens

50 3655 130 3722 oculo
145 3657 332 3725 sufficienti
345 3659 479 3727 virtute
491 3657 535 3726 ad
553 3657 740 3726 videndum
753 3657 940 3746 instruct03
956 3657 1015 3725 sed
1028 3657 1098 3725 nisi
1115 3655 1204 3723 obie-

50 3767 127 3828 ctum
141 3763 371 3850 illuminetur,
384 3788 452 3833 non
467 3771 520 3833 est
533 3771 643 3854 cpticc
659 3789 720 3834 seu
737 3766 926 3832 visibiliter
935 3789 1095 3853 praesens
1111 3763 1205 3828 oculo

51 3887 99 3936 nec
113 3872 249 3940 visibile
272 3879 367 3941 actu.
383 3873 549 3942 Vicissim
566 3873 618 3940 sol
641 3878 697 3941 est
714 3872 751 3939 in
767 3895 803 3941 sa
819 3871 985 3956 visibilis,
1000 3876 1115 3961 potest
1131 3892 1204 3938 esse

102 4138 138 4211 (1)
148 4145 198 4200 Tur
212 4147 290 4210 δοξαν
304 4164 393 4215 rupino
408 4141 642 4217 κατοπτριζομενοι
654 4146 777 4211 ploricm
788 4145 906 4196 Domini
916 4146 1087 4210 speculantes
1098 4139 1203 4215 (2.001.

54 4225 96 4280 111.
110 4228 161 4302 18.)
174 4237 324 4301 utramque
344 4232 435 4286 ideam
454 4234 589 4298 includit,
604 4233 678 4302 quod
697 4239 726 4288 et
745 4235 864 4300 gloriam
877 4235 907 4286 in
921 4235 1035 4301 speculo
1048 4234 1202 4298 intuamur,

55 4321 77 4366 st
91 4320 120 4371 ab
137 4337 167 4376 ca
185 4325 280 4389 gloria
298 4325 358 4391 ipsi
378 4323 532 4378 formamur
546 4325 576 4375 in
590 4325 745 4390 speculum,
761 4326 942 4392 speculantes
957 4325 1050 4376 lumen
1064 4323 1122 4390 ipsi
1136 4339 1202 4376 cvs-

56 4403 130 4460 dinus
148 4415 288 4478 speculum
308 4414 515 4466 illuminatum.
