3360 5060
916 440 953 452 -
974 405 1035 466 678
1055 435 1093 448 ..

418 535 486 579 uno
510 517 620 602 patre,
640 535 681 580 ex
699 535 769 580 una
786 517 908 596 matre,
926 511 1041 580 eodem
1057 515 1209 596 tempore
1225 505 1396 593 concepti:
1415 502 1493 570 iure
1506 523 1578 590 ergo

417 617 602 708 sanguinis
613 617 716 686 Iacob
732 618 830 685 nullo
847 619 944 686 modo
961 617 1074 707 potior
1090 620 1145 684 est
1161 615 1273 683 fratre
1289 633 1352 679 sno
1363 611 1475 694 Esau3
1489 609 1579 675 immo

417 725 475 794 bic
498 733 584 794 natu
609 725 718 792 maior
740 726 777 792 in
801 725 1059 794 existimatione
1082 722 1260 788 hominum
1284 726 1320 786 et
1343 719 1459 808 ipsius
1474 717 1579 783 Iacobi
1661 737 1662 806 ι

417 835 486 920 (cf.
501 834 588 903 Gen.
604 833 718 902 XXV.
733 833 815 918 31.)
842 856 883 902 ao
907 833 1020 922 patris
1042 832 1141 898 Isaac
1165 831 1234 914 (of.
1255 827 1342 895 Gan.
1357 824 1579 906 XXVII.)vi-

416 942 521 1010 datur
544 941 692 1031 potioris
718 963 792 1008 esse
815 941 917 1008 iuris.
942 939 1181 1008 Nihilominus
1205 937 1300 1003 Dens
1323 933 1476 1001 assumit
1491 931 1581 998 laceb

416 1049 460 1116 ad
484 1049 692 1139 dignitatem
717 1050 938 1140 patriarchae
963 1047 1082 1139 populi
1105 1045 1211 1114 electi
1223 1096 1230 1129 ,
1244 1053 1280 1111 et
1295 1043 1391 1110 Esau
1410 1063 1480 1108 non
1497 1061 1582 1104 assu·

418 1155 493 1224 mit.
519 1157 627 1224 Porro
649 1156 734 1225 baec
750 1157 910 1246 dignitas
925 1155 1049 1222 Iacobo
1065 1153 1194 1221 collata
1211 1159 1265 1218 est
1283 1157 1319 1217 et
1332 1148 1434 1216 Esau
1450 1151 1581 1234 negata,

417 1287 493 1331 cum
518 1263 632 1332 adbuc
662 1270 778 1332 essent
807 1265 843 1330 in
875 1269 976 1332 utero
999 1262 1140 1346 matris;
1167 1267 1243 1329 tum
1266 1259 1355 1326 enim
1380 1257 1517 1325 dictum
1537 1261 1582 1320 est
1662 1281 1663 1294 ¹

416 1369 533 1436 matri:
555 1399 571 1432 ι
589 1370 678 1437 dnae
702 1375 824 1458 gentes
847 1375 931 1436 sunt
953 1369 990 1436 in
1014 1377 1114 1435 utero
1136 1373 1219 1448 tuo,
1251 1371 1288 1432 et
1310 1365 1379 1432 duo
1404 1361 1582 1452 populien

415 1483 538 1544 ventre
559 1483 622 1545 tuo
646 1477 870 1558 dividentur,
905 1475 1120 1566 populusque
1151 1471 1315 1563 populum
1345 1467 1529 1560 superabit
1554 1475 1583 1530 et

416 1584 524 1650 maior
540 1583 671 1652 serviet
688 1584 813 1650 minori
833 1611 849 1644 n
868 1583 1038 1672 (populns
1055 1587 1337 1671 repraesentatus
1352 1579 1389 1646 in
1408 1583 1512 1667 patre
1529 1593 1584 1640 suo

414 1692 501 1756 natu
526 1687 649 1756 maiori
673 1687 804 1755 serviet
826 1687 951 1777 populo
975 1695 1235 1776 repraesentato
1251 1685 1288 1751 in
1306 1691 1408 1773 patre
1425 1705 1490 1749 sno
1506 1685 1582 1748 natu

415 1794 569 1878 minori).

483 1901 583 1983 Quod
599 1902 735 1992 quidem
748 1902 927 1970 oraculum
943 1903 1090 1968 relatam
1102 1899 1148 1967 od
1161 1916 1277 1989 pentes
1286 1901 1439 1988 faceo-cs
1452 1905 1506 1968 est
1517 1919 1582 1987 pm-

415 2008 610 2100 pbcticum;
633 2009 709 2076 ideo
725 2009 915 2098 Apostolus
931 2009 1051 2077 subdit
1067 2009 1231 2076 continuo
1247 2007 1494 2097 promissionis
1506 2029 1583 2073 oom-

416 2115 625 2206 plumentum
649 2137 691 2182 ax
716 2115 877 2184 historia:
899 2145 914 2178 ιι
933 2115 1026 2182 siout
1048 2115 1218 2204 scriptum
1242 2123 1297 2182 est
1324 2113 1435 2200 (blal.
1458 2114 1488 2179 Ι.
1509 2113 1580 2194 a),

415 2223 518 2292 Iacob
547 2223 672 2308 dilexi,
697 2222 792 2290 Esau
816 2231 930 2291 autem
957 2223 1034 2290 odio
1058 2223 1177 2291 habui.
1200 2223 1328 2290 nDeus
1351 2222 1448 2312 apud
1483 2219 1579 2288 Mala·

416 2329 530 2398 chiam
554 2330 589 2396 b.
608 2329 634 2397 l.
654 2331 841 2420 exprobrat
857 2331 983 2420 populo
1007 2329 1117 2397 Israel
1135 2329 1313 2412 beneficia,
1332 2331 1465 2420 quibus
1479 2327 1578 2417 ipsum

416 2437 612 2506 cumulavit
634 2461 716 2528 prae
740 2438 916 2506 idumaeis
939 2437 1088 2528 posteris
1110 2437 1227 2520 Esau,
1260 2437 1470 2505 nominatim
1502 2433 1579 2526 quod

415 2547 527 2638 ipsum
553 2546 639 2616 licet
660 2547 839 2636 ingratum
864 2549 906 2614 ab
929 2547 1036 2615 exilio
1058 2547 1185 2615 iterum
1210 2546 1384 2630 restituit,
1410 2547 1494 2614 dnm
1510 2544 1578 2610 Idu·

415 2675 512 2722 masa
535 2652 649 2722 adbuc
673 2653 810 2721 iacebat
825 2661 977 2736 vastata,
992 2658 1028 2722 et
1044 2653 1199 2722 Idumaei
1217 2654 1259 2722 ob
1275 2661 1420 2742 peccata
1437 2675 1504 2720 sna
1517 2673 1578 2741 per·

414 2769 518 2852 petuo
541 2761 745 2830 exterminio
762 2761 880 2829 devoti
894 2767 1006 2829 erant.
1028 2791 1044 2824 ιι
1062 2761 1180 2830 Dilexi
1204 2783 1278 2845 vos,
1296 2761 1388 2828 dicit
1406 2761 1576 2838 Dominum

414 2874 451 2937 ct
473 2867 628 2936 dixistis:
655 2869 691 2936 in
715 2890 782 2958 quo
806 2867 964 2937 dilexisti
988 2869 1075 2936 nos?
1099 2869 1219 2938 Nonne
1243 2869 1358 2936 frater
1389 2875 1470 2938 erat
1495 2867 1577 2934 Esau

414 2975 545 3045 Iacob?
569 2975 617 3042 Et
640 2974 748 3042 dilexi
771 2975 886 3059 Iacob,
912 2975 1008 3044 Esau
1032 2983 1148 3045 autem
1172 2977 1250 3046 odio
1273 2977 1400 3060 habui,
1427 2983 1466 3045 et
1491 2973 1576 3065 posui

415 3089 548 3151 montes
564 3083 640 3150 eius
655 3083 692 3150 in
709 3081 974 3152 solitudinem...
993 3091 1030 3152 et
1045 3108 1109 3175 ego
1124 3085 1301 3153 destruam
1317 3091 1354 3152 et
1369 3087 1578 3153 vocabuntur

414 3189 558 3259 termini
581 3189 785 3280 impietatis,
802 3195 838 3258 et
854 3190 1002 3280 populus
1017 3191 1074 3260 cui
1091 3193 1205 3260 iratus
1220 3197 1275 3258 est
1290 3191 1461 3260 Dominus
1482 3209 1576 3280 usqne

415 3297 452 3366 in
465 3303 655 3366 aeternum.
675 3297 724 3364 Et
739 3297 831 3366 oculi
849 3299 959 3366 vestri
978 3297 1157 3382 videbunt,
1172 3305 1208 3367 et
1219 3322 1281 3366 vos
1296 3299 1438 3368 dicetis:
1457 3295 1575 3385 magni·

415 3405 540 3473 licetur
552 3403 774 3494 (magnificus
786 3409 853 3488 cst)
866 3403 917 3491 (1)
929 3405 1097 3472 Dominus
1113 3427 1218 3495 super
1233 3405 1423 3474 terminum
1440 3402 1572 3472 Israel.-¹

483 3511 609 3578 Relato
631 3525 743 3577 ccccm
766 3511 811 3577 ad
834 3516 925 3600 ipsos
949 3511 1089 3578 duorum
1109 3514 1313 3602 populorum
1333 3529 1456 3602 patres
1483 3511 1574 3578 verbu

414 3615 480 3684 illa
502 3616 599 3685 dicta
620 3617 804 3685 Rebeccae:
822 3647 838 3680 ι
856 3617 944 3686 duae
960 3627 1081 3708 gentes
1104 3621 1141 3687 in
1166 3625 1265 3688 utero
1288 3627 1393 3687 tuo...
1419 3625 1457 3688 et
1478 3620 1573 3684 molor

415 3727 538 3792 saciet
560 3727 700 3805 minori,
716 3750 732 3786 n
746 3723 815 3792 iam
829 3725 1009 3796 continent
1020 3729 1264 3794 assecutionem
1284 3728 1461 3794 electionis
1472 3735 1505 3794 ot
1516 3723 1571 3792 col·

413 3833 578 3902 lationem
602 3831 790 3922 dignitatis
813 3833 1035 3922 adimpletam
1061 3834 1122 3902 uni
1139 3855 1221 3924 pras
1237 3835 1361 3903 altero.
1380 3835 1480 3904 Unde
1494 3831 1570 3900 Pau·

414 3939 471 4008 lus
483 3939 639 4030 appellat
650 3937 698 4022 id,
713 3939 804 4030 quod
819 3941 923 4007 verbo
936 3939 999 4008 illo
1011 3939 1150 4008 Domini
1167 3941 1359 4026 statuitur,
1380 3941 1568 4008 occationem

413 4045 517 4115 hcob
540 4051 580 4134 (ιι
594 4069 635 4114 ex
660 4061 799 4114 vocante
821 4046 953 4115 dictum
976 4053 1031 4114 cst
1053 4047 1085 4115 ci
1098 4075 1114 4110 n
1128 4051 1153 4134 )‚
1172 4071 1260 4140 quac
1276 4049 1408 4118 locutio
1423 4049 1460 4116 in
1474 4047 1516 4116 N.
1532 4043 1565 4110 Τ.

412 4151 619 4242 pracsertim
631 4151 667 4218 in
683 4175 759 4243 epp.
778 4153 882 4220 Pauli
898 4153 1183 4246 frequentissima
1198 4155 1386 4223 adhibetur
1401 4175 1564 4245 sampson
1665 4149 1666 4182 l

414 4257 455 4327 ds
479 4257 804 4347 praedestinatione,
823 4267 864 4330 ut
887 4267 1066 4352 spectatur
1081 4263 1118 4330 in
1135 4263 1356 4350 aeternitate
1375 4263 1435 4332 sed
1451 4279 1566 4349 semper

480 4493 521 4566 (1)
543 4483 629 4592 pipp
652 4469 735 4594 ὄζῳ
766 4499 852 4551 axx.
874 4495 1047 4570 εμιγιλιιθι
1067 4517 1158 4568 cupos.

1664 4331 1666 4436 l
