3394 5056
919 374 954 384 -
976 341 1014 399 53
1041 373 1075 384 -

410 471 477 516 nou
501 449 627 530 obstat,
646 445 829 537 quominus
853 444 983 513 lumine
1007 445 1155 512 rationis
1178 446 1270 513 citra
1286 444 1376 534 legis
1399 444 1590 512 revelatio-

409 577 486 624 nem
508 552 708 643 intelligere
732 551 911 641 potuerint
932 551 1043 641 legem
1079 552 1295 634 naturalem,
1322 535 1388 619 non
1419 574 1495 620 esse
1528 551 1590 618 lu-

410 661 569 746 rendum‚
592 683 660 728 non
683 659 928 728 moechandum
945 667 1026 742 etc.¹
1046 681 1133 750 quae
1157 665 1241 728 snut
1262 657 1419 748 exempla
1442 660 1486 725 ab
1510 659 1592 748 ipso

411 767 579 859 Apostolo
606 767 732 858 posita.

477 874 561 944 Cum
586 875 698 965 prima
720 874 839 963 itaque
869 897 912 942 ex
944 873 1134 963 propositis
1157 875 1439 966 quaestionibus,
1465 881 1591 941 utrum

411 985 546 1054 nomine
570 981 726 1073 gentium
751 1004 839 1074 quac
862 980 973 1070 legem
996 1003 1064 1048 non
1094 979 1244 1064 habent,
1279 981 1316 1048 iu
1350 987 1449 1049 textu
1481 979 1593 1048 Pauli

412 1090 567 1181 intelligi
582 1092 731 1160 debeant
747 1089 813 1158 soli
837 1087 967 1168 fideles,
986 1111 1031 1154 an
1048 1087 1294 1178 significentur
1318 1088 1373 1156 sin
1392 1088 1508 1156 minus
1520 1086 1591 1155 soli

411 1199 534 1268 saltem
565 1199 697 1267 directe
726 1204 763 1265 et
792 1195 975 1286 praecipue
1006 1195 1184 1280 infideles,
1217 1203 1469 1265 connectuntur
1501 1194 1592 1263 illae

412 1307 503 1376 aliae
526 1307 614 1375 duae
630 1329 698 1374 uon
722 1326 843 1395 parum
867 1303 959 1372 inter
976 1327 1011 1370 se
1026 1304 1199 1372 diversae:
1225 1305 1333 1394 prior,
1360 1311 1477 1372 utrum
1493 1303 1591 1394 apud

413 1415 559 1483 Paulum
572 1436 683 1482 sermo
695 1413 744 1479 sit
760 1413 802 1480 de
819 1411 959 1480 actibus
971 1411 1195 1480 naturalibus
1212 1411 1326 1480 ethice
1345 1411 1442 1479 bonis
1456 1411 1591 1502 absque

413 1521 550 1611 gratiae
572 1518 707 1588 auxilio
730 1517 848 1601 factis,
863 1522 968 1610 atque
991 1519 1045 1586 ite
1068 1517 1325 1586 demonstretur
1347 1542 1389 1586 cx
1417 1517 1592 1608 Apostolo

414 1629 505 1698 falsa
528 1627 717 1718 propositio
741 1625 1129 1694 summasunmna
1153 1649 1256 1715 opera
1284 1625 1478 1695 infidelium
1503 1635 1592 1692 suut

413 1745 578 1828 peccata,
610 1743 646 1804 et
680 1733 960 1824 philosophorum
1000 1733 1154 1802 virtutes
1197 1741 1282 1801 suut
1318 1734 1420 1802 vitia.
1453 1761 1468 1794 n
1504 1731 1587 1820 (Ol.

414 1867 567 1936 proposs.
601 1841 682 1910 Baii
721 1841 777 1910 27.
803 1841 859 1909 28.
885 1839 940 1908 29.
968 1840 1023 1906 30.
1051 1839 1105 1907 37.
1134 1841 1189 1908 61.
1217 1841 1284 1926 62;
1312 1840 1494 1923 Quesnelli
1529 1839 1585 1906 39.

412 1954 469 2022 40.
490 1953 554 2038 413
579 1949 845 2020 Pistoriensium
877 1971 911 2014 n.
936 1947 992 2014 24.
1021 1947 1056 2013 in
1089 1947 1195 2014 Bulla
1224 1949 1413 2018 Auctorem
1448 1947 1588 2032 Fidei).

413 2059 579 2144 Quaestio
609 2079 763 2126 connexa
797 2055 911 2122 altera
950 2063 1029 2138 est,
1068 2059 1186 2122 utrum
1222 2055 1461 2124 manifestatio
1497 2054 1591 2144 legis

413 2165 610 2246 naturalis,
636 2163 678 2231 dc
713 2183 781 2252 qna
816 2182 926 2228 sermo
960 2168 1037 2244 est,
1066 2159 1206 2229 dicatur
1233 2163 1277 2228 ab
1309 2160 1477 2252 Apostolo
1513 2183 1593 2228 esse

413 2297 474 2364 per
496 2273 611 2341 lumen
635 2269 784 2338 rationis
807 2269 936 2360 absque
960 2267 1114 2357 positiva
1136 2269 1336 2338 extrinseca
1370 2269 1592 2338 revelatione

413 2381 525 2472 ipsius
548 2378 651 2470 legis,
676 2385 780 2471 atque
804 2377 888 2446 adeo
910 2400 952 2444 ex
978 2377 1095 2446 verbis
1118 2377 1221 2446 Pauli
1236 2379 1290 2446 vis
1303 2379 1452 2447 rationis
1464 2377 1590 2446 huma·

413 2511 477 2558 uae
499 2490 755 2559 demonstretur
778 2485 899 2578 aliqua
922 2507 1009 2576 qnae
1031 2487 1119 2576 lepis
1136 2500 1229 2566 aunt,
1247 2486 1488 2576 cognoscendi,
1504 2487 1592 2578 quin

414 2621 499 2688 opus
523 2597 582 2682 sit,
601 2603 643 2664 ut
657 2619 699 2664 ex
723 2593 935 2662 revelatione
959 2593 1190 2663 innotescant.
1217 2596 1425 2682 Anonymus
1437 2594 1594 2684 scriptor

413 2707 526 2797 Belga
547 2705 709 2797 superius
732 2710 1027 2788 commemoratus,
1054 2705 1114 2797 qui
1138 2713 1292 2773 nostram
1317 2703 1515 2773 doctrinam
1527 2703 1592 2772 im-

413 2814 636 2907 pugnandam
660 2813 826 2903 suscepit,
845 2811 908 2878 has
931 2815 1047 2880 ambas
1071 2813 1290 2904 quaestiones
1305 2809 1521 2880 confundens
1537 2811 1591 2877 al-

412 2921 579 3004 lirmavit,
606 2943 721 2989 omncs
746 2921 866 2988 Patres
888 2927 925 2988 ct
947 2919 1128 3010 theologos
1151 2923 1194 2988 ab
1218 2919 1318 2988 Estio
1334 2920 1464 2988 citatos
1479 2918 1590 2986 inter-

415 3030 547 3121 pretari
572 3027 678 3096 verba
697 3027 800 3096 Pauli
812 3027 854 3096 de
867 3027 951 3096 solis
967 3026 1176 3096 fidelibuset
1187 3025 1425 3096 contradicere
1448 3031 1593 3094 nostrae

413 3135 698 3228 interpretationi
720 3141 840 3204 textus
864 3134 1017 3218 Paulini,
1044 3158 1114 3228 qna
1130 3135 1369 3205 contendimus
1397 3155 1590 3202 sermonem

415 3243 576 3336 Apostoli
599 3265 673 3312 esse
696 3243 751 3310 sin
775 3242 889 3311 minus
913 3243 1013 3311 unice
1037 3243 1162 3312 saltem
1190 3243 1321 3313 directe
1344 3249 1381 3310 et
1404 3241 1591 3331 praecipue

415 3354 457 3422 de
479 3349 680 3420 infidelibus
702 3355 739 3417 et
761 3349 803 3418 de
834 3347 999 3418 rationali
1030 3351 1229 3441 cognitione
1264 3350 1354 3439 legis
1389 3347 1589 3433 naturalis;

416 3461 505 3528 hanc
527 3458 654 3550 quippe
676 3459 903 3544 seutentiam,
928 3459 1044 3526 aiebat
1065 3458 1146 3542 ille,
1172 3457 1284 3526 solum
1311 3487 1327 3521 a
1345 3455 1531 3525 nonnullos
1553 3463 1591 3523 et

416 3567 508 3634 iuter
530 3587 589 3632 eos
611 3563 816 3632 Caietauum
834 3590 850 3624 n
870 3569 1034 3654 patronos
1057 3563 1196 3632 habere.

481 3671 618 3741 Omissa
640 3671 861 3763 quaestione,
880 3694 966 3765 quac
989 3673 1032 3740 ad
1057 3672 1166 3742 alium
1198 3673 1311 3742 locum
1345 3671 1521 3762 pertinet,
1548 3669 1591 3737 de

416 3779 534 3869 gratia
555 3779 717 3863 iuterna,
743 3779 910 3870 quomodo
945 3779 994 3848 sit
1029 3781 1224 3850 necessaria
1247 3779 1290 3846 ad
1315 3776 1590 3847 observationem

413 3885 505 3976 legis
528 3885 704 3955 naturalis
726 3892 762 3955 et
785 3886 829 3954 ad
852 3893 953 3956 actua
968 3885 1083 3956 ethice
1100 3888 1216 3972 bonos,
1235 3887 1305 3956 duo
1321 3885 1588 3978 praestabimus.

417 3993 532 4061 Primo
556 3993 668 4086 quoad
691 3992 1015 4084 interpretationem
1050 4001 1169 4062 textus
1193 3993 1337 4062 Paulini
1362 3992 1403 4062 de
1426 3991 1592 4082 gentibue

417 4099 615 4169 infidelibus
637 4107 674 4169 et
696 4100 738 4169 de
761 4101 926 4169 rationali
963 4101 1160 4190 cognitione
1196 4101 1286 4191 legis
1317 4099 1591 4168 examinabimus

417 4209 610 4278 doctrinam
633 4209 776 4278 Petrum
792 4231 833 4277 ac
845 4209 1085 4300 theologorum
1110 4211 1256 4278 maxime
1279 4209 1433 4292 illorum,
1448 4208 1492 4276 ed
1505 4229 1590 4301 quos

417 4357 446 4409 Β.
457 4355 528 4409 diet.
541 4355 586 4409 25.
599 4371 628 4424 q.
639 4357 666 4409 8.
677 4373 705 4410 a.
715 4357 741 4408 8.
754 4359 808 4410 acl.
822 4359 848 4410 t.
859 4356 895 4412 ad
910 4358 943 4424 8;
966 4356 995 4410 8.
1006 4357 1167 4411 Bouavcut.
1183 4359 1209 4410 Β.
1222 4357 1292 4410 diat.
1306 4356 1349 4408 tt.
1361 4373 1388 4412 a.
1399 4357 1424 4409 1.
1437 4371 1464 4421 q.
1475 4356 1505 4420 ²5
1525 4355 1588 4407 Ale-

420 4445 529 4498 xander
547 4445 613 4496 Hal.
626 4445 696 4497 1’.8.
709 4461 738 4512 q.
752 4445 797 4500 89.
809 4461 845 4498 n.
857 4445 885 4498 8.
900 4461 926 4498 a.
943 4447 969 4497 1.
983 4450 1038 4502 eto.
