3262 5076
899 393 938 408 ..
960 361 1020 422 490
1040 393 1078 406 -

412 491 522 558 genus
538 468 726 536 humanum
743 475 779 536 et
794 468 839 536 ad
855 489 971 534 omnes
986 467 1125 534 omnino
1148 465 1322 532 humanae
1345 471 1492 532 naturae
1507 486 1575 553 par-
1625 547 1626 552 ἵ

410 577 546 666 ticipes.
573 575 627 643 cf.
654 574 841 643 Laurentii
862 572 1029 642 Alticotii
1051 571 1342 639 Dissertationem
1367 571 1409 638 de
1431 572 1578 661 antiquis

410 690 447 752 et
467 683 571 750 novis
594 679 822 750 Manichaeis.

477 791 646 858 Remanet
662 792 817 880 procreatio
836 789 961 866 altero,
979 787 1096 880 qualis
1120 788 1169 855 sit
1192 787 1278 856 haec
1295 786 1579 855 universalisllti
1625 837 1626 842 η

411 897 593 967 voluntas?
617 897 790 964 Voluntas
813 895 855 964 de
879 919 949 986 qua
963 894 1156 985 Apostolus
1171 894 1343 986 loquitur,
1358 894 1476 986 quoad
1492 915 1579 960 suan
1625 941 1626 948 κ

411 1007 585 1097 propriam
610 1005 779 1072 rationem
803 1025 870 1070 nou
895 1011 948 1072 est
972 1003 1084 1070 solum
1106 1003 1358 1092 complacentia
1378 1003 1418 1069 in
1435 1003 1580 1070 bonitate
1614 1016 1626 1088 ¹,

410 1114 547 1196 obiecti,
566 1112 759 1182 cuiusmodi
784 1120 838 1179 ast
861 1111 898 1178 in
923 1112 1049 1201 quovis
1074 1112 1160 1178 bono
1183 1112 1289 1178 etiam
1306 1131 1397 1178 mere
1414 1108 1579 1198 pomibili3
1624 1161 1626 1198 3

410 1222 469 1290 sed
494 1220 660 1288 voluntas
683 1227 750 1302 est,
777 1225 818 1286 ut
841 1222 970 1286 mistae
994 1217 1091 1286 salus
1115 1219 1269 1286 omnium
1294 1219 1580 1304 hominum31icet
1625 1266 1626 1304 3

410 1351 477 1396 non
504 1327 661 1396 absolute
691 1326 780 1395 velit
803 1327 931 1394 salutis
954 1325 1190 1409 existentiam,
1215 1325 1275 1394 aed
1299 1326 1364 1392 sub
1387 1327 1581 1394 conditione
1625 1379 1626 1412 ,

410 1435 579 1526 pendente
603 1435 709 1503 etiam
732 1455 754 1500 a
778 1433 1020 1522 cooperatione
1043 1433 1234 1500 bominum:
1259 1441 1296 1502 et
1319 1433 1396 1500 ideo
1419 1455 1466 1500 ex
1490 1444 1581 1520 parte
1625 1484 1626 1498 ,

409 1543 473 1611 Dei
496 1551 551 1610 eat
577 1541 742 1608 voluntas
771 1549 915 1610 actuosa
938 1549 975 1609 et
996 1541 1189 1629 operatrix.
1214 1541 1302 1608 Nam
1326 1547 1364 1626 c)
1387 1543 1433 1607 ob
1458 1540 1580 1628 simpli·
1625 1593 1626 1630 ss

409 1673 480 1718 cem
505 1649 603 1716 illam
627 1649 912 1738 complacentiam
937 1647 1028 1715 nibil
1052 1653 1251 1738 operantem
1274 1647 1370 1714 Deus
1398 1669 1581 1740 numquam
1611 1710 1621 1739 ι

408 1757 540 1825 dicitur
563 1757 599 1824 in
625 1755 823 1846 Scripturia
838 1779 900 1824 nec
916 1756 987 1824 dici
1004 1765 1118 1845 potest
1134 1755 1225 1824 velle
1245 1755 1395 1822 salutem
1420 1755 1580 1823 alicuius.

408 1865 498 1946 Quis
524 1863 616 1932 enim
639 1863 745 1946 dicat,
771 1871 807 1931 et
831 1864 909 1954 quis
933 1869 1004 1929 tam
1029 1863 1140 1946 serio,
1168 1872 1241 1931 tam
1265 1865 1493 1953 frequenter,
1520 1871 1580 1928 tam

408 1971 558 2040 sollicita
578 1970 743 2054 inculcet,
761 1973 869 2039 Deum
895 1971 986 2039 velle
1011 1972 1162 2039 salutem
1185 1995 1316 2053 eorum,
1334 1971 1396 2061 qui
1414 1972 1488 2038 iam
1509 1979 1580 2036 sunt
1625 2025 1626 2030 ,

407 2081 444 2148 in
467 2087 610 2148 aeterna
625 2079 858 2164 damnatione,
877 2081 972 2148 sicut
996 2079 1155 2148 videmus
1178 2101 1200 2145 a
1222 2078 1364 2146 Christo
1379 2084 1418 2146 et
1435 2079 1484 2145 ab
1499 2079 1579 2166 Apo
1625 2135 1626 2172 ,

407 2186 508 2255 stolis
538 2186 650 2275 repeti
673 2194 710 2252 et
732 2187 983 2269 commendari,
1018 2187 1127 2254 Deum
1161 2185 1251 2254 velle
1282 2209 1400 2254 omnes
1431 2185 1580 2252 homiues
1625 2241 1626 2274 3

407 2294 524 2362 salvos
546 2293 637 2361 lieri.
672 2293 827 2382 Simplex
861 2303 976 2361 autem
1006 2293 1070 2360 illa
1094 2293 1344 2384 complacentia
1367 2294 1405 2360 in
1433 2293 1578 2361 bonitate
1625 2351 1626 2354 ,

406 2401 532 2470 obiecti
555 2409 610 2468 est
632 2402 738 2468 etiam
763 2402 857 2470 circa
881 2401 1030 2468 salutem
1054 2400 1296 2469 damnatorum
1320 2407 1357 2470 et
1379 2401 1501 2490 ipsine
1516 2400 1578 2466 dia·

406 2509 489 2576 boli.
517 2509 549 2593 b)
574 2509 706 2576 Paulus
737 2531 804 2576 uon
829 2507 1037 2598 simpliciter
1060 2509 1149 2577 dicit
1170 2509 1281 2578 Deum
1314 2507 1406 2577 velle
1439 2509 1578 2576 salutem
1610 2558 1626 2605 Ξ,

405 2614 580 2697 omnium,
610 2615 669 2682 scd
697 2615 828 2683 diserte
861 2615 1046 2697 enuntiat,
1079 2617 1249 2683 obiectum
1275 2616 1312 2682 in
1344 2616 1441 2706 quod
1472 2619 1578 2684 fertur
1612 2677 1626 2713 1,

404 2723 526 2790 diviua
550 2723 727 2806 voluntas,
752 2745 827 2790 esse
851 2725 1070 2788 existentiam
1093 2723 1232 2788 saleru.-
1252 2753 1268 2786 κ
1294 2721 1513 2791 vultomnes
1528 2722 1576 2788 ho
1624 2709 1626 2794 ]

405 2829 513 2897 mines
527 2830 742 2918 salvorfieri,
760 2835 796 2896 et
809 2829 854 2896 ad
866 2829 1079 2918 agnitionem
1093 2830 1258 2898 veritatis
1271 2833 1385 2896 venire
1395 2858 1412 2890 ι
1433 2829 1576 2916 (σωθῆναι

404 2961 454 3000 και
478 2939 517 3010 ὲις
542 2939 697 3023 impactam
724 2933 873 3008 ἀληθειας
893 2933 1022 3021 filsea).
1050 2942 1080 3020 c)
1103 2935 1291 3018 VoluntaS,
1311 2944 1353 3004 ut
1370 2961 1494 3006 omnes
1509 2959 1574 3026 per-

405 3045 549 3112 veniant
572 3045 616 3112 ad
640 3045 740 3112 fidem
765 3050 801 3112 ct
824 3069 885 3134 per
909 3028 1010 3112 fidein
1034 3045 1077 3112 ad
1102 3045 1262 3128 salutem,
1288 3045 1376 3112 talis
1397 3053 1469 3130 est,
1489 3055 1575 3114 uter
1625 3107 1626 3110 ,

402 3173 443 3219 ea
466 3151 650 3220 voluntate
675 3151 763 3220 velit
786 3153 879 3220 Deus
912 3151 1030 3220 «deri
1054 3151 1231 3220 orationes
1253 3175 1316 3242 pro
1339 3154 1504 3222 omnibus
1525 3153 1574 3218 ho
1625 3215 1626 3220 ,

404 3259 577 3340 minibus,
604 3287 620 3318 n
650 3267 686 3328 et
713 3259 805 3350 quod
828 3259 931 3348 longe
960 3260 1073 3327 maius
1099 3267 1173 3343 est,
1202 3265 1243 3327 ut
1265 3283 1306 3328 ex
1330 3282 1372 3328 ea
1398 3261 1574 3328 voluntate
1625 3325 1626 3330 ,

402 3365 565 3434 Christus
594 3369 710 3435 factus
733 3367 781 3435 sit
804 3367 974 3435 mediator
996 3367 1159 3450 omnium,
1185 3375 1222 3435 et
1239 3397 1255 3430 a
1272 3369 1346 3457 ipse
1369 3369 1510 3438 dederit
1531 3391 1573 3435 se-

403 3475 587 3563 metipsum
612 3475 881 3562 redemptionsm
925 3470 1106 3562 mrrlorpcal
1126 3497 1188 3564 pro
1212 3476 1382 3544 omnibns.
1397 3504 1413 3536 a
1431 3477 1572 3564 Estigi·
1625 3464 1626 3469 ἵ

401 3589 463 3650 tur
486 3581 560 3650 aine
585 3581 658 3648 ullo
681 3581 787 3649 dubio
811 3581 897 3650 baec
921 3603 1023 3672 quam
1047 3581 1180 3649 Paulus
1203 3581 1391 3666 describit,
1414 3585 1572 3652 voluntas

402 3687 467 3756 Dei
492 3688 630 3777 proprie
655 3687 762 3770 dicta,
781 3695 822 3756 ut
836 3711 952 3756 omnes
968 3688 1123 3756 homines
1147 3689 1240 3756 salvi
1263 3688 1362 3772 fiant,
1380 3699 1490 3782 atque
1504 3690 1571 3756 ideo
1625 3757 1626 3764 ,

403 3796 567 3866 voluntas
583 3796 785 3865 conferendi
806 3796 965 3864 omnibus
989 3797 1186 3864 hominibus
1209 3819 1250 3864 ex
1276 3804 1375 3885 parta
1393 3819 1471 3881 sua,
1489 3795 1569 3887 quod

400 3903 444 3971 ad
467 3903 719 3992 assequendam
744 3903 893 3970 salutem
917 3905 1152 3972 necessarium
1175 3913 1241 3970 est.
1266 3903 1315 3970 Ut
1337 3910 1456 3972 tamen
1483 3901 1570 3970 sulus
1625 3877 1626 3922 ³

400 4017 482 4077 actu
507 4010 732 4092 obtineatur,
766 4010 869 4077 etiam
898 4032 940 4078 ex
969 4017 1067 4098 parte
1097 4010 1274 4076 bominum
1300 4011 1498 4078 necessaria
1521 4018 1569 4076 est

401 4115 597 4205 cooperatio
628 4114 740 4183 libera
763 4117 821 4203 (de
842 4115 978 4184 adultis
1000 4117 1091 4184 enim
1115 4139 1208 4185 nunc
1231 4117 1441 4206 loquimur),
1473 4123 1568 4206 atque

400 4223 476 4292 ideo
501 4223 666 4291 voluntas
691 4224 769 4307 Dei,
795 4231 837 4292 ut
860 4223 958 4290 salus
981 4225 1133 4290 omnium
1158 4223 1335 4291 bominum
1356 4231 1439 4293 actu
1461 4225 1565 4292 conte

400 4336 513 4414 ratur,
539 4335 593 4398 est
608 4329 850 4398 conditionata
864 4335 901 4398 et
916 4331 1136 4398 antecedens.

466 4437 512 4504 2‘.
539 4435 709 4517 Quoniam
729 4437 831 4504 iuxta
845 4435 1059 4505 declaratam
1083 4435 1246 4526 Apostoli
1269 4435 1461 4504 doctrinam
1479 4455 1562 4502 ceco
