3280 5070
558 381 595 394 -
615 348 674 408 551
697 379 735 394 ..

64 455 224 542 praem
246 454 384 539 meu)
399 451 491 519 circa
505 475 628 534 omnm,
653 455 716 543 qui
733 451 858 540 futuri
881 463 980 516 eram
1002 452 1090 516 cives
1112 449 1151 513 in
1167 447 1231 513 illo

66 583 168 650 repno
172 610 284 628 ........
309 565 429 650 estque
451 560 515 628 hoc
538 565 803 628 consentaneum
826 557 1033 648 perfectioni
1056 555 1156 623 illius
1179 577 1230 623 re·

66 668 139 757 gni,
157 671 195 733 in
212 692 278 758 qno
305 667 399 733 nibil
421 690 489 734 ecee
510 667 605 734 debet
626 670 699 734 nisi
725 690 766 734 ero
788 665 965 756 singulari
979 663 1231 751 (antecedente)

62 775 348 866 praedefinitione
370 775 522 842 divinae
540 776 589 844 ib.
604 799 634 845 c.
646 775 679 844 8.
701 799 735 844 n.
751 775 808 842 45.
834 772 904 842 Sed
926 773 958 842 si
979 795 1117 841 necesse
1141 771 1230 854 fuit,

67 889 106 950 nt
127 883 273 952 haberet
295 883 390 953 Deus
405 883 503 952 illam
519 883 775 953 antecedentem
799 881 993 970 absolutam
1008 880 1234 949 intentionem

66 995 158 1058 oireo
181 1013 292 1058 omnes
314 993 400 1058 cicer
422 991 523 1060 illiue
545 992 658 1080 regui,
683 997 721 1059 et
744 990 775 1058 si
799 989 892 1054 nibil
906 989 958 1054 ibi
973 987 1068 1054 debet
1083 987 1236 1054 cerenici

67 1122 107 1165 en
131 1099 202 1164 tali
227 1098 532 1188 praedefinitione,·
555 1100 711 1188 proiecto
742 1097 808 1166 hac
838 1097 917 1186 ipsa
946 1095 1234 1185 praedefinitione

66 1227 233 1274 numerus
255 1212 311 1274 est
333 1205 517 1274 conclusus
540 1206 613 1290 ita,
639 1211 680 1274 ut
702 1205 827 1274 nullus
849 1203 910 1296 qui
933 1226 999 1268 non
1023 1206 1074 1269 sic
1092 1200 1236 1292 praede·

67 1315 219 1380 rainatas
241 1335 303 1382 seu
325 1315 485 1404 nopatioe
506 1313 706 1402 reprobatae
730 1327 791 1395 oet,
815 1313 853 1379 iu
870 1311 972 1380 illum
988 1332 1167 1379 numerum
1183 1307 1235 1375 in-

68 1419 168 1508 gredi
192 1425 316 1510 queat;
335 1427 371 1488 et
386 1421 528 1511 proinde
542 1443 707 1490 numerus
727 1419 972 1489 antecedenter
987 1415 1237 1506 praedefinitus

68 1528 160 1595 sicut
182 1549 252 1594 nou
274 1527 406 1611 minui,
433 1527 485 1596 ita
507 1549 570 1597 nec
592 1527 717 1618 augeri
742 1533 867 1618 potest.
900 1524 1009 1595 Nullo
1031 1546 1115 1614 ergo
1137 1521 1236 1591 modo
1277 1527 1279 1530 ’

67 1632 272 1703 antecedens
295 1632 360 1700 illa
382 1634 577 1722 reprobatio
600 1636 765 1723 nepetino
787 1632 923 1722 concipi
945 1637 1070 1722 potest,
1096 1630 1181 1720 quin
1197 1651 1236 1698 eo

68 1743 141 1832 ipso
165 1741 393 1831 intelligatur
415 1765 581 1812 numerus
595 1741 843 1812 salvandorum
859 1739 1083 1809 antecedente
1098 1737 1164 1806 Dei
1179 1760 1237 1807 vc·

67 1847 208 1917 luntate
231 1847 285 1916 ita
299 1847 496 1933 conclusus,
514 1851 557 1917 ht
571 1849 695 1938 augeri
710 1870 779 1918 non
794 1847 917 1938 possit.
934 1847 1010 1916 Hoc
1025 1852 1142 1915 autem
1158 1866 1238 1934 eup-

68 1956 184 2045 posito
208 1955 339 2024 Suarea
369 1955 444 2045 ipse
474 1955 613 2045 cogitur
643 1941 773 2039 fateri,
800 1956 1017 2024 voluntatem
1045 1952 1238 2022 salvificam

69 2062 327 2134 antecedentem
348 2085 417 2131 non
439 2085 513 2133 esse
535 2063 783 2134 universalem.
807 2063 857 2132 Et
874 2085 956 2132 saue
979 2061 1069 2130 idem
1092 2065 1158 2144 eat,
1176 2059 1240 2127 uli·

69 2192 152 2262 quoe
177 2169 333 2239 homines
354 2192 423 2238 uon
446 2169 538 2240 velle
561 2171 846 2261 comprehendere
861 2169 900 2239 in
914 2191 1056 2239 numero
1080 2166 1240 2238 concluso

70 2276 331 2361 salvandorum,
357 2298 457 2368 quem
479 2277 600 2347 nullus
624 2277 694 2346 iam
708 2278 802 2346 alius
817 2277 957 2368 ingredi
973 2282 1098 2368 potest,
1117 2297 1158 2344 ac
1171 2296 1240 2342 non

70 2383 160 2454 velle
185 2383 326 2464 salvare
347 2407 405 2454 eos
427 2407 543 2454 omnes
565 2409 634 2455 non
657 2375 929 2476 comprehensos.
954 2387 1006 2453 At
1028 2384 1240 2453 demonstra·

71 2497 144 2559 tum
168 2491 389 2561 estanchia
412 2498 448 2562 et
471 2491 603 2562 Suarez
626 2493 701 2585 ipse
723 2492 748 2562 1.
764 2492 829 2562 IV.
848 2491 989 2582 egregie
1012 2491 1238 2573 demonstrat,

70 2597 183 2667 Deum
217 2598 440 2668 antecedente
475 2599 611 2669 sincera
644 2599 827 2671 voluntate
861 2597 1114 2688 prosecutionis
1149 2595 1240 2665 velle

71 2726 188 2775 ornnes
209 2703 365 2775 homines
387 2705 505 2776 salvos
532 2707 629 2794 fieri3
655 2729 738 2796 ergo
768 2706 863 2774 Deus
893 2705 1077 2773 voluntate
1107 2708 1240 2772 antece-

71 2810 173 2880 dente
197 2816 278 2881 ante
300 2817 432 2881 omnem
455 2813 708 2903 praevisionem
731 2834 841 2904 neque
857 2811 922 2880 illa
944 2812 1109 2902 nepetino
1127 2833 1240 2899 repro-

72 2918 211 2986 batione
233 2917 344 2988 nlium
367 2919 540 2989 homiuem
562 2915 725 3011 reprobat
746 2921 790 2987 ab
812 2925 955 2988 aeterna
978 2916 1208 2987 beatitudine.

135 3027 185 3095 2⁰.
199 3027 294 3096 Deus
310 3028 534 3098 antecedente
557 3028 742 3099 voluntate
758 3027 892 3098 sincere
908 3026 989 3096 vult
1003 3048 1119 3095 omnes
1134 3024 1241 3093 homi·

72 3155 131 3204 nes
153 3133 273 3205 salvos
296 3135 375 3204 fieri
396 3137 462 3204 sub
485 3135 693 3222 conditione,
719 3141 760 3205 ut
782 3134 938 3204 homines
960 3135 1029 3225 ipsi
1052 3133 1243 3225 (loquendo

73 3241 112 3309 da
134 3241 285 3329 adultis)
309 3250 555 3334 cooperentur3
581 3250 617 3314 et
639 3265 678 3313 eo
708 3243 784 3335 ipso
807 3241 1030 3313 antecedente
1053 3242 1161 3312 etiam
1184 3263 1243 3310 vc·

73 3347 212 3418 luntate
234 3349 327 3434 vult,
353 3357 395 3419 ut
417 3357 644 3441 cooperentur
667 3355 704 3420 ct
725 3355 809 3421 actu
824 3350 1021 3420 salventur.
1038 3347 1135 3439 Ergo
1150 3348 1244 3417 Deus

74 3477 113 3522 ex
136 3477 213 3526 sese
235 3455 369 3526 nullam
394 3457 488 3527 circa
510 3481 757 3552 quemcumque
787 3457 958 3528 hominem
987 3457 1092 3526 habet
1121 3455 1243 3525 huius-

74 3563 163 3632 modi
188 3563 405 3634 voluntatem
428 3565 685 3636 antecedentem
708 3565 916 3651 absolutam,
936 3587 977 3633 ex
995 3586 1064 3657 qua
1087 3563 1161 3634 sola
1184 3585 1244 3632 an·

74 3670 272 3739 tecedenter
295 3677 332 3740 et
353 3671 622 3762 independenter
638 3674 682 3741 ab
705 3674 798 3742 omni
821 3673 1038 3762 praevisione
1061 3693 1243 3740 caumrnm

76 3777 303 3846 secundarum
315 3778 557 3869 metaphysica
569 3779 782 3850 certitudine
794 3787 973 3872 sequatur,
988 3778 1158 3847 hominem
1174 3799 1243 3846 non

75 3905 146 3952 asse
170 3883 389 3972 salvandum,
406 3889 443 3955 et
459 3909 606 3978 quacum
630 3885 781 3956 actualis
803 3886 977 3956 assecutio
1000 3884 1127 3954 salutis
1142 3904 1242 3973 repn-

78 3997 171 4078 gnet.
195 3990 310 4082 Atqui
333 4015 375 4058 eea
397 3993 471 4060 sola
495 3993 562 4060 illu
585 3991 799 4061 antecedente
814 3995 881 4062 Dei
903 3989 1244 4086 volantatenepcndi

77 4097 431 4182 praedestinationem,
456 4099 727 4191 independenter
749 4102 792 4168 ab
815 4099 971 4169 omnibus
996 4099 1131 4167 futuris
1157 4097 1243 4166 acti·

79 4201 139 4272 bus
161 4204 313 4275 hominis
328 4206 567 4296 metaphysica
582 4213 715 4278 certum
730 4215 796 4293 est,
814 4207 984 4276 hominem
1000 4229 1069 4275 non
1087 4227 1162 4275 esse
1176 4204 1244 4274 sal-

80 4312 247 4400 vandum,
273 4319 309 4384 et
331 4337 408 4384 cum
430 4313 497 4385 tali
519 4315 743 4385 antecedente
772 4315 954 4386 voluntate
976 4313 1042 4384 Dei
1072 4311 1245 4383 assecutio

28 4415 204 4565 „nulum
226 4419 464 4510 metaphysica
487 4428 673 4512 repugnat.
697 4419 794 4511 Ergo
809 4421 905 4490 Deus
921 4443 960 4490 eo
975 4421 1062 4512 ipso,
1080 4419 1170 4512 quod
1186 4441 1245 4488 an·
