3394 5056
920 383 959 398 ..
980 351 1021 414 92
1040 381 1080 396 -

414 457 496 529 chre
519 455 720 546 compositis
735 461 772 525 et
786 455 1091 548 progredientibus
1106 459 1223 548 atque,
1240 459 1283 525 ut
1298 454 1352 524 ita
1368 454 1495 540 dicam,
1514 454 1598 523 sine

413 571 509 634 motu
532 563 636 632 motis
658 567 694 632 et
716 563 805 632 actis
827 563 1029 654 adspectum
1052 562 1256 659 advertunt,
1281 561 1366 631 baec
1389 561 1460 650 (lex
1486 567 1598 630 natu-

413 670 514 758 ralis)
537 676 666 756 autem,
692 669 775 739 dum
797 692 858 761 per
881 692 938 738 res
954 669 1113 738 visibiles
1136 674 1172 738 et
1194 669 1374 738 ordinatas
1389 669 1517 737 harum
1530 691 1598 736 au-

413 786 542 848 ctorem
563 778 806 848 ratiocinando
829 777 1019 869 oonpludit.
1046 776 1222 860 Quomodo
1245 799 1393 870 namque
1408 776 1599 846 substitis-

412 891 467 954 set
482 906 646 978 umquam
669 891 705 954 et
728 883 945 954 constitisset
970 883 1034 952 boo
1065 883 1283 968 universum,
1302 883 1457 952 nisiDeo
1473 882 1598 950 omnia

413 999 553 1062 creante
576 999 613 1061 et
635 992 879 1062 conservante?
902 991 1023 1083 Neque
1052 993 1142 1060 enim
1168 991 1339 1062 citharam
1364 991 1443 1083 quis
1462 991 1598 1060 videns

411 1099 647 1190 pulcherrime
669 1099 882 1168 elaboratam
894 1098 1037 1190 eiusque
1050 1098 1321 1168 concinnitatem
1335 1104 1372 1166 et
1387 1105 1513 1183 artem,
1530 1096 1596 1168 vel

411 1205 488 1274 eius
510 1205 656 1276 audiens
679 1227 779 1274 sonos
801 1204 1020 1274 harmonicos
1034 1205 1133 1274 alind
1149 1213 1262 1276 mente
1278 1204 1471 1293 reputabit,
1482 1225 1595 1297 quam

411 1313 567 1384 citharae
590 1314 761 1384 artificem
784 1322 821 1382 et
841 1312 1096 1398 citharoedum,
1121 1320 1158 1383 et
1179 1314 1353 1404 adipsum
1369 1313 1591 1402 cogitatione

410 1421 556 1506 feretur,
581 1421 721 1490 etiamsi
743 1419 785 1488 de
808 1420 899 1489 lacis
922 1421 1015 1488 forte
1038 1443 1116 1489 eum
1138 1443 1207 1488 nou
1229 1421 1345 1508 novit;
1364 1421 1416 1490 sio
1432 1427 1468 1489 et
1484 1421 1593 1488 nobis

409 1550 516 1598 causa
537 1528 687 1598 efficiens
709 1534 745 1597 et
768 1551 909 1597 movens
932 1534 969 1597 et
991 1550 1201 1598 conservans
1223 1551 1281 1597 res
1303 1530 1447 1598 effectas
1474 1529 1591 1597 mani-

408 1637 501 1704 festa
522 1642 588 1720 est,
613 1634 752 1704 etiamsi
774 1642 887 1704 mente
909 1657 978 1703 non
994 1635 1317 1726 comprehendatur.
1335 1636 1450 1706 Nimis
1465 1643 1590 1706 antem

408 1741 560 1810 stolidus
583 1747 655 1826 est,
682 1741 743 1832 qui
765 1740 945 1834 hucusque
968 1765 1037 1810 non
1059 1743 1287 1834 progreditur
1317 1749 1437 1834 sponte
1460 1765 1527 1812 sua
1550 1751 1591 1812 et

406 1849 631 1920 naturalibus
654 1849 839 1920 obsecutus
862 1851 1228 1939 demonstrationibus,
1247 1853 1376 1946 quique
1392 1853 1499 1922 simul
1514 1877 1589 1922 non

407 1957 619 2048 assequitur,
645 1957 755 2026 Deum
778 1981 846 2028 uon
869 1957 934 2028 hoc
956 1981 1043 2044 esse,
1070 1960 1161 2052 quod
1184 1961 1337 2050 imagine
1359 1961 1481 2054 aliqua
1507 1962 1587 2030 ani·

406 2087 461 2134 ruo
484 2065 701 2156 concepimus
724 2066 782 2136 vel
804 2066 1083 2153 informavimus,
1102 2069 1160 2138 vel
1176 2069 1268 2161 quod
1283 2070 1375 2138 ratio
1398 2069 1587 2138 adumbra-

408 2172 465 2242 vit
481 2201 497 2236 n
515 2173 579 2262 (l).
609 2175 684 2244 Hoc
707 2173 797 2244 idem
831 2175 929 2244 brevi
960 2177 1134 2245 sententia
1156 2176 1314 2247 Basilius
1349 2178 1387 2246 in
1411 2179 1582 2249 Hexaern.

338 2345 342 2358 ,
406 2279 498 2347 hom.
516 2279 547 2349 I.
566 2303 602 2348 n.
621 2280 654 2348 6.
674 2287 710 2350 et
733 2279 892 2370 Cyrillus
915 2279 1019 2351 Alex.
1057 2288 1170 2352 contr.
1195 2283 1326 2353 Iulian.
1352 2285 1379 2352 1.
1397 2285 1446 2353 H.
1466 2309 1501 2376 p.
1521 2285 1581 2355 73.

405 2386 574 2478 complexi
597 2393 691 2473 suut,
717 2411 864 2480 quorum
886 2389 949 2458 ills
971 2391 1217 2480 aspectabilem
1236 2390 1330 2461 hunc
1345 2393 1512 2462 mundum
1528 2393 1585 2462 di·

405 2494 455 2564 oit
477 2516 551 2563 esse
578 2523 594 2558 a
611 2495 839 2565 rationalium
862 2497 1057 2567 animarum
1074 2498 1226 2568 scholam
1242 2506 1279 2570 et
1294 2501 1518 2590 gymnasium
1534 2504 1583 2573 ad

403 2601 635 2692 cognitionem
658 2604 736 2690 Dei,
763 2605 845 2674 dum
874 2628 935 2696 per
958 2607 1117 2676 visibilia
1151 2615 1189 2676 et
1220 2610 1402 2678 sensibilia
1435 2614 1583 2702 praebet

402 2711 512 2780 menti
534 2711 838 2782 manuductionem
861 2715 905 2784 ad
928 2713 1202 2804 intelligentiam
1217 2717 1465 2804 invisibilium,
1485 2721 1583 2790 siout

401 2816 454 2884 ait
462 2819 667 2908 Apostolus:
681 2821 880 2892 invisibilia
892 2823 983 2892 enim
997 2823 1073 2892 eius
1084 2830 1172 2894 eto.»
1184 2825 1235 2914 (2)
1244 2825 1403 2916 Cyrillus
1417 2827 1462 2897 ad
1475 2849 1581 2920 quae·

402 2925 569 3012 ationem,
595 2928 763 3018 quomodo
786 2929 874 2998 coeli
897 2937 1061 3000 enarrent
1090 2931 1240 3021 gloriam
1263 2933 1351 3020 Dei,
1377 2935 1577 3026 respondet:

404 3059 421 3096 ι
438 3033 674 3123 praeclareat
694 3035 824 3106 eximia
846 3060 951 3130 opera
972 3038 1060 3110 licet
1082 3062 1166 3110 voce
1180 3039 1354 3112 destituta
1368 3048 1485 3112 tamen
1498 3067 1580 3134 pro·

461 3353 503 3432 (1)
523 3362 601 3422 doure
620 3355 743 3422 ἄληπτος
762 3380 805 3414 και
825 3359 1016 3434 ιῖπιριληπτος,
1034 3371 1104 3436 λιγω
1123 3369 1159 3432 δι,
1176 3363 1229 3440 dcx
1249 3367 1289 3424 ὅτι
1310 3367 1391 3440 ioris,
1412 3371 1477 3426 ἀλλ’
1496 3372 1513 3434 ἦ
1533 3397 1574 3440 τις

399 3447 516 3504 leena...
526 3469 571 3503 του
591 3471 638 3521 μιν
658 3471 710 3522 γαρ
730 3448 795 3506 issar
815 3447 876 3504 Suco
895 3473 938 3506 και
959 3474 1005 3512 την
1025 3475 1127 3509 παντων
1147 3476 1285 3516 notarum
1306 3481 1333 3513 rr
1353 3481 1397 3515 rat
1418 3483 1573 3527 συνικτιιιην

397 3536 486 3592 clareas
506 3560 550 3593 και
571 3537 632 3610 ὄψις
658 3543 819 3603 διδασκαλος
840 3563 882 3596 και
902 3542 1040 3614 ὅφυσιιιος
1062 3566 1140 3618 saproc
1159 3545 1223 3620 (lex
1248 3551 1458 3606 necessumst
1476 3555 1572 3612 imme-

398 3627 478 3682 diate
497 3629 631 3698 evidens,
653 3629 727 3697 qnod
746 3630 823 3686 nibil
842 3635 888 3686 est
907 3633 970 3686 slus
989 3635 1102 3689 ratione
1128 3639 1285 3693 sufficiente
1303 3643 1333 3694 ot
1350 3643 1427 3696 nihil
1451 3645 1486 3698 rt
1509 3648 1572 3702 siue

398 3713 509 3788 unsa).
527 3717 544 3781 ἦ
565 3739 614 3791 μιν
628 3715 725 3794 (ὄψις)
745 3740 799 3782 τοις
819 3720 955 3793 ὄρωμινοις
974 3725 1188 3794 spondebimus
1207 3747 1250 3780 και
1266 3749 1401 3800 scrupeos
1422 3740 1507 3797 καλιυς
1528 3759 1572 3791 και

396 3805 530 3874 darentur,
549 3806 593 3863 iva
611 3808 692 3871 ὁυτως
706 3807 776 3874 iero,
789 3830 949 3883 suscoperunt
969 3833 1012 3868 και
1033 3816 1218 3888 precurreret
1235 3821 1261 3872 δε
1275 3814 1404 3891 (ocurrer
1418 3821 1513 3898 νομος)
1529 3832 1572 3882 δια

398 3917 446 3952 roo
465 3897 592 3971 ὄρωμινων
612 3919 655 3952 και
676 3919 841 3974 rumperes
864 3921 908 3954 τιν
925 3901 1049 3976 ἀρχηγον
1073 3925 1167 3960 τουτων
1194 3907 1424 3981 συλλογιζομινος
1444 3933 1467 3967 ιι.
1482 3920 1516 3970 λ..

397 4007 441 4042 και
460 3993 521 4041 λιαν
540 3985 666 4059 &ysopus
685 3988 752 4060 ὁμη
767 4011 847 4063 μεχρι
866 4011 962 4046 τουτων
981 3997 1076 4063 agoson
1090 3993 1215 4058 incorrat
1229 4019 1271 4051 και
1294 4018 1352 4060 ταις
1366 4013 1492 4072 porram
1513 4005 1573 4062 ἕπο-

396 4097 475 4148 praes
496 4075 672 4144 α’ποδιιξισιν.
688 4077 750 4134 ἀλλ’
773 4079 831 4136 dots
858 4103 935 4137 τουτο
955 4082 1020 4138 issar
1041 4083 1111 4151 Suco,
1132 4087 1194 4159 drop
1214 4085 1423 4161 ἔφαντασθημει
1442 4090 1459 4148 si
1478 4092 1572 4150 dirru-

396 4165 557 4237 aeooaprrbu,
573 4165 591 4228 η’
609 4175 692 4240 topos
706 4169 873 4244 ὐπιγραψιν.
1226 4162 1228 4166 ’

457 4251 499 4328 (2)
519 4259 610 4330 loxos
628 4264 740 4330 λογικων
760 4264 944 4316 deterruisset
960 4285 1003 4318 και
1022 4261 1185 4338 dispareas
1198 4263 1256 4324 ion
1269 4271 1453 4344 παιδιυτηριον
1464 4277 1509 4328 dra
1521 4297 1570 4332 rus

395 4341 523 4450 iporeiam
542 4368 587 4404 aar
606 4347 740 4408 ιίισθητωι
761 4373 942 4426 χιιραγωγιαι
962 4374 996 4424 ep
1010 4375 1042 4426 sp
1060 4377 1244 4431 παριχομιιος
1260 4379 1324 4433 προς
1335 4381 1382 4421 την
1398 4359 1507 4437 draptes
1519 4385 1568 4422 rvr

393 4451 520 4506 napaeos.
