3292 5062
570 369 608 384 ·-
631 335 690 398 loa
712 367 750 384 -

78 446 146 513 dem
167 465 257 534 ergo
279 465 384 512 sensu
406 443 502 511 Deus
525 448 578 511 est
600 441 698 510 nobis
728 439 941 526 ineffabilis,
967 461 1034 530 quo
1063 443 1118 506 est
1139 459 1247 528 supra

77 557 225 619 nostram
256 549 543 639 intelligentiam.
568 549 734 639 Adeoque
764 549 870 617 etiam
893 549 988 617 Deus
1011 546 1079 614 eibi
1103 545 1169 614 soli
1191 551 1248 613 est

77 659 265 750 adaequate
287 657 454 743 effabilis,
480 656 564 749 qnia
592 657 661 724 sibi
684 655 751 724 soli
774 654 1107 745 comprehensibilis.
1134 681 1151 716 u
1165 653 1247 720 Pro·

76 775 147 858 pter
169 767 238 836 hoc
260 767 327 836 Dei
350 767 523 850 Verbum,
550 765 641 857 quod
663 771 717 833 est
739 765 895 853 perfecta
918 763 1094 851 conceptio
1119 761 1245 849 ipsius,

76 881 207 944 nonest
231 875 303 943 nisi
326 895 435 942 unum
452 899 470 936 o
489 873 525 942 S.
542 873 609 942 uh.
624 872 657 941 1.
673 897 706 963 q.
726 871 782 940 34.
800 893 821 938 a
838 871 869 939 1.
886 872 931 940 ad
947 871 980 939 Β.
999 871 1054 938 Of.
1070 870 1107 938 S.
1127 868 1194 936 Th.
1210 867 1243 936 1.
1298 943 1299 946 Ἴ

76 1009 103 1072 q.
122 983 174 1052 13.
193 983 283 1069 a.1;
302 982 463 1073 Vasqnea
487 982 578 1071 disp.
597 981 660 1068 57;
688 979 818 1048 Suarez
843 978 869 1046 l.
889 978 939 1046 H.
958 1001 988 1047 c.
1007 977 1071 1065 313
1089 975 1247 1077 Aguirre

78 1091 113 1158 Τ.
129 1090 159 1159 Ι.
179 1089 274 1181 disp.
293 1089 351 1159 23.
371 1095 457 1202 sect.
473 1089 506 1158 l.

545 1311 698 1382 CAPUT
722 1311 773 1380 H.

115 1467 155 1508 DE
172 1463 374 1511 naamon!
392 1467 448 1508 DEI
469 1467 510 1509 ΠΤ
529 1465 562 1508 m
581 1465 617 1508 SE
637 1465 711 1520 ES‘l',
732 1463 790 1510 SEU
808 1465 851 1506 DE
869 1463 995 1510 umora
1014 1461 1198 1506 autumus.

538 1675 683 1738 THESIS
703 1677 790 1738 XIV.

186 1807 285 1867 Nulli
305 1813 477 1867 creaturae
498 1806 691 1866 immediata
712 1807 795 1864 virio
818 1806 953 1866 divinae
975 1807 1133 1866 essentiae

535 1904 704 1963 naturalis
724 1911 781 1962 est.

131 2078 217 2130 «Non
241 2077 336 2130 solnm
358 2076 439 2129 oculo
451 2089 584 2143 corporeo
593 2075 670 2128 Dens
687 2075 719 2127 in
738 2088 768 2127 so
782 2075 846 2142 ipso
863 2074 994 2129 absoluto
1014 2076 1246 2145 invisibiliorem,

79 2166 145 2219 ‚aad
165 2169 257 2220 etiarn
278 2167 379 2220 nullus
401 2166 570 2219 intellectus
583 2167 696 2218 creatus
713 2163 866 2218 secundum
881 2165 1041 2218 naturalem
1056 2179 1137 2218 uuum
1150 2181 1249 2230 cogno·

80 2257 193 2309 meandi
207 2255 324 2309 modum
344 2257 440 2323 potest
459 2254 588 2308 divinam
604 2254 759 2306 essentiam
782 2254 892 2306 intueri
909 2255 941 2306 iu
961 2270 991 2307 ao
1013 2255 1087 2321 ipsa,
1111 2259 1198 2320 atque
1216 2259 1250 2308 ut

80 2345 127 2396 -in
141 2361 170 2397 sc
190 2349 255 2410 θεὶς
278 2343 328 2397 sed
348 2343 542 2396 tantummodo
561 2357 727 2408 cognoscere
748 2358 799 2410 per
815 2341 896 2396 aliud
915 2342 1053 2398 obiectum
1073 2349 1198 2398 creatum
1218 2349 1247 2398 et

81 2433 160 2487 video
181 2433 457 2498 solnmsnslogioe.
473 2453 486 2480 n

133 2607 233 2678 Visio
259 2607 422 2700 quamvis
444 2629 487 2676 cx
510 2607 624 2698 prima
642 2605 863 2697 impositione
877 2607 1028 2676 nominis
1044 2607 1184 2676 dicatur
1202 2608 1244 2676 de

79 2717 288 2807 perceptione
312 2737 373 2805 per
405 2737 544 2782 sensnm
574 2714 692 2798 visus,
719 2713 982 2804 significatione
1010 2721 1125 2782 temen
1156 2714 1246 2782 deri·

80 2829 151 2891 vate
172 2829 372 2914 usurpatur
394 2822 436 2891 de
460 2823 658 2912 cognitione
681 2822 927 2908 intellectuali,
954 2827 1059 2913 atque
1082 2823 1134 2890 ite
1155 2823 1247 2891 idem

80 2932 202 3000 omnino
226 2939 285 3001 ast
315 2951 356 2999 ac
387 2929 594 2999 intellectio.
615 2929 717 2998 Sicut
746 2936 865 2999 autem
896 2931 983 2996 cisio
1016 2929 1158 2999 sensilis
1192 2935 1247 2998 est

80 3037 269 3110 immediata
292 3045 329 3108 et
352 3039 449 3109 clara
471 3039 648 3130 perceptio
679 3039 806 3108 obiecti
840 3039 997 3108 visibilis
1020 3039 1057 3107 in
1082 3061 1118 3106 se
1143 3039 1242 3128 ipso,

80 3143 124 3212 ita
141 3148 247 3216 etiam
263 3149 352 3214 cisio
367 3146 528 3212 mentalis
540 3145 748 3234 simpliciter
765 3145 872 3230 diota,
887 3145 1091 3213 nominatim
1108 3145 1247 3236 quando

81 3255 219 3324 refertur
244 3254 290 3322 ad
320 3254 432 3321 Deum
462 3259 640 3345 tamquam
670 3253 715 3321 ad
746 3253 917 3322 obiectum
945 3253 1116 3338 visionis,
1143 3276 1247 3321 seusu

83 3361 206 3450 proprio
221 3360 406 3450 significat
421 3360 694 3429 intellectionem
710 3359 841 3429 claram
857 3367 893 3428 et
908 3360 1144 3428 immediatam
1157 3361 1246 3428 obie-

83 3465 122 3532 cti
140 3467 175 3535 in
198 3491 236 3537 se
261 3467 350 3558 ipso.
368 3467 467 3537 Unde
490 3467 625 3536 Paulus
648 3467 857 3558 simpliciter
873 3467 1030 3560 appellat
1046 3469 1247 3536 inuisibilia

84 3571 148 3654 Dei,
171 3573 298 3643 horum
320 3580 437 3642 autem
460 3573 733 3643 intellectionem
757 3575 942 3644 mediatam
965 3576 1105 3644 nonnisi
1123 3575 1247 3645 addita

84 3677 304 3750 declaratione
337 3681 426 3750 dicit
460 3685 747 3770 compactionem:
766 3711 782 3746 a
801 3683 1001 3750 invisibilia
1024 3687 1112 3749 enim
1137 3685 1247 3774 ipsius

83 3809 134 3870 per
148 3813 185 3854 ec
201 3790 409 3882 quaefacta
423 3803 516 3870 sunt,
534 3789 712 3856 intellecta
728 3793 1016 3879 conspiciuntur„
1036 3791 1134 3858 Rom.
1145 3791 1175 3857 Ι.
1188 3791 1244 3858 20.

34 3983 37 3994 Β
85 3895 192 3984 (supra
212 3921 247 3987 p.
259 3897 345 3983 38.).
366 3896 417 3964 Ut
437 3897 524 3966 haec
547 3896 762 3985 significatio
787 3897 935 3966 visionis
959 3905 995 3966 et
1017 3897 1202 3966 distinctio
1226 3923 1247 3964 a

87 4001 266 4088 cognitione
290 4001 442 4070 mediata
464 4002 540 4071 sive
563 4003 713 4071 rationis
737 4003 812 4074 sive
834 4003 917 4073 fidei
941 4003 1098 4093 pressius
1133 4005 1247 4074 deter-

88 4107 233 4197 minetur,
259 4111 349 4180 solet
371 4133 433 4202 per
456 4112 654 4202 appositum
677 4111 845 4180 definiens
869 4111 940 4180 dici
956 4116 1042 4179 cisio
1060 4115 1242 4182 intuitioa.

142 4215 211 4286 Iam
233 4239 318 4286 voro
351 4219 523 4308 imprimis
546 4219 583 4286 in
608 4219 795 4309 Scriptura
817 4219 945 4310 duplex
975 4225 1030 4288 est
1053 4219 1161 4288 series
1195 4227 1243 4288 te·

91 4321 335 4412 stinouiornm,
360 4327 399 4395 in
422 4347 570 4418 quarum
593 4349 665 4395 una
686 4351 754 4396 non
779 4329 890 4396 solum
914 4327 1048 4397 dicitur
1063 4380 1070 4414 ,
1088 4329 1199 4396 Deum
1223 4349 1244 4396 a

92 4429 173 4498 nobis
192 4433 228 4502 in
250 4433 317 4502 hac
341 4434 417 4503 vita
440 4457 507 4502 non
532 4434 658 4520 videri,
684 4435 755 4504 ista
777 4435 944 4504 nimirum
969 4436 1104 4504 visione
1127 4435 1245 4503 imme·

1085 4563 1102 4598 ξ’
