3394 5056
594 396 632 410 ..
654 365 695 424 83
716 396 754 411 -

45 525 54 540 .
95 471 162 538 tius
184 467 302 554 Felix,
327 467 551 560 Cyprianus,
576 469 785 540 Lactantius
807 475 997 556 testantur,
1024 472 1062 540 in
1084 473 1171 563 ipsis
1187 472 1260 541 ido·

95 578 200 646 lorum
226 576 425 646 cultoribus
452 599 631 646 remanere
664 577 830 668 primitus
865 583 1062 669 conceptam
1085 579 1152 648 Dei
1182 580 1259 650 veri

93 685 257 754 notitiam.
285 713 302 749 a
321 684 453 754 Anima
474 685 560 754 licet
581 685 865 756 institutionibus
891 687 1011 778 pravis
1042 679 1272 757 circumscri-⁴

92 799 190 882 pta...
207 793 291 862 licet
313 793 416 861 falsis
440 793 515 864 deis
538 793 766 879 exancillata,
786 818 863 864 cnm
885 802 1002 863 tamen
1018 795 1196 886 resipiscit
1219 801 1260 864 ut

92 925 129 969 ex
151 901 305 992 crapula,
326 908 368 970 ut
382 923 424 971 ex
448 923 576 988 somno,
595 907 637 970 ut
659 923 701 970 ex
723 901 843 993 aliqua
865 903 1082 989 valetudine,
1108 909 1144 971 et
1166 904 1258 972 sani-

92 1017 193 1078 tatem
215 1031 315 1078 snam
338 1010 487 1100 patitur,
513 1011 621 1077 Deum
642 1009 802 1078 nominat
825 1010 889 1080 hoc
913 1011 986 1079 solo
1005 1010 1154 1097 nomine,
1174 1010 1259 1102 quia

92 1117 223 1208 proprio
244 1117 313 1187 Dei
335 1117 413 1186 veri
433 1143 451 1180 a
478 1117 629 1186 Tertull.
648 1118 799 1208 Apolog.
830 1141 859 1187 c.
880 1118 934 1186 17.
966 1117 1021 1188 cf.
1048 1119 1190 1208 Origen.
1217 1121 1259 1190 de

91 1223 237 1316 Princip.
255 1226 282 1294 l.
300 1224 366 1295 1v.
386 1249 416 1295 c.
435 1224 491 1293 56.
509 1225 603 1294 Hinc
626 1225 732 1294 etiam
747 1225 978 1316 intelligitur,
1006 1226 1173 1317 quomodo
1188 1249 1258 1294 non

91 1331 193 1400 solum
213 1331 411 1402 theoretica
434 1331 589 1420 cognitio
612 1337 649 1401 ct
670 1332 827 1422 practica
849 1331 991 1422 negatio
1007 1332 1084 1402 veri
1100 1333 1179 1417 Dei,
1197 1332 1258 1400 sed

91 1441 188 1509 etiam
208 1441 397 1532 primitiva
411 1438 647 1509 indeliberata
669 1439 800 1508 notitia
815 1441 961 1509 confusa
977 1443 1013 1507 et
1028 1439 1184 1508 eiusdem
1200 1439 1256 1508 de-

91 1549 231 1618 liberata
254 1549 349 1618 falsa
370 1547 561 1639 applicatio
585 1547 691 1615 simul
714 1547 904 1618 consistere
921 1547 1068 1640 possint.
1086 1577 1103 1613 u
1118 1547 1257 1617 Verita-

92 1665 153 1725 tem
174 1657 238 1727 Dei
261 1657 299 1726 in
321 1655 505 1726 iniustitia
527 1656 701 1726 detinent:
727 1657 811 1748 quia
835 1657 926 1748 quod
949 1661 1070 1726 notum
1093 1664 1147 1726 est
1176 1657 1254 1742 Dei,

93 1767 306 1834 manifestum
329 1765 444 1834 estin
466 1763 576 1832 illisa
603 1762 677 1852 (1),
707 1786 819 1832 acum
847 1763 1095 1853 cognovissent
1123 1765 1254 1849 Deum,

93 1895 153 1940 non
173 1874 266 1943 sicut
287 1873 400 1942 Deum
435 1871 770 1962 glorificaverunt...
797 1877 833 1940 et
854 1875 1085 1940 mutaverunt
1107 1871 1256 1960 gloriam

93 1979 361 2072 incorruptibilis
383 1980 449 2049 Dei
472 1979 511 2047 in
534 1978 802 2048 similitudinem
825 1978 993 2069 imaginis
1012 1977 1256 2068 corruptibilis

94 2087 253 2176 hominis3
270 2115 288 2152 n
322 2117 339 2152 a
360 2111 430 2156 non
452 2089 690 2178 probaverunt
724 2086 835 2163 Deum
869 2085 996 2156 habere
1026 2087 1065 2154 in
1087 2085 1253 2155 notitia»

38 2235 43 2245 ·
95 2191 181 2264 Rom.
196 2197 227 2264 I.
247 2195 305 2264 18.
324 2196 382 2266 21.
399 2195 456 2264 28.

148 2306 192 2374 4⁰.
210 2304 380 2372 Probutio
404 2326 622 2370 accussaret
646 2302 841 2370 intellectas
865 2302 1040 2371 catholici.
1062 2302 1134 2385 Qui
1150 2305 1257 2372 verba

95 2411 298 2503 Scripturae,
318 2411 360 2481 de
376 2412 502 2503 quibus
517 2411 688 2480 hactenus
703 2411 851 2501 egimus,
869 2415 907 2480 et
922 2409 1130 2479 nominatim
1153 2412 1252 2482 Rom.

94 2517 117 2587 l.
134 2520 184 2588 19.
201 2543 279 2612 sqq.
310 2519 363 2587 ita
385 2518 691 2609 interpretantur,
716 2525 759 2586 nt
780 2518 952 2587 humanae
975 2518 1124 2586 rationis
1148 2519 1255 2603 (suffi-

95 2626 208 2698 cienter
231 2625 445 2718 explicatae)
470 2625 624 2695 facultas
658 2626 770 2695 Deum
793 2647 836 2694 ex
859 2625 1138 2694 consideratione
1162 2648 1254 2694 crea-

95 2741 239 2805 turarum
257 2733 489 2824 cognoscendi
502 2733 604 2802 nulla
619 2733 679 2818 sit,
697 2733 768 2802 nisi
784 2739 1088 2824 praesupponatur
1100 2733 1256 2823 positiva

95 2844 248 2914 revelatio
263 2841 474 2912 existentiae
489 2843 555 2910 Dei
570 2841 737 2931 primitus
752 2843 849 2910 facta
865 2841 997 2910 homini
1014 2847 1051 2910 et
1066 2865 1128 2932 per
1144 2842 1255 2911 tradi-

94 2951 205 3022 tionem
222 2953 319 3022 inter
349 2973 465 3020 omnes
488 2957 610 3039 gentes
634 2955 862 3038 conservata;
893 2949 938 3018 iis
963 2957 1055 3020 certe
1078 2957 1256 3040 repugnat

96 3081 201 3130 ansus
216 3067 253 3130 et
270 3081 459 3130 consensus
482 3057 699 3128 christianas
715 3058 943 3150 antiquitatis
959 3057 997 3126 in
1013 3057 1256 3147 intelligendis

95 3165 174 3238 hisee
195 3165 410 3238 testinioniis
433 3165 710 3256 Scripturarum.
728 3165 847 3235 Manet
862 3171 978 3234 autem
993 3166 1165 3257 oppositio
1182 3167 1255 3235 fere

96 3277 239 3364 perinde,
265 3276 343 3345 sive
366 3274 576 3344 recentiores
598 3275 661 3343 isti
684 3273 824 3358 dicant,
849 3297 892 3344 ex
915 3275 1039 3343 nativa
1062 3275 1177 3343 indole
1200 3295 1255 3344 ra-

95 3383 188 3452 tionis
208 3383 382 3452 humanae
404 3381 443 3450 in
470 3381 648 3472 praesenti
671 3386 768 3451 statu
791 3381 925 3450 nullam
948 3404 1047 3473 posse
1070 3383 1114 3449 ab
1128 3405 1170 3451 ea
1185 3384 1255 3451 for-

95 3493 168 3560 uari
190 3491 303 3560 ideam
326 3489 529 3582 nullamque
560 3489 695 3580 concipi
726 3489 958 3579 cognitionem
989 3513 1105 3559 rerum
1136 3513 1255 3580 super·

95 3597 296 3666 sensibilium
312 3603 349 3666 et
363 3597 430 3666 Dei
442 3595 659 3682 nominatim,
673 3595 744 3664 nisi
760 3619 801 3665 ex
819 3596 1034 3666 revelatione
1051 3603 1086 3666 et
1101 3598 1255 3688 positiva

95 3703 239 3774 doctrina
260 3705 304 3774 dc
326 3705 399 3773 Deo
422 3709 457 3772 et
480 3703 648 3772 derebus
672 3703 979 3794 supersensilibus3
1006 3705 1081 3773 sive
1106 3705 1254 3796 quadam

95 3811 387 3883 circumlocutione
408 3817 592 3897 asserant,
618 3809 731 3880 ideam
754 3817 791 3880 et
813 3811 1045 3900 cognitionem
1068 3811 1134 3880 Dei
1157 3834 1254 3902 prae-

146 4011 183 4085 (1)
200 4014 231 4068 si
249 4016 279 4068 h.
291 4016 312 4068 l.
324 4014 482 4083 Apostolus
503 4012 699 4079 distingueret
718 4012 862 4080 duplicem
882 4013 1075 4078 cognitionem
1095 4015 1148 4067 Dei
1170 4031 1254 4070 unam

96 4104 210 4158 omnibus
225 4119 399 4158 communem
422 4102 465 4176 (το
485 4123 602 4173 quaeror
621 4123 666 4156 του
682 4099 758 4174 troo)
772 4107 802 4154 et
823 4105 946 4156 alteram
965 4103 1191 4171 philosophicam
1210 4123 1255 4160 ex·

96 4193 226 4246 cultiorem
238 4192 361 4268 (φανιρον
376 4195 404 4247 ἐν
420 4189 534 4263 αὐτοις),
550 4197 584 4245 ut
604 4193 679 4247 fuleo
692 4193 807 4260 quidem
822 4195 972 4246 assumunt
992 4193 1252 4264 traditionalista03

96 4295 142 4333 uon
159 4287 247 4337 umen
266 4287 345 4338 esset
366 4283 519 4337 distinctio
539 4283 619 4335 inter
636 4283 830 4348 cognitionem
846 4285 900 4336 Det
921 4299 956 4336 ex
977 4283 1135 4339 traditione
1149 4291 1179 4338 et
1192 4287 1253 4340 eius

97 4374 282 4438 expolitionem
301 4390 334 4428 ac
352 4373 578 4440 recognitionem
592 4387 627 4425 ex
640 4373 791 4443 creaturis,
808 4373 859 4426 sed
881 4373 1033 4428 distinctio
1048 4377 1161 4429 omnino
1178 4377 1254 4430 toret

98 4461 186 4532 emen,
200 4481 271 4534 quae
289 4462 673 4531 Aut.xvr1.1v.nuousque
686 4481 703 4518 a
715 4465 799 4518 nobis
812 4466 967 4546 explicata.

1092 4567 1112 4610 a
