3360 5060
883 387 921 402 -
943 355 1004 414 676
1026 385 1063 398 -

388 459 529 532 Iudaeis
553 467 788 552 pervenerunt
810 461 855 528 ad
878 458 1000 541 fidem,
1031 456 1159 548 reliqui
1191 457 1390 528 oeciderunt
1423 461 1544 552 quidem

389 567 637 640 incredulitate
660 575 696 636 et
718 567 950 636 obstinatione
974 586 1050 633 sua.
1075 563 1125 632 Et
1147 565 1210 648 sio,
1236 589 1315 634 cum
1338 567 1394 635 illi
1415 567 1544 657 repulia·

390 683 467 746 sent
489 674 710 766 evangelium
734 673 825 766 quod
850 673 1032 741 voluntate
1055 673 1278 741 antecedente
1301 674 1351 743 eis
1365 683 1442 744 erat
1455 675 1546 746 desti·

390 791 512 852 uatum
546 789 627 850 ante
657 788 800 870 gentes,
825 780 925 870 prius
959 785 1081 869 gentes
1112 791 1346 868 pervenerunt
1368 781 1414 850 ad
1443 781 1546 850 Erele

391 891 492 962 eiam:
520 888 696 956 «illorum
719 887 846 957 delicto
873 885 1105 978 (nepammparr
1121 881 1239 976 lapsu)
1259 887 1355 956 salus
1376 896 1432 958 est
1452 889 1548 979 genti·

390 1000 466 1083 bus,
493 1003 535 1066 at
560 997 641 1065 illos
664 995 914 1065 aemulentur»
937 992 1033 1082 (ἐιςτο
1050 993 1269 1086 παραζηλωσαι
1287 993 1393 1070 &verre
1414 997 1458 1065 ed
1479 997 1549 1066 illos

390 1103 629 1198 provocandos
644 1105 681 1173 iu
698 1103 889 1172 salutarem
905 1103 1198 1188 aemulationem).
1218 1104 1372 1174 Tandem
1388 1129 1470 1174 vcro
1484 1129 1550 1175 eum

390 1210 573 1304 plenitudo
590 1211 748 1300 gentium
768 1211 971 1296 intraverit,
999 1213 1110 1278 omnis
1134 1209 1245 1280 Israel
1267 1211 1389 1280 salvus
1413 1212 1473 1280 fiet
1492 1211 1548 1282 xi

459 1423 498 1493 Si
522 1423 734 1515 comparatio
756 1424 822 1493 liat
845 1425 938 1493 inter
961 1424 1120 1514 singulos
1144 1425 1292 1494 Iudaeos
1316 1425 1554 1496 incredulcset

390 1533 483 1602 inter
505 1530 624 1600 fideles
648 1539 789 1600 vocatos
812 1553 853 1600 ex
877 1533 1056 1622 gentibus:
1076 1561 1094 1596 u
1111 1533 1199 1600 rami
1221 1547 1364 1620 propter
1378 1532 1553 1600 inereduli·

391 1655 495 1708 tatem
517 1639 624 1709 tracti
649 1647 745 1725 sunt,
771 1647 953 1708 tuentem
969 1637 1042 1728 fide
1064 1646 1159 1708 stas:
1184 1637 1256 1706 noli
1286 1639 1398 1708 altum
1430 1661 1551 1729 sepem,

389 1747 449 1818 sed
471 1747 555 1815 time
627 1745 718 1816 Vide
740 1768 823 1836 ergo
847 1745 1036 1814 bonitatem
1059 1753 1095 1814 et
1117 1745 1340 1815 severitatem
1356 1747 1436 1816 Dei:
1454 1748 1490 1816 in
1504 1769 1555 1815 eos

388 1853 528 1949 quidem
552 1853 612 1945 qui
636 1853 848 1935 ceciderunt,
874 1853 1099 1921 severitatem
1122 1851 1336 1941 (voluntatis
1366 1877 1436 1923 non
1468 1867 1553 1923 ante

388 1961 545 2033 cedentis
568 1959 628 2030 sed
652 1959 922 2052 consequentis),
949 1961 984 2029 in
1009 1969 1045 2029 te
1068 1969 1184 2030 eutem
1203 1961 1393 2032 bonitatem
1408 1963 1475 2032 Dei
1490 1969 1553 2047 (vo-

389 2070 542 2140 luntatis
565 2077 638 2138 tum
661 2067 899 2137 antecedentis
927 2076 1001 2137 tum
1025 2069 1296 2160 consequentis),
1320 2075 1354 2135 ri
1373 2094 1553 2158 peratum

389 2181 501 2246 risio
527 2179 691 2258 bonitate,
716 2176 877 2267 alioquin
901 2191 933 2242 et
958 2191 996 2242 ta
1020 2175 1197 2244 rescideris.
1225 2177 1294 2246 Sed
1318 2186 1354 2247 et
1376 2177 1435 2246 illi
1451 2181 1483 2244 ri
1496 2203 1554 2243 aon

387 2287 638 2374 permanserint
663 2287 699 2348 ia
725 2281 979 2364 incredulitate,
1006 2288 1208 2353 inserentur.
1226 2311 1243 2344 n
1259 2285 1329 2354 Hic
1352 2286 1553 2355 manifestis

390 2391 480 2461 sima
502 2397 558 2459 est
580 2389 745 2460 voluntas
767 2389 833 2458 Dei
856 2390 1096 2460 conditionate
1118 2395 1192 2459 tum
1218 2391 1331 2482 quoad
1352 2415 1413 2462 eos
1430 2393 1490 2486 qui
1504 2417 1551 2460 ro-

390 2497 559 2569 cationem
583 2503 668 2566 sunt
690 2495 821 2582 secuti,
847 2503 922 2566 tum
946 2497 1059 2589 quoad
1083 2521 1140 2566 ece
1164 2499 1225 2591 qui
1260 2521 1326 2569 sua
1356 2501 1464 2592 culpa
1494 2524 1552 2569 non

390 2611 475 2676 suut
496 2605 620 2690 secuti,
646 2611 750 2696 atque
773 2604 850 2674 ideo
872 2603 959 2674 tides
980 2615 1017 2673 et
1039 2627 1143 2696 opera
1165 2606 1247 2676 fidei
1269 2615 1307 2676 et
1340 2631 1551 2698 perseveran-

389 2714 443 2784 tia
466 2735 574 2804 usqnc
597 2711 642 2782 ad
666 2715 941 2783 consecutionem
965 2713 1062 2784 vitae
1085 2723 1247 2786 aeternae
1270 2724 1355 2786 suut
1369 2741 1459 2808 opus
1473 2715 1550 2785 divi·

388 2841 453 2890 uaa
477 2819 626 2910 gratiae,
644 2819 703 2888 sed
719 2841 786 2888 non
803 2819 877 2889 eine
889 2827 1048 2910 respectu
1059 2821 1103 2891 ad
1116 2821 1260 2891 liberam
1281 2823 1507 2906 voluntatem,
1521 2829 1552 2891 et

388 2950 457 2998 uon
480 2929 554 2996 siue
578 2927 690 3016 ipsius
714 2927 912 2996 voluntatis
931 2929 1042 2998 libera
1058 2931 1308 3020 cooperatione
1330 2931 1552 3002 incredulitas

387 3057 471 3106 vero
492 3033 693 3104 nouaclum
717 3057 785 3103 non
808 3043 863 3105 est
885 3058 971 3126 opus
994 3035 1078 3118 Dei,
1105 3037 1165 3107 sed
1188 3045 1243 3108 ast
1265 3045 1390 3108 contra
1419 3060 1549 3130 praeve-

387 3143 539 3215 nientem
563 3142 795 3232 operationem
819 3143 955 3234 gratiae
978 3143 1042 3212 XI.
1058 3141 1182 3214 17-ee.

456 3251 572 3320 Habes
594 3273 678 3342 ergo
701 3252 745 3319 ab
759 3251 927 3340 Apostolo
942 3251 1020 3342 ipso
1035 3251 1264 3338 declaratum,
1285 3254 1454 3345 quomodo
1469 3253 1551 3322 Dens

391 3377 477 3426 vasa
498 3357 755 3428 misericordiae
773 3357 1036 3447 praeparaverit
1051 3359 1089 3426 iu
1106 3357 1256 3448 gloriam
1272 3359 1338 3428 IX.
1350 3359 1409 3446 23,
1429 3369 1549 3452 atquc

390 3465 489 3535 modo
504 3465 619 3534 omnia
634 3487 722 3558 quae
737 3465 904 3536 dicuntur
916 3465 958 3534 de
969 3465 1180 3536 excitatione
1192 3473 1228 3535 et
1239 3466 1463 3538 induratione
1474 3468 1550 3536 Pha

389 3574 519 3658 raonis,
537 3571 579 3642 de
602 3573 796 3642 ostensione
819 3573 893 3642 irae
916 3575 953 3642 in
979 3595 1064 3643 vasa
1079 3573 1319 3659 contumeliae,
1342 3575 1384 3644 de
1400 3599 1548 3647 excaeca·

388 3679 496 3764 tione,
522 3679 563 3750 de
590 3679 720 3770 spiritu
744 3681 1020 3770 compunctionis
1043 3687 1080 3750 et
1102 3681 1344 3752 obscuratione
1367 3684 1546 3766 oculorum,

390 3793 509 3858 utnon
523 3786 667 3856 videant
677 3793 744 3857 etc.
754 3786 946 3874 mle-223
960 3787 1025 3856 XI.
1038 3787 1138 3871 7-10,
1154 3787 1385 3877 intelligenda
1398 3791 1472 3860 siut
1481 3811 1548 3881 par·

389 3893 455 3966 tim
471 3893 513 3963 de
536 3894 772 3984 permissione,
790 3895 918 3984 partim
935 3895 978 3965 de
994 3895 1193 3986 operatione
1208 3895 1351 3965 divinae
1367 3897 1547 3968 voluntatis

389 4003 643 4094 consequentis.
662 4003 770 4094 (Lege
785 4001 1064 4093 S.Cl1rysostcm.
1083 4003 1120 4072 in
1135 4001 1311 4072 h.l.h0m.
1322 4003 1423 4075 XVI.
1433 4003 1547 4087 aaa.)

456 4107 524 4178 m.
540 4109 726 4202 Reliquum
737 4117 791 4181 est
802 4119 844 4180 ut
856 4110 1065 4202 singillatim
1078 4133 1217 4182 sensum
1229 4111 1403 4182 dictorum
1414 4111 1542 4204 cap.IX.

390 4215 491 4286 6-23.
517 4215 783 4308 investigemus,
802 4217 892 4312 quod
907 4227 1089 4312 postquam
1113 4243 1239 4311 scopus
1253 4220 1416 4312 Apostoli
1431 4230 1466 4290 et
1480 4243 1543 4290 con·

388 4333 508 4395 textus
523 4327 716 4416 generatim
732 4327 932 4398 declaratus
949 4336 1015 4414 est,
1032 4351 1100 4398 uon
1117 4350 1278 4420 magnam
1290 4329 1443 4422 amplius
1453 4331 1543 4398 habet

391 4431 642 4504 difficultatem.
