3394 5056
654 423 692 436 -
714 387 734 451 5
755 422 794 436 ..

137 495 290 564 imitatio
303 496 470 588 quaedam
484 495 649 566 scientiae
665 495 731 563 Dei
741 495 865 584 ipsius,
880 513 966 584 quae
980 491 1054 560 sola
1070 497 1123 560 est
1134 492 1311 582 theologia

136 603 273 672 infinita
286 605 444 693 perfecta
455 609 491 672 et
502 603 697 696 adaequata
712 625 774 670 suo
789 601 921 669 obiecto
934 599 1048 668 LCor.
1065 599 1169 666 XIII.
1183 599 1238 667 10.
1254 599 1309 688 133

136 711 304 780 1.10.1]].
318 713 354 782 2.
367 712 462 782 Deus
475 717 593 780 autem
609 709 897 802 comprehendens
914 731 1011 777 suam
1023 708 1209 776 essentiam
1225 715 1312 776 tam·

135 839 236 908 quam
261 820 435 888 obiectum
458 818 629 908 princeps,
657 819 694 886 in
717 840 758 887 ea
780 816 1038 908 comprehendit
1055 821 1169 884 cetera
1185 815 1310 901 omnia,

133 947 371 1018 quaecumque
406 948 490 996 vera
522 931 626 1012 sunt,
652 933 829 1018 tamquam
865 925 1035 993 obiectum
1067 922 1313 992 secundarium

134 1053 214 1101 enac
238 1034 428 1120 scientiae;
455 1039 490 1102 et
513 1033 700 1102 secundum
724 1033 788 1102 hoc
809 1031 985 1122 exemplar
1001 1032 1094 1099 beati
1118 1032 1155 1098 in
1179 1031 1312 1100 visione

133 1141 196 1208 Dci
210 1142 336 1211 vident
349 1148 475 1226 cetera,
490 1163 723 1234 quaecumque
736 1142 858 1210 vident
867 1141 999 1208 visione
1015 1140 1188 1208 matutina
1200 1141 1310 1230 (Aug.

134 1245 209 1317 civ.
220 1249 364 1318 Dein.
376 1251 439 1336 7.).
452 1249 744 1332 Quemadmodum
756 1272 839 1338 ergo
850 1249 936 1316 fides
950 1248 1099 1339 fideique
1112 1247 1310 1338 explicatio,

133 1353 315 1446 theologia
326 1358 468 1449 inquam
481 1363 600 1425 nostra
615 1356 801 1446 respondet
816 1355 1013 1444 theologiae
1030 1357 1207 1424 beatorum
1225 1361 1313 1422 tam·

136 1483 236 1552 quam
261 1463 441 1533 inchoatio
464 1485 547 1532 suae
570 1464 870 1548 consummationi,
889 1470 926 1532 et
941 1461 1137 1552 theologiae
1153 1461 1312 1530 infinitae

135 1569 198 1638 Dei
220 1571 339 1661 ipsius
357 1577 533 1662 tamqnam
549 1570 769 1640 adumbratio
785 1593 847 1638 sno
864 1571 1066 1660 archetypo;
1085 1571 1138 1638 ita
1152 1570 1312 1659 princeps

136 1675 208 1744 eius
231 1677 407 1746 obiectum
441 1679 535 1747 Deus
558 1686 634 1766 est,
661 1679 719 1748 cui
751 1679 1015 1767 subiunguntur
1038 1683 1154 1746 cetera
1184 1675 1310 1760 omnia,

135 1790 308 1874 quatenus
330 1783 369 1852 in
393 1785 514 1854 ordine
537 1786 580 1854 ad
603 1787 715 1854 Deum
737 1786 1016 1854 considerantur.

198 1892 456 1960 Habitudinem
478 1891 675 1983 theologiae
690 1900 830 1962 nostrae
846 1893 890 1961 ad
907 1891 1120 1980 theologiam
1135 1891 1312 1958 beatorum

137 1995 268 2089 Deiqne
292 1999 406 2088 ipsius
429 1997 639 2088 explicatam
655 2001 761 2068 habes
777 2000 869 2090 apud
894 1998 930 2068 S.
943 1999 1009 2067 Th.
1024 1997 1057 2066 l.
1069 2023 1102 2090 q.
1122 1995 1154 2066 1.
1173 2020 1205 2066 a.
1224 1998 1257 2084 33
1275 1998 1313 2066 in

138 2105 269 2196 prolog.
282 2105 314 2173 1.
326 2113 458 2198 sentq.
471 2107 503 2173 2·
522 2107 559 2175 in
574 2107 686 2176 Boeth
700 2108 741 2176 de
755 2107 886 2176 Trinit.
895 2129 1044 2197 prooem.
1056 2131 1090 2198 q.
1100 2106 1134 2173 2.
1145 2128 1178 2173 a.
1188 2106 1222 2173 2.
1238 2105 1313 2174 Hoc

138 2214 323 2299 posteriori
345 2213 422 2282 loco
454 2215 529 2282 ait:
550 2243 567 2279 a
588 2215 630 2283 de
653 2213 787 2284 divinis
814 2214 944 2304 duplex
969 2214 1117 2282 scicntia
1142 2213 1310 2298 habetur;

139 2337 204 2384 nna
225 2319 418 2388 secundum
441 2319 579 2388 modum
612 2325 781 2405 nostrum,
799 2342 887 2410 quae
903 2320 1122 2388 sensibilium
1139 2319 1313 2408 principia

139 2426 266 2516 accipit
289 2427 334 2494 ad
356 2425 608 2496 notificandum
631 2427 764 2512 divina,
791 2433 827 2496 et
842 2429 893 2496 sic
909 2426 951 2495 de
966 2427 1098 2496 divinis
1114 2425 1314 2517 philosophi

139 2534 320 2602 scientiam
342 2534 577 2618 tradiderunt,
595 2533 850 2624 philosophiam
866 2535 1013 2624 primam
1031 2534 1186 2604 divinam
1204 2534 1312 2602 scicn-

138 2641 221 2708 tiam
244 2641 415 2728 dicentes;
442 2641 513 2709 alia
536 2642 724 2710 secundum
754 2642 892 2711 modum
915 2643 1069 2732 ipsorum
1100 2642 1310 2724 divinornm,

138 2754 176 2815 ut
190 2747 270 2838 ipsa
285 2747 410 2816 divina
425 2749 612 2818 secundum
630 2749 744 2839 seipsa
760 2750 958 2839 capiantur;
978 2771 1065 2840 quae
1082 2749 1219 2841 quidem
1236 2771 1311 2837 per·

139 2855 228 2924 fecta
251 2856 291 2922 in
315 2861 413 2923 statu
436 2855 515 2925 viae
538 2862 592 2924 est
614 2856 715 2924 nobis
738 2855 976 2946 impossibilis,
1003 2856 1062 2924 sed
1086 2856 1129 2923 fit
1151 2854 1250 2922 nobis
1274 2853 1313 2921 in

139 2965 233 3030 statu
259 2961 340 3030 viae
363 2962 531 3055 quaedam
554 2963 655 3030 illins
678 2963 889 3052 cognitionis
912 2962 1150 3052 participatio,
1176 2965 1212 3028 et
1227 2958 1312 3027 assi-

140 3067 275 3138 milatio
298 3067 344 3136 ad
367 3069 600 3158 cognitionem
623 3069 861 3155 divinam(1),
879 3070 1103 3161 inquantum
1127 3067 1313 3158 perfidem

141 3175 236 3244 nobis
261 3175 415 3243 infusam
448 3176 668 3244 inhaeremus
691 3176 761 3265 ipsi
784 3175 915 3265 primae
939 3176 1086 3246 veritati
1109 3181 1250 3265 propter
1277 3195 1314 3243 se

142 3281 261 3372 ipsam.
274 3282 325 3351 Et
347 3282 441 3350 sicut
461 3282 556 3350 Deus
579 3305 621 3352 ex
645 3283 709 3351 hoc
731 3283 808 3373 ipso
824 3285 914 3376 quod
930 3285 1108 3374 cognoscit
1124 3305 1171 3368 se,
1190 3305 1312 3372 cogno·

143 3389 206 3457 scit
220 3389 296 3456 alia
314 3390 413 3458 modo
428 3410 503 3473 suo,
521 3387 586 3458 hoc
601 3395 655 3459 est
670 3389 821 3480 simplici
836 3391 971 3459 intuitu
987 3415 1056 3458 non
1074 3389 1311 3475 discurrendo;

144 3495 193 3563 ita
214 3519 279 3564 nos
302 3519 344 3564 ex
367 3495 425 3563 his
449 3517 536 3588 quae
559 3495 626 3565 fide
657 3498 836 3586 capimus,
862 3498 995 3588 primae
1018 3497 1164 3566 veritati
1194 3495 1312 3563 inhae-

144 3606 247 3674 rendo
269 3605 429 3674 venimus
452 3605 490 3671 in
513 3604 746 3693 cognitionem
776 3604 924 3673 aliorum
960 3605 1147 3674 secundum
1177 3603 1313 3671 modum

143 3721 309 3796 nostrum,
325 3711 462 3782 scilicet
476 3711 701 3780 discurrendo
717 3711 758 3780 de
778 3711 961 3801 principiis
973 3713 1018 3780 ad
1033 3710 1310 3780 conclusiones...

144 3815 194 3885 Ex
217 3842 284 3911 qno
306 3825 417 3909 patet,
435 3818 526 3910 qnod
543 3817 628 3888 haec
644 3819 793 3888 scientia
807 3823 862 3888 est
873 3820 981 3887 altior
995 3819 1060 3886 illc
1076 3818 1198 3887 divina
1211 3838 1312 3907 quam

145 3923 338 4018 philosophi
372 3925 608 4011 tradiderunt,
642 3949 719 3996 cum
741 3949 784 3996 ex
807 3925 995 3996 altioribus
1027 3923 1212 4016 principiis
1235 3944 1313 4014 pro·

146 4033 252 4104 eadat.
267 4059 286 4097 a

204 4303 245 4380 (1)
258 4307 341 4360 lianc
357 4305 607 4374 participationem
621 4305 750 4374 appellat
762 4305 976 4372 impressionem
992 4303 1018 4356 1.
1033 4319 1062 4371 q.
1077 4303 1104 4357 1.
1118 4317 1146 4356 a.
1159 4301 1184 4352 2:
1197 4318 1209 4346 u
1224 4300 1258 4351 ut
1270 4298 1312 4352 stc

149 4405 223 4450 uera
240 4393 372 4449 doctrina
391 4395 433 4447 sit
451 4395 533 4448 velut
552 4393 690 4464 quaedam
709 4393 859 4462 impressio
878 4391 995 4446 divinas
1015 4391 1162 4457 scientiae,
1178 4401 1249 4456 quae
1268 4389 1313 4440 est

149 4494 202 4538 aaa
212 4485 242 4538 et
255 4483 380 4552 simplex
392 4481 529 4537 omnium.
545 4502 559 4532 ι
