3438 5048
921 353 959 372 ..
981 321 1022 384 ω
1042 353 1080 370 -

482 429 671 522 Superest,¹
686 433 729 498 ut
751 429 946 498 doctrinam
970 427 1197 517 inspiciamus
1219 427 1419 520 Augustini
1441 435 1478 500 et
1508 453 1590 523 quo·

415 540 563 610 ruudam
579 540 728 608 aliorum
744 539 944 622 Doctorum,
960 560 1046 629 quos
1060 537 1186 606 Estins
1203 538 1302 624 citat,
1317 561 1358 608 ac
1374 539 1405 607 si
1422 540 1497 609 sine
1513 563 1591 610 con·

415 648 591 720 troversia
621 647 842 730 docuissent,
869 653 992 735 gentes
1023 668 1110 738 quae
1140 647 1252 736 legem
1282 671 1350 715 non
1375 647 1526 735 habent,
1553 649 1591 718 in

416 763 518 826 textu
541 756 704 847 Apostoli
726 777 800 824 esse
824 754 915 822 solos
937 753 1077 841 fideles,
1103 777 1145 823 ex
1169 777 1236 845 quo
1260 754 1383 824 deinde
1407 779 1500 825 more
1528 780 1591 826 suo

416 871 626 934 memoratus
649 885 845 953 anonymus
879 862 1080 946 concludit,
1105 862 1208 930 iuxta
1230 863 1429 952 Augustini
1451 873 1488 933 et
1509 865 1591 934 reli·

417 996 563 1066 qnorum
588 972 797 1040 senteutiam
820 993 889 1038 non
912 970 1019 1037 aliam
1044 970 1279 1059 cognitionem
1294 971 1385 1061 legis
1399 972 1590 1058 naturalis,

415 1080 487 1148 nisi
511 1101 599 1172 quae
622 1079 672 1146 sit
693 1101 736 1147 ex
761 1077 944 1168 supposita
974 1075 1211 1164 revelatione,
1237 1078 1401 1168 gentibus
1438 1077 1593 1148 adscribi

416 1188 460 1256 ab
482 1185 664 1278 Apostolo.

482 1293 710 1382 Augustinus
733 1290 775 1359 de
799 1290 865 1359 hoo
898 1289 1003 1358 Pauli
1032 1289 1233 1359 testimonio
1256 1290 1356 1360 Rom.
1381 1291 1432 1360 11.
1458 1291 1513 1362 14.
1532 1293 1591 1362 15.

416 1401 494 1492 agit
516 1401 652 1468 duobus
675 1400 713 1467 in
736 1399 823 1468 locis
845 1399 1016 1467 adversus
1039 1397 1251 1488 Pelagianos
1275 1397 1300 1468 l.
1327 1398 1379 1468 De
1403 1399 1532 1490 spiritu
1555 1405 1595 1468 et

415 1512 540 1580 littera
552 1532 583 1578 c.
597 1509 653 1576 26.
670 1533 721 1600 sq.
737 1505 906 1594 n.43-49;
926 1512 1037 1574 contr.
1055 1505 1186 1573 Iulian.
1205 1505 1307 1576 LIV.
1322 1529 1352 1575 c.
1367 1505 1401 1575 3.
1417 1531 1451 1578 n.
1463 1507 1590 1576 23-25.

355 1697 357 1702 ,
415 1619 573 1710 Utroque
596 1622 712 1684 autern
734 1615 810 1685 loco
833 1617 898 1684 sub
921 1614 1052 1704 duplici
1070 1613 1212 1682 diversa
1232 1614 1419 1705 hypothesi
1444 1617 1594 1686 diversi·

416 1726 513 1796 mode
537 1726 643 1794 verba
665 1724 768 1792 Pauli
792 1722 1025 1812 intelligenda
1047 1744 1121 1790 esse
1144 1723 1209 1792 ait.
1237 1723 1275 1792 Si
1300 1724 1502 1792 conceditur
1529 1726 1593 1795 Pe·

415 1835 572 1925 lagianis
594 1831 816 1923 hypothesis,
842 1832 991 1900 Paulum
1015 1829 1123 1922 loqui
1157 1830 1198 1899 de
1229 1832 1469 1902 observatione
1499 1833 1596 1924 legis

417 1943 569 2013 salutari
593 1949 628 2010 et
651 1939 831 2008 meritoria
854 1940 950 2008 vitae
980 1944 1165 2024 aeternae,
1191 1946 1313 2029 gentes
1342 1963 1411 2008 non
1447 1948 1596 2032 possunt

417 2073 492 2122 ease
514 2049 585 2119 nisi
611 2049 750 2134 fideles,
777 2047 839 2140 qni
864 2047 1001 2116 iaciunt
1024 2070 1112 2139 qnae
1136 2048 1227 2138 legis
1258 2053 1361 2131 sunt,
1387 2055 1516 2118 natura
1539 2072 1594 2119 re·

417 2163 568 2230 formata
591 2181 652 2248 per
676 2159 840 2248 gratiam.
868 2156 908 2224 si
932 2179 1026 2242 vero,
1053 2156 1183 2246 pergit,
1216 2156 1400 2226 anundum
1423 2165 1508 2226 sunt
1530 2157 1594 2226 ha·

416 2269 519 2338 bendi
543 2269 580 2336 in
603 2288 899 2350 numerosorum,
926 2288 1011 2358 qnos
1034 2264 1168 2333 Christi
1185 2265 1360 2334 iustificat
1383 2267 1513 2355 gratia,
1532 2266 1595 2338 sed

418 2399 536 2448 eorum
560 2376 690 2466 potins,
717 2397 862 2466 quorum
879 2374 986 2442 etiem
1003 2373 1190 2464 impiorum
1207 2372 1346 2440 neodem
1362 2359 1469 2442 Deum
1480 2398 1595 2441 oerum

416 2487 582 2554 amariter
606 2482 787 2550 colentium
819 2480 987 2573 quaedam
1024 2497 1134 2548 tamea
1165 2481 1271 2570 fucta
1296 2483 1416 2548 merito
1439 2495 1596 2576 recteque

418 2591 612 2673 laudamus,
629 2618 645 2654 n
671 2591 777 2660 etiam
800 2591 851 2660 sic
874 2591 1013 2680 gratiae
1036 2613 1101 2660 sua
1117 2589 1275 2679 dignitas
1291 2598 1327 2658 et
1341 2591 1532 2660 necessitas
1548 2591 1595 2661 ad

417 2721 515 2772 omne
539 2722 625 2791 opus
648 2699 804 2768 salutare
827 2699 1013 2784 constabit,
1033 2698 1118 2789 quia
1148 2697 1286 2766 scilicet
1301 2697 1367 2766 illa
1382 2719 1487 2786 opera
1506 2698 1595 2770 licet

416 2807 574 2894 honesta,
600 2807 737 2876 omnino
761 2815 875 2875 tamen
899 2805 1074 2874 differunt
1096 2805 1140 2872 ab
1164 2806 1325 2895 operibus
1345 2812 1594 2895 supernatura

416 2917 512 2986 libus
535 2939 594 3008 per
618 2917 771 3006 gratiam
795 2915 912 2999 iactis,
938 2937 1007 2982 uon
1031 2911 1176 2982 suntin
1200 2912 1260 2982 via
1283 2913 1422 2998 salutis,
1448 2920 1594 2985 atcerte

417 3049 486 3097 non
518 3025 698 3094 meritoria
730 3024 826 3093 vitae
855 3027 1030 3092 aeternae.
1054 3021 1159 3091 Posse
1190 3027 1305 3090 antem
1336 3019 1495 3091 infideles
1529 3021 1594 3092 hoc

418 3133 516 3201 modo
539 3133 660 3224 aliqua
683 3133 774 3222 legis
796 3137 871 3200 tum
896 3153 1101 3222 cognoscere
1123 3137 1199 3200 tum
1221 3131 1348 3215 facere,
1366 3131 1594 3219 Augustinus

418 3240 515 3309 ultro
538 3240 707 3327 concedit;
733 3248 769 3308 et
793 3239 1004 3329 cognitionis
1027 3238 1237 3330 principium
1262 3260 1330 3306 non
1353 3260 1453 3306 secus
1475 3259 1517 3307 ac
1532 3238 1595 3306 Pa

417 3352 492 3416 tres
514 3347 642 3438 reliqui
666 3347 768 3416 unice
784 3347 971 3415 constituit
986 3355 1149 3415 naturam
1166 3346 1383 3415 rationalem.
1401 3374 1416 3410 u
1432 3345 1594 3428 Quantu-

418 3455 601 3548 lacumque
624 3455 715 3546 legis
738 3477 844 3546 opera
867 3456 1080 3525 naturaliter
1102 3456 1222 3542 insita,
1248 3457 1378 3547 inquit,
1403 3477 1472 3524 non
1494 3454 1593 3526 inve·

421 3637 493 3694 ques
511 3629 544 3675 ut
559 3621 708 3690 punenii
727 3624 907 3688 voluntatem,
922 3623 962 3678 sic
971 3623 1122 3690 mucescit
1140 3631 1166 3676 et
1177 3624 1263 3692 fidem
1274 3620 1321 3696 (ex
1337 3623 1447 3688 Mus.
1464 3621 1499 3678 tle
1520 3621 1595 3678 douc

419 3727 533 3782 persev.
544 3727 568 3764 c.
578 3710 621 3764 1e.
634 3727 662 3764 u.
674 3709 738 3783 41):
760 3717 892 3781 suspecta
910 3711 943 3766 de
963 3714 1085 3781 haeresi,
1100 3729 1217 3780 eamque
1232 3715 1358 3782 sapiens,
1372 3713 1446 3767 alias
1460 3711 1491 3766 ln
1505 3712 1594 3778 Ques·

419 3805 498 3858 nello
517 3801 661 3869 damnata,
683 3817 834 3857 erronea.»
849 3800 905 3875 (Gi.
916 3803 1073 3874 Appendic.
1086 3803 1123 3858 ad
1142 3805 1237 3858 Trect.
1253 3803 1288 3858 ds
1302 3801 1401 3872 Tred.)

484 3893 528 3947 Ex
546 3893 594 3947 his
612 3899 707 3948 tarneu
726 3911 782 3950 non
802 3897 934 3964 sequitur
951 3895 992 3963 id,
1013 3897 1088 3964 quod
1101 3898 1245 3963 nonnulli,
1261 3897 1344 3964 pauci
1357 3899 1451 3948 tamen
1465 3892 1596 3962 theologi

420 3983 591 4052 opinantur,
612 3984 643 4037 ln
662 3984 762 4038 ordine
781 3987 927 4054 praesenti
946 4002 1052 4038 omnem
1072 3987 1263 4053 cognitionem
1287 3985 1340 4039 Dei
1359 3989 1389 4040 et
1407 3983 1518 4038 ordinis
1537 4001 1595 4038 rno-

419 4072 493 4126 rslle
511 4071 581 4126 licet
600 4088 656 4128 non
676 4090 711 4127 ex
730 4076 907 4129 revelatione
931 4074 980 4128 ssd
1006 4075 1114 4130 lumine
1139 4075 1265 4130 rationis
1283 4075 1432 4142 haustam,
1453 4078 1484 4127 ct
1502 4090 1597 4127 omnes

421 4165 502 4216 actus
520 4163 668 4217 morulitor
686 4165 773 4218 bonos
792 4165 824 4218 in
844 4165 1043 4219 observatione
1062 4165 1137 4232 legis
1156 4165 1301 4219 naturalis
1321 4165 1431 4218 elersrl
1445 4179 1495 4232 per
1513 4164 1596 4218 suxi·

421 4250 493 4304 llum
514 4253 625 4318 gratiae
645 4255 875 4322 supernaturalis
895 4254 930 4308 ad
950 4254 1077 4319 ordiuem
1103 4256 1362 4323 supernaturalem.
1386 4253 1470 4308 (terte
1489 4253 1521 4308 lu
1540 4254 1596 4308 hac

374 4411 376 4418 Α
422 4353 453 4393 re
472 4345 554 4394 caute
574 4342 779 4396 attendendum
797 4349 842 4398 cst
860 4343 895 4398 ud
914 4345 1137 4413 propositionem
1150 4344 1218 4398 2³¹¹·
1236 4346 1316 4400 inter
1335 4343 1484 4398 musteo
1497 4343 1534 4398 nb
1546 4345 1595 4398 Iu·

421 4435 553 4491 nccentIc
570 4435 622 4490 11.
637 4435 654 4488 2
666 4435 751 4489 liert.
764 4434 843 4490 1679.
