3224 5068
892 395 930 410 ..
949 363 1011 424 292
1032 395 1070 410 .-

389 472 547 558 possunt,
572 471 615 534 ut
636 466 741 558 paulo
764 472 845 535 ante
877 451 1216 556 demonstravimus3
1242 470 1303 539 sed
1326 469 1404 540 ideo
1426 494 1544 541 enume·

390 573 479 642 ratis
502 573 762 664 compositionis
788 572 986 642 rationibus
1008 573 1046 642 in
1069 573 1157 643 Esse
1183 579 1379 646 necessario
1405 583 1441 647 et
1464 580 1546 648 abso

390 681 467 750 luto
489 681 603 751 locum
626 682 764 752 nullum
787 704 861 751 esse
884 705 982 772 posse
1016 689 1179 770 tuemur,
1206 685 1289 777 quia
1312 686 1398 756 haec
1432 710 1547 778 compo·

390 789 474 858 sitio
496 789 736 880 metaphysica
761 790 861 858 unice
884 791 1081 881 concipitur
1096 797 1133 860 et
1148 793 1284 883 concipi
1298 801 1415 884 potest
1429 797 1548 865 ratione

390 895 653 986 contingentiae
675 903 712 966 et
733 895 969 982 limitationis,
996 920 1084 990 quae
1107 899 1145 968 in
1168 899 1334 986 essentia,
1347 901 1387 970 in
1409 907 1546 991 natura,

390 1003 428 1070 in
451 1027 577 1092 genere
588 1011 625 1074 et
637 1005 750 1096 specie
773 1013 968 1075 creatorum
983 1012 1049 1091 est,
1068 1012 1105 1075 et
1119 1007 1196 1098 ipso
1211 1006 1275 1079 hoc
1294 1016 1461 1100 conceptu
1472 1033 1548 1079 com·

390 1111 575 1202 positionis
597 1112 807 1202 exprimitur
830 1135 871 1182 ao
893 1113 1124 1204 intelligitur.

455 1219 544 1289 Nam
569 1221 602 1287 1ο
625 1220 708 1312 quis
731 1221 884 1290 essentia
907 1227 1089 1290 creaturae
1112 1245 1180 1290 non
1203 1225 1399 1292 necessario
1421 1231 1473 1295 est
1484 1227 1546 1293 exi·

390 1330 486 1394 stans
507 1326 666 1412 realiter,
683 1327 743 1396 sed
758 1349 820 1416 per
844 1351 879 1396 se
905 1333 961 1396 est
984 1328 1022 1396 in
1048 1331 1145 1397 statu
1162 1353 1275 1398 merae
1297 1331 1545 1421 possibilitatis,

390 1455 450 1502 seu
473 1433 511 1501 in
534 1433 692 1524 potentia
714 1434 897 1522 obiectiva;
914 1435 992 1503 ideo
1015 1435 1098 1504 dum
1122 1459 1190 1502 eoae
1212 1436 1436 1508 determinati
1467 1439 1546 1508 ordi·

390 1541 447 1608 nis
469 1563 500 1610 e.
518 1565 554 1632 g.
572 1541 720 1631 angelus
743 1563 765 1610 a
787 1542 859 1610 Deo
883 1549 1036 1627 creatur,
1055 1543 1268 1634 concipimus
1290 1547 1475 1615 essentiam
1495 1569 1545 1614 an·

390 1647 475 1738 geli,
501 1647 559 1718 oui
581 1648 724 1718 accedat
747 1673 814 1716 esee
836 1652 874 1714 in
897 1665 987 1718 cota.
1013 1651 1088 1720 Hoc
1111 1658 1228 1720 autem
1257 1651 1350 1720 nihil
1381 1653 1477 1722 aliud
1507 1652 1546 1720 si-

390 1753 556 1843 gnifieat,
583 1775 685 1848 quam
708 1757 799 1846 quod
823 1755 1059 1846 intelligimus
1081 1756 1172 1826 hanc
1198 1758 1386 1826 essentiam
1417 1759 1547 1828 realiter

389 1861 595 1930 existentem
617 1885 686 1930 non
709 1884 783 1930 esse
805 1863 1000 1932 necessario
1024 1862 1243 1932 existentem.
1269 1865 1384 1957 Atqui
1418 1865 1455 1934 in
1485 1867 1546 1933 Deo

390 1968 544 2038 essentia
558 1975 613 2038 est
628 1969 742 2060 ipsum
762 1969 852 2038 Esse
868 2019 878 2052 ,
903 1993 965 2039 nec
981 1977 1096 2061 potest
1112 1971 1257 2062 proinde
1281 1973 1416 2063 concipi
1439 1972 1546 2042 dimna

390 2077 543 2146 essentia
562 2079 620 2148 oui
636 2077 778 2148 accedat
792 2078 953 2149 divinum
975 2079 1078 2162 Essa·
1094 2081 1281 2150 essentiam
1297 2081 1389 2150 enim
1405 2082 1545 2152 divinam

390 2187 422 2254 si
444 2185 627 2276 intelligas
649 2186 713 2271 ite,
731 2193 773 2255 ut
787 2187 875 2254 Esse
895 2187 929 2256 ei
944 2188 1098 2273 accedat,
1116 2189 1259 2280 perinde
1276 2197 1313 2260 et
1327 2190 1433 2260 etiam
1448 2189 1546 2277 magis

389 2295 578 2364 absurdum
601 2297 694 2364 foret
725 2301 976 2380 commentum,
1001 2317 1042 2365 aa
1065 2296 1095 2365 si
1120 2297 1298 2388 concipere
1315 2297 1426 2368 velles
1447 2321 1545 2366 essen·

388 2402 476 2472 tiam
499 2409 680 2473 creaturae
703 2403 856 2473 alicuius
871 2457 879 2490 ,
897 2405 956 2474 oui
968 2405 1110 2476 accedat
1123 2406 1542 2497 intrinsecapossibilitas.

390 2511 480 2582 Vide
493 2535 599 2603 supra
612 2513 665 2581 th.
677 2513 796 2582 XXII.
807 2537 842 2582 n.
855 2513 905 2582 H.

456 2619 503 2690 2⁶.
528 2621 681 2690 Rursum
697 2621 782 2691 licet
798 2621 1028 2690 subsistentia
1044 2643 1105 2690 seu
1120 2621 1170 2706 id,
1189 2645 1257 2716 qno
1273 2620 1470 2691 formaliter
1484 2621 1545 2688 aa

389 2731 524 2798 stantia
541 2731 672 2819 primo,
689 2727 895 2818 singularia,
913 2730 1065 2818 integra,
1090 2729 1321 2798 constituitur
1344 2727 1544 2820 hypostasis,

390 2837 497 2907 etiam
520 2835 558 2904 in
581 2835 709 2905 creatis
732 2859 800 2904 non
816 2835 865 2904 eit
880 2835 1001 2928 aliqua
1023 2858 1080 2906 res
1096 2835 1277 2921 distincta,
1296 2858 1476 2928 quaecum
1494 2833 1546 2903 illa

389 2951 519 3014 natura
548 2943 778 3012 substantiali
808 2949 1054 3033 componatur;
1080 2943 1141 3012 sed
1164 2943 1213 3012 sit
1234 2943 1313 3034 ipsa
1343 2943 1546 3014 substantiae

392 3055 532 3120 totietas
555 3051 592 3116 in
608 3074 643 3116 ae
658 3049 722 3136 (1),
741 3049 776 3117 h.
791 3073 822 3119 e.
840 3049 890 3119 sit
913 3071 1019 3118 unum
1045 3064 1152 3117 totam
1175 3053 1212 3116 ia
1235 3075 1281 3133 aa,
1306 3057 1478 3144 quatenus
1492 3072 1545 3116 nor

391 3157 666 3230 communicatur
695 3157 801 3228 alteri
831 3157 875 3226 ad
905 3157 1042 3227 modum
1072 3158 1205 3248 partie:
1238 3157 1468 3250 nihilominus
1494 3157 1545 3224 hoc

390 3269 517 3358 ipsum,
534 3288 602 3334 non
625 3287 700 3335 esse
723 3265 885 3351 alterius,
904 3287 973 3334 non
988 3271 1042 3334 est
1057 3265 1244 3335 essentiale
1267 3273 1418 3336 naturae
1440 3265 1544 3335 finitae

389 3395 452 3442 nec
474 3395 516 3441 ex
539 3372 735 3440 necessaria
758 3393 841 3440 suae
872 3371 1097 3462 perfectionis
1127 3373 1326 3462 exigentia;
1360 3373 1421 3443 sed
1448 3377 1545 3464 potest

390 3485 520 3549 natura
542 3477 683 3568 integra
697 3483 734 3548 et
756 3485 838 3547 actu
861 3477 1014 3548 existens
1036 3500 1111 3547 esse
1127 3479 1171 3548 ad
1188 3478 1324 3548 modum
1348 3481 1462 3569 partie
1482 3499 1544 3569 por

390 3586 557 3656 fioiendae
580 3593 708 3656 natura
731 3609 896 3678 personae
919 3587 1110 3678 superioris
1134 3586 1256 3655 saltem
1280 3586 1434 3674 divinae,
1459 3593 1496 3655 ut
1512 3607 1544 3652 ex

391 3695 561 3785 mysterio
583 3695 842 3782 Incarnationis
865 3695 933 3764 lide
955 3700 1103 3764 constat.
1130 3695 1223 3764 Hinc
1246 3716 1315 3763 non
1338 3693 1410 3762 nisi
1432 3716 1472 3762 ex
1493 3692 1544 3760 hoc

392 3804 561 3893 mysterio
585 3802 786 3872 didicerunt
809 3801 996 3872 christiani
1022 3801 1223 3894 philosophi
1245 3807 1283 3872 et
1305 3801 1460 3892 theologi
1481 3821 1544 3870 con·

392 3911 546 3980 siderare
569 3911 790 4003 hypostasim
813 3918 966 3981 creatam
991 3911 1090 3981 velut
1113 3909 1337 4001 compositam
1354 3932 1397 3978 ex
1412 3911 1484 4000 ipsa
1497 3927 1543 3975 na·

392 4025 476 4087 tura
498 4025 534 4086 et
555 4019 653 4088 modo
677 4017 902 4092 subsistendi,
915 4041 977 4107 per
994 4040 1042 4102 se,
1061 4017 1121 4110 qui
1138 4017 1171 4086 ei
1186 4039 1256 4086 nou
1274 4021 1329 4085 est
1352 4013 1542 4085 essentialis.

391 4126 466 4194 Hoc
488 4131 604 4194 autem
627 4125 741 4217 ipsum
771 4124 996 4217 consequitur
1025 4149 1067 4196 ex
1090 4129 1238 4194 naturae
1268 4123 1496 4204 limitatione,
1518 4124 1543 4198 et

391 4233 615 4302 limitationis
637 4239 692 4303 est
714 4233 882 4303 indicium
905 4231 1151 4302 certissimum.
1179 4231 1408 4316 Quamobrem
1436 4235 1543 4298 natura

456 4469 499 4547 (1)
516 4471 653 4527 Rusticus
673 4471 808 4525 dlaconm
821 4473 896 4524 cont.
907 4469 1066 4536 Aoaphaloa
1086 4467 1220 4524 Galland.
1235 4469 1268 4524 Τ.
1279 4469 1347 4522 111.
1362 4485 1392 4538 p,
1405 4467 1447 4520 69.
