3262 5076
846 425 884 438 -
904 391 966 452 544
987 423 1024 436 -

351 523 425 565 nem
440 521 501 568 eeu
517 498 742 565 exclusionem
758 522 781 564 o
797 497 880 564 bono
898 495 1049 564 indebito
1065 495 1190 565 dicunt
1212 493 1325 563 Deum
1350 492 1536 582 concipere

352 627 394 674 ex
411 627 447 674 se
463 606 539 695 ipso
555 605 655 671 nullu
671 607 850 694 supposita
866 605 968 694 culpo
984 605 1142 670 dominis.

419 713 616 782 Audiamus
633 734 741 782 unum
755 711 812 781 vel
823 711 986 780 alterum.
1008 710 1153 778 «Primo
1168 708 1363 779 conclusio:
1373 705 1538 797 reprobo-

352 819 403 888 tio
416 818 481 888 Dei
492 824 636 888 esterno
647 817 802 888 includit
814 824 931 888 ectum
943 817 1224 910 positivum,quo
1234 815 1355 886 voluit
1366 814 1539 907 quosdam

353 949 421 994 non
444 927 628 996 admittere
651 927 695 996 od
719 927 830 994 vitem
854 933 1088 995 ueternum...
1109 925 1269 996 &eunde
1288 921 1483 993 conclusio:
1499 921 1536 988 si

354 1035 592 1104 consideretur
606 1034 762 1104 exclusio
778 1057 799 1101 ι
814 1056 921 1124 reguo
937 1033 1090 1118 coelesti,
1105 1033 1142 1102 in
1156 1038 1326 1126 qnantum
1340 1031 1452 1099 hebet
1466 1031 1536 1098 ior-

353 1141 492 1211 meliter
507 1141 677 1211 rationem
695 1163 823 1232 poenae
839 1141 969 1226 domni,
983 1141 1234 1232 praesupponit
1245 1139 1433 1230 culpem...
1452 1137 1534 1206 Ter·

353 1251 406 1320 tie
420 1249 610 1320 conclusio:
622 1257 722 1320 ectus
738 1249 914 1341 positivus
926 1271 994 1342 qno
1008 1248 1105 1317 Deus
1119 1250 1163 1316 eb
1178 1254 1319 1317 esterno
1334 1245 1456 1314 voluit
1466 1268 1532 1312 non

352 1359 540 1428 admittere
563 1357 728 1450 quosdam
752 1357 789 1425 in
813 1381 915 1427 suum
938 1379 1098 1447 regnum,
1120 1379 1190 1425 non
1214 1357 1287 1424 init
1311 1355 1534 1423 conditione·

352 1473 424 1550 tus,
451 1466 510 1535 sed
533 1465 715 1535 absolutus
738 1466 945 1536 antecedens
969 1464 1007 1532 iu
1031 1465 1133 1554 signo
1160 1464 1312 1532 rationis
1335 1463 1536 1554 praescien-

352 1575 438 1643 tiem
462 1573 545 1642 moli
568 1597 654 1643 nens
677 1573 780 1642 liberi
805 1573 949 1642 arbitrii
981 1572 1098 1641 loturi
1128 1594 1172 1640 ex
1202 1570 1415 1662 hypothesi,
1442 1569 1538 1662 quod

353 1683 631 1752 constitueretur
653 1682 690 1750 in
713 1681 781 1750 teli
804 1681 926 1750 ordine
949 1703 1124 1750 rerum...
1150 1679 1296 1749 Veritus
1320 1679 1433 1748 huius
1456 1701 1539 1747 con·

354 1789 524 1858 clusionis
548 1788 729 1880 potissime
753 1789 926 1858 fundetur
949 1788 985 1856 in
1009 1787 1186 1856 sententio
1201 1787 1267 1855 illo
1282 1808 1371 1878 qnae
1386 1787 1538 1872 usserit,

354 1898 488 1967 nullom
513 1898 590 1967 deri
613 1917 753 1967 oensem
779 1921 821 1967 ex
844 1905 945 1988 perte
968 1904 1091 1966 nostre
1106 1901 1267 1988 respectu
1284 1897 1398 1964 totius
1414 1919 1541 1988 repro·

354 2005 506 2074 betionis
510 2056 577 2073 .....
604 2004 643 2075 Si
667 2027 752 2095 ergo
775 2004 876 2073 nulle
899 2005 1006 2073 detur
1029 2025 1137 2074 conse
1159 2003 1430 2095 reprobationis5
1452 2026 1542 2094 ergo

352 2114 550 2204 reprobatio
565 2136 633 2182 non
656 2113 827 2204 dependet
848 2137 891 2184 ex
916 2113 1078 2204 praeviso
1102 2113 1193 2182 molo
1217 2135 1285 2182 usu
1307 2111 1412 2182 liberi
1439 2113 1542 2182 erbi-

354 2222 418 2290 trii
440 2223 547 2292 etiam
570 2229 612 2292 ut
635 2223 832 2292 conditione
851 2223 928 2291 eine
944 2244 1013 2315 que
1027 2245 1110 2308 non,
1128 2245 1212 2313 ergo
1227 2222 1395 2313 importet
1409 2229 1542 2292 ectum

353 2329 551 2399 absolutum
573 2330 611 2399 iu
634 2331 754 2400 Deo.»
780 2331 839 2399 Ite
862 2329 986 2400 Didoc.
1005 2331 1159 2400 Alvorez
1183 2330 1315 2421 disput.
1338 2329 1417 2398 109.
1444 2353 1488 2399 n.
1507 2333 1541 2398 b.

421 2440 531 2509 Paulo
547 2439 706 2509 timidior
730 2445 786 2510 est
808 2439 952 2528 Soterem
972 2440 1088 2511 voluit
1109 2441 1201 2510 enim
1225 2439 1293 2509 sibi
1315 2437 1408 2509 viem
1436 2461 1544 2531 eper-

354 2553 426 2615 tom
450 2547 649 2642 relinquere
665 2549 709 2617 ad
725 2547 945 2618 conciliendo
965 2547 1250 2634 contradictorio,
1268 2547 1313 2616 od
1328 2569 1545 2636 componen-

354 2657 432 2726 dum
467 2655 605 2726 scilicet
634 2656 740 2726 telem
773 2655 932 2726 obsolute
963 2657 1222 2726 antecedentem
1254 2655 1545 2746 reprobationem

357 2875 495 2939 indebito,
510 2891 566 2928 nou
581 2889 649 2928 vero
663 2875 817 2930 terminum
831 2875 869 2926 od
881 2891 969 2942 quen,
986 2874 1055 2942 quie
1068 2890 1102 2928 ex
1116 2874 1147 2928 vi
1160 2875 1328 2927 corceone
1341 2879 1374 2926 ut
1386 2874 1430 2926 eic
1455 2891 1543 2943 pree

356 2965 414 3019 oiee
426 2969 457 3018 et
474 2968 508 3018 ut
519 2965 608 3018 hebet
617 2965 758 3019 retinuero
769 2979 857 3034 poree
867 2964 1043 3030 uegetiouie,
1058 2979 1114 3016 non
1125 2963 1307 3028 intelligitur
1316 2963 1462 3030 reprobus
1476 2981 1543 3019 esse

354 3055 535 3109 demnendus
546 3059 598 3110 eut
608 3056 664 3108 ulli
676 3071 781 3123 poenee
792 3055 855 3110 eive
866 3054 963 3108 demni
973 3054 1036 3107 sive
1048 3069 1149 3106 senene
1159 3052 1365 3120 reponeres..
1375 3053 1459 3108 lieee
1470 3063 1547 3110 eunt

354 3146 516 3200 elemosine
534 3149 564 3198 ιι
583 3145 697 3211 egreele
716 3145 803 3212 dicte,
820 3148 854 3198 nt
872 3145 1155 3212 intelligamusque
1174 3145 1326 3198 eeneuilli
1346 3144 1485 3212 theologi
1501 3151 1544 3202 lo·

290 3222 300 3235 ’
355 3241 481 3304 quantor
501 3235 534 3288 de
553 3237 752 3304 reprobetione
766 3235 903 3302 neyoeioo
917 3238 947 3288 et
953 3234 1089 3301 positivo.
1103 3235 1160 3288 Res
1180 3249 1248 3289 vero
1267 3250 1339 3302 quee
1359 3237 1540 3306 eillrmetnr,

354 3325 472 3379 ridetur
492 3326 575 3379 nobie
596 3327 746 3380 involvere
768 3324 1033 3378 contrudictionem.
1056 3325 1091 3377 In
1113 3329 1192 3380 stetu
1214 3341 1303 3392 poree
1324 3329 1449 3380 netnree
1479 3346 1541 3384 uon

354 3416 504 3483 supponite
516 3415 675 3470 elevatione
689 3415 725 3470 ed
739 3415 821 3469 finem
836 3415 1082 3483 euperuoturelem
1102 3415 1226 3469 visionis
1247 3415 1394 3470 beetiflcee
1413 3423 1540 3485 negetis

354 3503 441 3557 huius
458 3505 525 3556 tlnle
545 3509 622 3559 ιιιιι
632 3521 708 3557 mero
721 3505 837 3570 coqueio
851 3503 982 3556 beneficii
996 3503 1131 3570 indebitl;
1147 3507 1181 3556 et
1197 3505 1346 3572 supponite
1366 3505 1539 3561 eleeeeioue

354 3597 384 3648 et
403 3593 597 3648 destinatione
617 3593 653 3647 ed
672 3595 757 3647 finem
770 3595 1031 3661 supernaturelem,
1047 3594 1175 3646 excluelo
1188 3594 1223 3646 eb
1236 3594 1323 3646 huius
1344 3594 1411 3646 iuis
1433 3596 1538 3652 ultimi

354 3683 410 3738 iem
432 3684 510 3738 unici
528 3685 728 3738 consecutione
747 3687 794 3736 eet
812 3683 937 3749 privatio
957 3686 987 3736 ιι
1006 3685 1112 3736 melum
1134 3683 1288 3737 meximum
1309 3689 1461 3740 creetnree
1491 3705 1537 3742 re-

355 3775 468 3843 tioneli;
489 3777 519 3829 et
539 3775 589 3842 qul
608 3775 644 3828 eb
663 3775 716 3828 hoc
731 3775 787 3828 flue
810 3775 913 3828 ultimo
935 3775 1111 3841 excluditur,
1133 3789 1165 3827 ιι
1186 3775 1249 3842 ipso
1268 3778 1313 3828 ιιι
1331 3773 1488 3832 demnetee
1507 3785 1538 3834 et

353 3881 460 3935 poenes
474 3867 578 3920 seltem
592 3863 689 3918 domni
709 3864 873 3932 deputetur:
889 3879 980 3932 poene
993 3865 1068 3918 enim
1082 3863 1179 3918 domui
1193 3865 1271 3918 nihil
1284 3869 1329 3918 est
1345 3865 1426 3919 eliud
1446 3884 1535 3934 quem

350 3957 477 4024 privatio
501 3955 597 4008 ultimi
610 3955 680 4021 finis
701 3955 937 4022 supervenientis,⁸
952 3956 1021 4009 heec
1034 3961 1128 4008 eutem
1147 3955 1313 4009 ietentibue
1331 3957 1462 4010 omuiboe
1482 3960 1535 4014 Ce-

354 4045 472 4100 thollcls
494 4047 547 4098 sub
567 4047 624 4098 Deo
644 4045 722 4098 insto
742 4049 771 4098 et
792 4045 863 4099 bono
883 4044 1019 4111 supponit
1043 4047 1199 4112 porcetum.
1219 4045 1275 4098 Pro
1291 4049 1425 4099 creature
1444 4049 1534 4101 retio-

350 4135 416 4188 'ueli
434 4135 549 4190 elevete
568 4135 604 4188 ed
616 4135 700 4188 tinem
714 4135 962 4202 supernaturelem
977 4135 1086 4200 glories
1101 4136 1234 4188 coelestis
1249 4137 1402 4188 «exclusio
1421 4137 1458 4190 eb
1479 4137 1534 4192 trec

354 4225 450 4290 glorie
467 4225 594 4291 prescire
613 4228 647 4277 ut
666 4225 755 4280 hebet
775 4225 916 4278 rationem
930 4239 1022 4278 meme
1038 4225 1212 4292 sepelienta,
1229 4247 1242 4274 ι
1264 4225 1336 4291 quin
1347 4225 1388 4278 sit
1401 4227 1533 4292 prisneio

348 4315 420 4379 fleis
440 4315 545 4377 ultimi,
567 4317 626 4368 tem
645 4319 690 4368 est
708 4315 909 4382 impossibilis,
926 4329 1009 4382 quem
1028 4315 1221 4382 impossibilis
1242 4319 1290 4367 ιιι
1306 4315 1417 4369 ebletio
1439 4315 1530 4384 vites,

355 4403 426 4470 quin
445 4403 485 4456 eit
506 4417 590 4470 more,
604 4405 791 4472 quantumvis
806 4405 957 4460 subtiliter
970 4405 1135 4470 distingues
1153 4405 1232 4458 iuter
1248 4405 1436 4459 cesseticnem
1452 4407 1532 4462 vitee

355 4495 389 4544 ut
408 4491 537 4547 deiectus
559 4493 638 4548 vitee
658 4497 703 4548 eet
722 4511 799 4550 mere
818 4495 945 4563 cepasio,
960 4499 990 4549 ιι
1003 4496 1082 4550 inter
1100 4481 1217 4550 nortem
1240 4497 1274 4548 ut
1294 4498 1341 4549 eet
1353 4495 1494 4562 prieneo.
