3376 5068
883 391 921 404 ..
944 359 1004 421 420
1025 391 1061 405 -

396 468 502 538 etiem
525 465 639 558 possit
661 464 847 535 dissentire
870 465 922 554 (1)
938 465 1056 553 (Cone.
1079 465 1178 536 Trid.
1198 488 1282 536 sess.
1302 464 1367 536 VI.
1386 485 1461 556 nep.
1479 466 1512 536 5.
1530 469 1563 534 et

398 599 474 645 nen.
499 576 563 661 4.)‚
589 573 723 645 elerum
746 573 884 642 omnino
907 573 1062 660 videtur,
1087 573 1126 642 in
1148 599 1244 642 sensu
1267 576 1448 664 composito
1472 578 1509 642 et
1529 573 1564 640 in

321 687 326 701 ‘
397 682 588 773 hypothesi
603 681 694 774 quod
709 681 779 750 iam
801 681 915 751 omnis
937 681 1079 768 adsunt,
1098 704 1186 774 ques
1209 681 1421 752 intrinsecus
1443 680 1565 750 eonsti-

397 796 507 862 tuunt
528 795 644 860 sotum
672 790 842 880 primum,
875 812 974 880 posse
997 789 1097 882 sequi
1120 812 1182 881 pro
1205 789 1317 858 libers
1339 787 1491 858 hominis
1513 787 1566 856 de-

398 898 644 968 terminatione
667 918 847 968 assensum
870 897 928 967 rel
950 896 1145 966 dissensum
1168 896 1206 966 in
1228 901 1311 966 notu
1335 893 1499 964 seeundo.
1516 894 1567 963 Ao

398 1005 541 1099 proinde
563 1004 669 1074 etiem
686 1004 938 1074 eonoedendum
955 1010 1020 1090 est,
1039 1009 1196 1096 speeteto
1211 1011 1295 1075 eetu
1309 1003 1421 1096 primo
1445 1024 1568 1072 osusee

397 1116 529 1184 liberae
550 1113 589 1182 in
610 1137 708 1182 sensu
730 1114 910 1204 composito
927 1136 1004 1184 enm
1027 1115 1185 1183 omnibns
1206 1112 1419 1184 intrinsecus
1442 1110 1568 1181 eonsti-

398 1224 600 1309 tuentibns,
625 1245 694 1292 non
716 1244 816 1314 posse
839 1221 1000 1312 eognosei
1030 1244 1072 1291 ex
1095 1221 1171 1290 illis
1195 1221 1354 1291 omnibus
1384 1239 1569 1310 eorumque

398 1335 528 1400 nature
549 1351 611 1420 per
630 1351 669 1398 se
692 1328 911 1398 eonsiderom
933 1333 1050 1398 sotum
1073 1328 1263 1398 seeundum
1285 1328 1568 1408 determinatum,

400 1440 483 1532 quis
505 1437 580 1507 illis
603 1438 761 1507 omnibus
785 1437 1039 1507 determinatus
1061 1458 1130 1505 non
1153 1441 1207 1506 est
1229 1436 1292 1525 (2).

466 1675 509 1750 (1)
526 1676 633 1743 Agitur
654 1677 689 1732 ds
709 1692 742 1731 es
762 1675 866 1744 gretie,
887 1676 941 1731 snb
959 1689 1016 1743 qus
1033 1674 1172 1729 bserstlol
1192 1674 1338 1740 negrbmt
1358 1674 1526 1728 llbsrtstom
1543 1677 1572 1727 st

401 1768 580 1825 sfflrmsbsnt
595 1766 797 1822 nenessitetsm
817 1765 1005 1834 essentiendi,
1026 1768 1058 1818 st
1076 1766 1122 1820 eni
1141 1766 1222 1820 bomo
1239 1779 1270 1819 re
1288 1766 1355 1833 ipss
1374 1763 1527 1818 ssssentit
1544 1766 1572 1816 et

401 1862 601 1927 cooperatum
616 1861 650 1911 nt
668 1856 826 1912 Oonoilium
839 1856 892 1923 sit,
913 1855 1039 1924 sdsoque
1058 1856 1157 1922 egitur
1177 1857 1212 1908 de
1230 1855 1330 1924 prurio
1341 1855 1466 1924 efficaci,
1488 1857 1571 1921 stqus

401 1950 475 2003 bsne
484 1950 570 2004 telem
581 1947 705 2015 gratim
716 1947 823 2002 dieitur
831 1947 913 2000 bomo
925 1947 1163 2015 «inspirationem
1173 1947 1316 2016 resipiens
1326 1944 1451 2000 sbliosre
1460 1959 1570 2013 possem

402 2037 516 2107 quodsi
535 2039 596 2106 dut,
608 2037 709 2106 utique
722 2037 819 2104 gretie
838 2051 873 2090 ex
887 2039 971 2105 oulps
987 2037 1112 2092 bominis
1125 2052 1183 2091 non
1205 2037 1264 2091 erit
1276 2036 1442 2104 formaliter
1460 2035 1570 2104 effisos.

467 2125 509 2201 (2)
527 2128 601 2194 Quis
613 2128 741 2194 theologi
753 2128 812 2196 illi,
834 2128 885 2196 qni
905 2129 936 2181 ln
950 2127 1083 2196 opposlts
1095 2128 1164 2182 sunt
1176 2127 1334 2195 sententis,
1353 2141 1440 2194 steps
1454 2141 1570 2192 nonque·

401 2223 515 2286 runtnr,
536 2233 593 2272 non
614 2217 671 2271 rite
683 2217 824 2286 expllouri
842 2232 950 2270 sensum
962 2216 1139 2283 rumpentium
1153 2219 1184 2270 st
1202 2215 1323 2269 divisum
1335 2231 1393 2271 sss
1405 2213 1570 2281 sdmissum;

402 2308 473 2376 qnid
491 2307 550 2377 ipsl
569 2307 622 2362 hoe
639 2306 828 2362 distinetione
847 2306 1035 2375 intelligunt,
1056 2306 1177 2360 rsiersm
1200 2305 1329 2374 ipsorum
1349 2305 1460 2360 verbis.
1473 2324 1488 2354 ι
1499 2306 1572 2359 Esse

402 2398 577 2468 propositio:
602 2397 725 2452 liberum
742 2397 895 2452 arbitrium
914 2399 1010 2466 potest
1028 2395 1185 2450 dissentire
1200 2396 1227 2450 si
1239 2397 1323 2464 velit,
1338 2394 1425 2450 debet
1441 2394 1572 2460 intelligi

402 2488 574 2558 simpliciter
591 2486 743 2557 loquendo,
764 2503 820 2541 uon
841 2491 936 2542 sutem
947 2487 980 2541 in
990 2503 1072 2540 sorum
1085 2487 1235 2554 composito
1254 2486 1307 2554 its,
1321 2489 1355 2539 nt
1368 2485 1485 2554 possint
1497 2489 1570 2540 sture

402 2581 488 2634 simul
504 2579 573 2634 bseo
586 2577 651 2646 dno,
672 2577 785 2632 soilleet
800 2581 852 2632 boe
871 2577 1012 2631 omitum
1023 2577 1128 2646 effisos
1145 2576 1241 2630 noterit
1257 2577 1291 2629 tn
1308 2575 1430 2642 lemine,
1446 2579 1479 2630 st
1494 2579 1571 2628 torro

401 2671 505 2725 resistit
519 2670 707 2724 dissentiendo
713 2688 723 2734 ,-
742 2668 818 2722 rstio
838 2671 933 2723 sutem
946 2672 991 2722 est
1006 2667 1141 2722 evidens:
1159 2666 1307 2724 voluntsti
1326 2667 1401 2721 enim
1423 2667 1488 2722 sins
1508 2666 1571 2734 quir

403 2763 542 2818 resistet?
560 2760 654 2817 Bonos
673 2760 704 2812 in
719 2759 745 2812 1.
760 2774 787 2828 q.
801 2760 845 2812 23.
858 2775 884 2814 s.
896 2759 923 2813 8.
936 2758 1002 2812 dub.
1013 2759 1116 2812 ultimo
1133 2759 1258 2813 oonolur.
1271 2759 1315 2813 10.
1330 2778 1344 2806 a
1353 2757 1423 2812 (ium
1436 2757 1569 2812 disimnr:

403 2853 500 2906 elbum
519 2854 697 2921 potestesse
721 2849 835 2916 nigrum
853 2850 885 2901 in
909 2864 991 2902 sensu
1008 2847 1170 2915 composito,
1192 2863 1248 2901 non
1267 2847 1477 2915 significemus,
1497 2845 1571 2914 qnod

403 2941 504 2998 albedo
524 2943 565 2996 sit
579 2941 627 2996 rel
646 2955 708 2994 esso
718 2939 812 3007 possit
830 2953 957 2992 seorsum
969 2937 1001 2991 in
1016 2938 1114 3006 sliqno
1126 2937 1263 3006 nubilento,
1276 2939 1323 2992 vsl
1337 2937 1457 3004 nigredo
1469 2938 1513 2992 sit
1524 2941 1571 2992 sut

403 3049 465 3087 osse
483 3031 577 3100 possit
593 3030 625 3084 in
646 3029 783 3084 subiecto:
803 3029 853 3082 sed
874 3032 1053 3096 senensem,
1076 3027 1151 3096 quod
1174 3027 1275 3083 albedo
1295 3031 1325 3082 et
1344 3027 1465 3095 nigredo
1486 3029 1570 3084 simul

402 3123 462 3176 sint
480 3120 695 3189 compossibilss
714 3118 747 3171 in
768 3117 864 3173 eodem
882 3118 1018 3185 subiecto,
1044 3120 1075 3172 st
1100 3121 1254 3188 propterea
1276 3118 1438 3189 propositio
1460 3119 1517 3174 ills
1541 3119 1570 3171 in

401 3228 483 3264 sensu
508 3210 657 3276 composito
676 3211 722 3262 est
740 3208 826 3262 isles.
842 3207 916 3274 urge
938 3207 1076 3262 similiter
1095 3223 1157 3263 eum
1178 3207 1330 3276 asseritur,
1352 3208 1475 3262 liberum
1496 3209 1569 3263 erbl-

403 3301 618 3354 trium·motnm
639 3315 656 3352 s
675 3299 734 3352 Deo
752 3298 863 3352 auxilio
886 3298 989 3352 ebionei
1007 3312 1063 3351 non
1086 3311 1171 3365 posse
1192 3297 1224 3350 in
1245 3313 1327 3350 emm
1344 3298 1496 3363 composito
1515 3297 1569 3351 dis·

403 3390 520 3456 sentiro,
532 3404 589 3442 non
608 3387 788 3454 significatur
806 3389 907 3455 solum,
921 3386 996 3456 qnod
1009 3387 1150 3443 auxilinm
1162 3389 1258 3442 effleex
1278 3389 1319 3442 sit
1330 3389 1383 3441 snt
1402 3403 1466 3442 esse
1477 3389 1568 3457 possit

403 3482 433 3532 in
451 3480 543 3532 libero
564 3478 689 3532 bominis
710 3477 850 3546 arbitrio,
874 3479 920 3532 rel
941 3476 1016 3545 qnod
1039 3476 1187 3532 dissensus
1209 3478 1250 3532 sit
1275 3480 1326 3532 snt
1346 3493 1409 3532 esse
1428 3478 1523 3546 possit
1539 3479 1567 3530 in

404 3569 494 3624 libero
511 3568 649 3636 arbitri03
664 3567 714 3622 sed
727 3567 802 3636 qnod
821 3568 962 3621 assiliunt
980 3567 1084 3636 effisos
1101 3574 1128 3619 et
1147 3567 1287 3620 dissensus
1305 3568 1426 3621 demotis
1438 3583 1567 3636 nospes

402 3661 461 3712 sint
479 3658 634 3711 merimuz
651 3658 683 3709 in
702 3657 821 3710 eodone
843 3657 910 3712 Did.
920 3657 1044 3712 Alvsres
1062 3656 1097 3710 ds
1115 3655 1214 3711 Annii.
1231 3657 1307 3726 disp.
1320 3658 1366 3711 94.
1382 3674 1412 3712 n.
1423 3659 1450 3712 8.
1470 3657 1568 3714 luitis

404 3747 564 3816 explicetur
589 3762 690 3801 sensus
712 3747 798 3801 huius
821 3745 1019 3801 distinotionis
1041 3746 1073 3800 in
1102 3747 1243 3815 Psnoplio
1268 3747 1391 3803 Thomse
1417 3747 1453 3802 de
1472 3749 1568 3804 bonor

402 3837 446 3912 (ll.
459 3839 482 3894 1.
495 3839 580 3892 treet.
590 3837 618 3892 4.
630 3853 669 3891 er.
680 3833 785 3909 e-15.),
798 3838 848 3892 ubi
864 3837 942 3891 inter
960 3841 1055 3892 oeters
1071 3837 1228 3892 sesumitnr
1247 3839 1315 3892 bsee
1327 3837 1496 3894 derlsrstio.
1511 3859 1524 3886 ι
1536 3839 1566 3892 ln
1662 3895 1667 3904 ,

403 3930 451 3983 bis
469 3928 732 3997 propositionibus:
746 3943 832 3994 segor
842 3930 940 3996 potest
952 3943 1014 3982 esse
1034 3943 1131 3995 sunus,
1146 3927 1249 3983 sedens
1268 3931 1365 3997 potest
1378 3933 1468 3997 storo,
1481 3943 1568 3982 renus

403 4017 760 4086 componderationes,
789 4018 858 4085 quis
877 4017 1006 4072 involvit
1034 4017 1296 4086 incompossibilio5
1317 4021 1362 4072 ert
1380 4019 1456 4073 enim
1485 4019 1564 4074 tuiis:

402 4107 465 4161 fleri
486 4110 594 4176 potest,
611 4116 645 4160 ut
662 4107 758 4160 sedem
776 4107 842 4159 dum
858 4106 941 4170 redet,
963 4114 1030 4174 ποις
1043 4115 1075 4159 ut
1089 4107 1249 4175 aspendum
1266 4124 1349 4177 ospes·
1361 4115 1411 4174 m,
1425 4125 1510 4162 sunus
1520 4109 1565 4172 εἰη

403 4213 465 4252 enm
485 4199 579 4251 tamen
599 4211 701 4250 sensns
722 4195 834 4250 divisus
854 4195 895 4249 sit
914 4211 1019 4250 verns:
1045 4195 1109 4250 fleri
1126 4199 1232 4266 potest,
1254 4207 1286 4250 ut
1304 4197 1329 4251 is
1341 4198 1392 4266 qui
1408 4198 1491 4262 sedet,
1509 4203 1565 4260 rtet

403 4287 453 4354 qut
481 4293 522 4338 ert
544 4302 640 4352 asper,
662 4285 700 4338 sit
726 4302 831 4350 sanus,
853 4286 971 4338 diuersis
991 4287 1099 4340 scilieet
1121 4286 1299 4354 imperitos.
1316 4308 1329 4336 s
1349 4287 1398 4341 Its
1417 4287 1480 4342 ins.
1501 4283 1565 4340 vids

404 4376 490 4430 etism
508 4377 628 4431 Bonitus
647 4375 682 4431 ds
702 4375 802 4432 (iretis
820 4376 929 4445 disput.
950 4376 1040 4431 theol.
1059 4377 1093 4431 ¹1⁵.
1104 4377 1155 4432 1v.
1172 4375 1247 4445 disp.
1260 4375 1303 4430 13.
1322 4375 1388 4432 dub.
1404 4377 1430 4431 1.
1449 4379 1487 4444 2.
1501 4375 1525 4432 1.
1539 4375 1562 4426 2.

403 4467 447 4521 ed.
460 4467 539 4522 1737.
553 4467 603 4522 ubi
623 4467 666 4521 ito
679 4466 802 4522 bsbetnr
820 4482 849 4520 n.
862 4465 907 4520 25.
921 4486 934 4515 u
948 4465 1091 4522 Consistit
1110 4481 1176 4533 orgo
1197 4465 1350 4522 &eunetis
1366 4465 1487 4522 medrus
1499 4481 1561 4519 eos·
