3262 5076
554 399 591 412 -
614 367 673 430 497
695 400 732 413 -

58 477 227 546 communi
249 475 439 566 proposita.
467 473 567 544 Sicut
590 475 679 542 bona
704 480 864 559 naturae,
891 473 1008 566 inquit
1035 472 1229 562 Gregorius

57 585 140 654 Nan.
159 589 226 672 (or.
246 583 302 654 83.
321 583 357 651 al
372 583 428 652 34.
447 606 483 651 n.
502 581 565 670 a),
585 583 779 650 communia
803 588 887 652 suut
913 582 1228 665 hominihus,eon1-

58 715 155 760 mune
179 691 324 775 coelum,
350 711 545 760 communes
568 689 619 757 sol
643 695 679 758 et
701 689 788 758 luna
810 696 845 758 et
868 689 991 758 stellae
1014 694 1050 756 et
1073 687 1155 754 anni
1180 687 1229 754 vi-

57 799 280 868 cissitudines
302 805 338 867 et
353 797 495 888 pluviae
520 802 555 864 et
571 797 710 865 fructus
724 804 760 866 et
776 809 845 882 aer,
864 801 901 866 et
915 797 1007 864 ratio
1024 793 1225 880 eommunis,

57 909 103 976 ita
121 937 138 972 e
157 929 354 976 communes
376 912 461 974 sunt
482 905 552 989 lex,
571 906 772 996 prophetae,
791 905 928 998 ipsique
943 904 1077 974 Christi
1094 903 1226 974 orucia-

55 1021 120 1100 tus,
146 1037 212 1104 per
228 1036 314 1106 quos
331 1011 525 1082 restaurati
541 1035 661 1098 sumus
676 1035 745 1080 non
762 1013 858 1081 fecta
875 1012 995 1104 aliqua
1012 1010 1223 1100 exceptione,

56 1123 110 1193 sed
134 1145 253 1190 omnes
276 1119 427 1190 eiusdem
451 1121 565 1189 Adam
590 1120 780 1210 participes
796 1127 832 1190 et
847 1142 869 1188 a
884 1125 1043 1211 serpente
1066 1119 1103 1186 in
1129 1119 1225 1186 frou·

55 1232 124 1299 dem
148 1231 288 1300 inducti
311 1235 348 1298 et
362 1253 424 1320 per
438 1235 617 1320 peccatum
635 1234 745 1296 morte
760 1229 892 1313 affecti,
917 1234 954 1298 et
969 1251 1029 1318 per
1046 1227 1223 1297 coelestem

55 1339 163 1408 Adam
187 1337 300 1408 selnti
322 1337 483 1407 restituti
505 1337 608 1406 etad
631 1337 769 1426 lignum
794 1337 908 1424 vitae,
935 1336 1025 1406 unde
1048 1335 1224 1406 excidera-

56 1469 137 1532 mus,
163 1469 229 1538 per
251 1445 389 1535 lignum
410 1443 622 1534 ignominiae
644 1443 843 1514 revocati.»

532 1673 676 1735 THESIS
697 1675 750 1736 LI.

162 1797 362 1860 Vindicatnr
382 1797 535 1860 doctrina
554 1797 587 1860 S.
600 1799 785 1877 Augustini
805 1799 844 1861 cle
865 1798 1117 1860 universalitate

447 1897 630 1957 voluntatis
651 1898 827 1975 salvificae.

114 2089 128 2116 ι
141 2067 186 2123 Ad
196 2065 390 2133 Augustiuum
403 2066 477 2134 quod
492 2069 612 2134 spectet,
625 2065 802 2120 testimoniis
815 2068 929 2120 cenent
938 2065 1054 2120 minime
1066 2065 1219 2132 ambiguis,

57 2176 138 2213 »sum
159 2159 249 2213 etiarn
276 2159 333 2211 iam
357 2159 473 2224 cognita
496 2157 654 2222 Pelagiana
674 2157 788 2210 heeresl
808 2157 992 2211 cemoeterio
1012 2157 1148 2210 Patribus
1169 2155 1222 2209 do·

57 2250 168 2302 uenisse
187 2249 370 2302 voluntatem
392 2247 444 2302 Dei
468 2246 625 2300 salvificam
646 2247 851 2299 antecedentem
869 2249 955 2314 plene
974 2246 1201 2299 universalem„

112 2389 152 2456 1·.
179 2387 392 2456 Constantes
406 2385 563 2455 defendit
578 2385 825 2476 Augustinus,
844 2385 1023 2456 Christum
1039 2409 1102 2476 pro
1118 2387 1222 2455 omni·

55 2497 110 2566 bns
121 2497 261 2565 omnino
276 2493 473 2564 hominibus
489 2494 699 2564 redimendis
717 2494 922 2584 sanguinem
939 2496 1084 2564 fudisse.
1102 2497 1221 2588 Neque

55 2605 84 2672 id
105 2605 203 2673 modo
228 2603 349 2673 docuit
371 2609 452 2671 ante
476 2608 632 2671 exortam
655 2602 827 2671 haeresim
850 2601 1006 2692 Pelagii,
1034 2604 1094 2671 sed
1118 2603 1220 2673 immo

56 2717 165 2780 contro
188 2709 399 2799 Pelagianos
421 2707 488 2778 hac
512 2709 664 2777 veritate
688 2708 788 2779 velut
811 2709 983 2800 principio
1006 2708 1220 2778 Christianis

57 2819 203 2887 omnibns
220 2815 414 2886 certissimo
431 2839 515 2884 usus
532 2821 596 2901 est,
611 2838 677 2908 qno
694 2823 873 2906 peccatum
886 2816 1036 2906 originis
1053 2817 1090 2884 in
1102 2839 1219 2886 ornnes

56 2924 199 2996 homines
217 2924 426 2994 transivisse
441 2923 705 2994 demonstraret.
729 2953 745 2989 u
762 2924 862 2993 Unus
877 2947 939 3015 pro
956 2925 1113 2993 omnibus
1131 2947 1219 2992 mor·

56 3039 128 3102 tuus
142 3041 218 3121 est;
236 3056 319 3124 ergo
336 3055 452 3102 omnes
468 3033 597 3101 mortni
612 3040 707 3118 sunt,
727 3055 789 3123 pro
807 3031 934 3124 quibus
949 3033 1112 3102 Christus
1129 3055 1218 3101 mor-

56 3149 126 3210 tuus
147 3147 204 3211 est
227 3141 275 3228 (2.
294 3140 371 3208 Cor.
386 3139 431 3209 V.
447 3139 520 3228 14.)
544 3140 643 3229 Nega
665 3141 779 3230 igitur
810 3139 987 3209 Christum
1019 3142 1125 3210 etiam
1155 3164 1217 3232 pro

58 3251 205 3338 parvulis
228 3257 422 3334 mortuum,
449 3255 489 3316 nt
519 3249 652 3318 eximas
682 3271 739 3318 eos
763 3249 804 3319 de
826 3272 969 3319 numero
1002 3256 1217 3320 mortuorum

57 3354 125 3426 he.
143 3358 185 3428 de
211 3357 372 3447 contagio
395 3362 655 3447 peccatorum...
675 3355 768 3440 Quia
792 3358 823 3426 si
846 3357 1009 3426 Christus
1039 3380 1101 3448 pro
1130 3357 1217 3448 ipsis

59 3472 202 3534 mortuus
219 3469 285 3550 est,
304 3485 388 3554 ergo
411 3469 447 3532 et
463 3463 533 3553 ipsi
549 3464 679 3532 mortui
694 3471 807 3533 sunta
826 3471 937 3534 contr.
957 3464 1088 3533 Iulian.
1105 3465 1131 3533 1.
1149 3464 1212 3534 VI.

60 3596 83 3640 e.
99 3573 128 3660 93
145 3575 190 3642 ef.
209 3573 257 3642 ib.
274 3595 305 3640 c.
322 3573 357 3658 43
375 3570 452 3639 Oiv.
470 3572 536 3640 Dei
551 3571 576 3639 l.
595 3572 675 3640 XX.
691 3596 721 3641 c.
737 3573 769 3659 63
788 3573 829 3642 de
843 3573 953 3662 Nupt.
968 3577 1005 3640 et
1019 3572 1213 3662 concupisc.

60 3678 132 3746 1.Π.
143 3703 172 3748 c.
189 3679 246 3767 33;
262 3678 325 3770 Op.
341 3678 533 3769 imperfect.
546 3677 571 3746 1.
584 3677 634 3745 Π.
650 3679 1001 3748 c.174.VidePetov.
1017 3679 1059 3747 de
1073 3679 1212 3747 Incern.

60 3783 80 3851 l.
94 3785 188 3855 XIII.
203 3811 233 3856 c.
253 3785 287 3872 35
307 3783 474 3875 Stephon.
494 3785 536 3854 de
552 3784 716 3875 Chsmps:
728 3786 769 3854 de
785 3785 929 3856 Haeres.
947 3785 1085 3853 Ianscn.
1104 3785 1128 3852 1.
1142 3783 1212 3853 III.

61 3890 134 3984 disp.
151 3896 183 3964 7.
200 3895 232 3963 I.
250 3895 293 3963 Β.
311 3893 427 3963 Fauno
443 3893 487 3963 ad
503 3892 650 3964 Euchir.
670 3893 763 3984 Aug.
784 3918 814 3964 e.
832 3893 955 3963 41-47.
976 3893 1052 3962 120.
1072 3892 1134 3980 (1).

113 4087 150 4162 (1)
168 4092 249 4158 Quod
269 4107 305 4145 cx
321 4090 480 4158 Augustini
499 4109 543 4160 cp.
557 4091 619 4146 169.
634 4095 674 4146 nl.
687 4093 748 4146 102.
763 4109 791 4146 n.
804 4093 832 4145 4.
847 4091 882 4146 sd
895 4090 1034 4146 Evodium
1047 4091 1215 4147 Iensenient

66 4181 187 4248 tunquam
206 4183 384 4237 tutissimum
401 4198 468 4236 suso
488 4183 638 4237 haereseos
653 4183 797 4250 puledium
812 4197 914 4247 urgere
934 4182 1067 4236 solebant
1087 4183 1214 4235 testimo·

67 4271 137 4340 dum,
159 4274 267 4328 nulllus
287 4277 332 4327 est
350 4273 484 4342 ponderis
503 4272 538 4326 ed
557 4273 588 4326 id
606 4273 793 4340 probandum,
815 4273 890 4339 quod
908 4272 968 4340 ipsi
986 4274 1099 4326 volunt.
1119 4273 1214 4337 hugu-

69 4360 143 4416 rtiurr
169 4365 242 4417 enlm
268 4364 333 4416 illic
358 4363 520 4418 consideret
541 4367 657 4416 mortem
681 4363 791 4416 (lhristl
816 4378 867 4430 pro
887 4363 1050 4416 hominibus
1074 4364 1105 4415 in
1130 4376 1213 4415 sensu

69 4455 197 4519 conposito
214 4470 275 4507 eum
295 4453 457 4508 conditione
476 4469 510 4508 ex
528 4455 610 4523 parte
629 4453 774 4506 homiuum
793 4452 948 4522 implenda,
963 4467 1024 4507 cnm
1042 4452 1214 4518 gloriatione

186 4557 342 4616 reamare
1035 4559 1070 4614 82
