3394 5056
598 445 635 461 ..
656 413 697 474 53
718 447 755 459 -

152 522 241 594 Sine
263 521 368 592 dubio
391 517 509 610 igitur
531 513 723 610 Apostolus
746 519 846 589 docet
868 517 1074 588 rationalem
1097 519 1266 608 cognitio·

87 654 163 700 nem
187 630 325 700 ordinis
347 626 493 698 moralis
516 627 580 713 ita,
606 632 649 697 ut
671 627 708 696 in
725 649 766 696 ea
782 625 888 695 simul
904 627 1127 696 contineatur
1145 627 1268 695 saltem

87 741 237 810 confuse
258 735 414 828 cognitio
437 734 623 805 existentis
646 735 724 820 Dei,
751 734 905 826 supremi
927 734 1146 825 legislatoris
1161 741 1199 804 et
1214 733 1266 802 ul-

88 847 166 918 timi
190 845 286 915 finis.
312 845 389 914 Iam
412 843 550 913 verosi
574 843 730 933 cognitio
754 841 980 933 obligationis
1003 847 1119 934 potest
1143 865 1217 912 esse
1232 849 1269 912 et

88 976 217 1025 revera
237 951 361 1046 aliqua
383 957 438 1021 est
455 949 664 1040 simpliciter
687 973 748 1042 per
771 949 887 1022 lumen
911 951 1201 1043 rationisfabsque
1216 973 1269 1028 re<

90 1063 269 1134 velatione
290 1061 458 1153 positive,
472 1065 515 1129 ut
529 1058 678 1129 Paulum
694 1060 814 1130 docere
831 1059 1159 1148 demonstravimns;
1178 1059 1270 1129 idem

88 1173 206 1240 lumen
220 1171 372 1240 rationis
384 1169 589 1260 intelligens
605 1169 853 1259 obligationem
867 1169 959 1260 legis
971 1170 1166 1239 necessario
1182 1191 1269 1239 com·

89 1278 262 1370 plectitur
273 1279 383 1350 etiam
398 1277 509 1348 Deum
525 1278 744 1364 existentem,
759 1278 834 1348 sina
850 1301 917 1370 quo
934 1277 1104 1368 obligatio
1119 1278 1197 1368 ipsa
1212 1278 1270 1344 ab·

88 1385 205 1456 solnta
227 1409 299 1455 non
322 1391 441 1478 posset
463 1383 632 1474 intelligi.
659 1383 699 1453 Si
723 1407 805 1454 vero
829 1387 1017 1471 diceretur,
1037 1383 1270 1475 cognitionem

89 1494 150 1562 Dei
173 1517 220 1563 ex
244 1492 463 1564 revelatione
487 1493 682 1562 derivatam
706 1493 854 1583 supponi
869 1499 1048 1586 tamqnam
1066 1493 1270 1562 fundamen-

90 1609 186 1688 tum,
214 1609 258 1672 ut
280 1599 396 1692 possit
410 1600 501 1670 ratio
517 1600 717 1692 intelligere
734 1599 984 1690 obligationem
1001 1602 1176 1689 moralem;
1203 1602 1271 1669 iam

93 1709 174 1780 hasa
197 1707 296 1800 legis
319 1708 475 1800 cognitio
497 1730 566 1777 non
590 1717 680 1778 esset
702 1709 881 1800 possibilis
896 1709 1025 1800 absque
1041 1709 1269 1795 revelatione,

93 1817 148 1887 sed
170 1824 252 1888 toea
274 1816 486 1886 revelationi
509 1816 704 1886 necessario
728 1815 953 1901 inniteretur,
980 1823 1104 1886 eontra
1127 1818 1164 1886 id
1180 1817 1272 1910 quod

94 1925 224 1996 Paulus
247 1925 480 1995 disertissime
496 1925 607 1995 docet.
625 1925 721 2015 Ergo
745 1925 810 1994 hoc
833 1925 908 2016 ipso
932 1925 1023 2018 quod
1047 1949 1089 1994 ex
1113 1926 1273 1995 doctrine

96 2035 256 2126 Apostoli
280 2041 431 2120 constat,
450 2033 697 2124 obligationem
713 2033 805 2122 legis
821 2039 969 2102 naturae
992 2056 1093 2124 posse
1116 2033 1274 2123 intelligi

96 2141 303 2233 simpliciter
324 2140 457 2212 lumine
479 2140 641 2226 rationis,
660 2139 745 2232 quin
763 2148 1065 2230 praesupponatur
1088 2141 1270 2228 revelatio,

98 2251 159 2318 iem
174 2251 286 2320 etiam
303 2254 444 2320 constat
457 2256 495 2318 et
509 2249 547 2318 in
562 2248 628 2319 hac
645 2249 723 2340 ipsa
746 2249 906 2320 doctrina
929 2249 1137 2336 includitur,
1157 2251 1274 2354 eodem
1349 2293 1358 2308 ·

98 2357 187 2426 modo
210 2356 349 2426 lumine
372 2356 522 2426 rationis
552 2379 652 2446 posse
682 2355 861 2446 perveniri
884 2355 928 2426 cd
952 2357 1185 2447 cognitionem
1208 2357 1274 2428 Dei

99 2465 249 2556 supremi
263 2463 434 2556 principii
457 2463 695 2554 obligationis,
721 2470 758 2533 et
781 2465 1012 2556 legislatoris.

156 2571 228 2643 III.
256 2571 344 2641 Alia
367 2595 451 2642 vero
473 2577 528 2641 est
550 2573 709 2665 quaestio
725 2572 766 2642 de
789 2595 882 2642 nexu
904 2573 1019 2664 logico
1041 2576 1135 2643 inter
1158 2575 1274 2665 cogni-

100 2684 221 2754 tionem
247 2683 314 2752 Dei
336 2687 374 2752 et
397 2679 629 2770 cognitionem
644 2679 736 2772 legis
751 2679 910 2750 absolute
929 2681 1133 2773 obligantis;
1155 2691 1274 2755 utrum

101 2815 161 2861 non
182 2791 287 2862 modo
309 2789 397 2858 baec
420 2811 462 2858 ex
493 2788 558 2857 illa
588 2795 839 2882 consequatur,
866 2789 925 2859 sed
948 2791 1055 2859 etiam
1079 2793 1200 2862 ordine
1223 2794 1275 2862 in·

103 2923 194 2972 verso
216 2923 264 2970 ex
288 2899 356 2968 hac
378 2897 423 2968 ad
446 2896 545 2966 illam
569 2898 681 2988 possit
703 2897 894 2988 perveniri.
919 2897 1029 2969 Nobis
1052 2900 1207 2971 hocloco
1223 2925 1275 2970 so-

104 3007 184 3078 lutio
207 3006 431 3102 questionis
443 3028 511 3074 non
522 3012 615 3076 esset
637 3009 845 3092 necessaria,
871 3030 948 3078 cum
964 3010 1008 3080 ad
1024 3017 1182 3080 nostrum
1205 3035 1276 3082 sco·

104 3137 177 3204 pum
205 3115 311 3208 plene
347 3112 522 3198 sufficiat,
548 3113 638 3205 quod
662 3113 699 3181 in
723 3114 922 3204 cognitione
945 3115 1037 3206 legis
1066 3140 1128 3208 per
1157 3117 1275 3189 lumen

105 3225 259 3310 rationis,
285 3229 328 3293 ut
350 3223 394 3290 ab
408 3221 577 3314 Apostolo
592 3222 805 3308 declaratur,
824 3225 929 3294 etiam
946 3226 1142 3298 includitur
1159 3233 1276 3322 cogni·

105 3333 150 3400 tio
169 3333 237 3404 Dei
259 3355 324 3425 per
346 3331 437 3402 idem
460 3332 577 3400 lumen
599 3331 749 3400 rationis
773 3333 864 3402 citra
895 3335 1164 3424 revelationem,
1195 3363 1276 3432 quo·

107 3461 242 3534 sumque
266 3439 381 3510 medio
403 3439 496 3508 ratio
519 3438 564 3507 ad
588 3439 677 3508 hano
693 3441 926 3530 cognitionem
950 3443 1016 3513 Dei
1039 3445 1189 3534 primum
1203 3470 1276 3538 per·

109 3550 216 3620 venire
240 3554 360 3642 queat.
389 3546 429 3616 Si
445 3547 674 3616 nihilominus
691 3550 888 3641 quaestioni
904 3553 1110 3643 respondere
1125 3555 1274 3646 placeat,

109 3655 271 3747 imprimis
293 3679 337 3727 ex
360 3655 468 3725 dictis
491 3657 634 3727 evidens
658 3665 723 3743 est,
749 3681 817 3726 non
840 3681 939 3749 posse
963 3663 1193 3752 cognitionem
1219 3665 1277 3733 ab·

110 3765 235 3838 mlutse
258 3765 490 3856 obligationis
512 3766 746 3858 praesupponi
769 3773 810 3836 ut
833 3767 1117 3858 fundamentum,
1143 3795 1186 3842 ex
1210 3797 1278 3866 quo

114 4005 228 4052 aereaere,
248 3987 325 4042 sitta
345 4009 388 4041 και
410 3992 470 4040 aa.
490 3987 634 4052 vulgatus
654 4003 722 4041 vero
741 4003 802 4042 cum
821 3990 934 4058 aliquot
953 3995 1013 4044 tum
1033 3991 1120 4046 codd.
1133 3997 1191 4048 tum
1211 3997 1277 4051 PR:

115 4075 183 4142 «qui
200 4093 261 4131 sum
281 4077 427 4131 iustitiam
447 4077 499 4129 Dei
518 4077 737 4148 cognovissent,
759 4095 815 4132 non
835 4081 1052 4150 intellexerunt,
1075 4084 1208 4150 quoniam
1228 4087 1279 4154 qul

115 4163 178 4217 talis
194 4171 298 4234 snut,
319 4165 404 4233 digni
424 4171 494 4221 sunt
510 4174 616 4238 morte,
637 4176 667 4225 st
686 4185 741 4224 non
756 4172 846 4224 solum
862 4173 911 4238 qui
931 4187 964 4226 sa
982 4173 1102 4242 imlnnt,
1124 4175 1172 4229 ssd
1192 4178 1279 4231 etism

120 4255 162 4319 qui
178 4259 362 4313 conseminat
379 4257 563 4314 iacientibus.
577 4282 590 4308 n
613 4261 720 4315 &usus
740 4266 785 4316 est
806 4261 890 4328 idem,
912 4264 961 4317 sed
981 4265 1080 4318 modus
1099 4267 1278 4334 exprimendi

118 4339 245 4402 diversm.
265 4349 376 4404 'l'sxtrs
395 4363 514 4414 graecas
533 4337 671 4417 exprimit
688 4352 879 4418 coguitionem
898 4354 1093 4422 theoreticam,
1110 4361 1140 4409 et
1152 4356 1279 4423 adsigni-

119 4429 174 4488 test
188 4439 367 4506 reptionem
387 4439 547 4504 agnitionis
567 4441 725 4510 practicas;
747 4441 857 4494 latinus
877 4447 976 4498 contra
995 4446 1133 4513 exprimit
1151 4449 1279 4512 negatio·

122 4535 173 4576 rssr
189 4529 345 4593 agnitionis
365 4529 518 4598 practices,
539 4535 569 4586 st
587 4530 771 4598 adsignificat
795 4533 985 4598 cognitionem
1011 4535 1206 4592 theoreticam.
