<?xml version="1.0" encoding="UTF-8"?>
<!DOCTYPE html PUBLIC "-//W3C//DTD XHTML 1.0 Transitional//EN"
    "http://www.w3.org/TR/xhtml1/DTD/xhtml1-transitional.dtd">
<html xmlns="http://www.w3.org/1999/xhtml" xml:lang="en" lang="en">
 <head>
  <title>
</title>
<meta http-equiv="Content-Type" content="text/html;charset=utf-8" />
  <meta name='ocr-system' content='tesseract 3.04.00' />
  <meta name='ocr-capabilities' content='ocr_page ocr_carea ocr_par ocr_line ocrx_word'/>
</head>
<body>
  <div class='ocr_page' id='page_1' title='image "./ioannisbaptfran01frangoog_0621.png"; bbox 0 0 3280 5070; ppageno 0'>
   <div class='ocr_carea' id='block_1_1' title="bbox 428 377 1575 572">
    <p class='ocr_par' dir='ltr' id='par_1_1' title="bbox 428 377 1575 572">
     <span class='ocr_line' id='line_1_1' title="bbox 910 377 1088 440; baseline 0.006 -17"><span class='ocrx_word' id='word_1_1' title='bbox 910 409 948 423; x_wconf 93' lang='grc'>..</span> <span class='ocrx_word' id='word_1_2' title='bbox 969 377 1029 440; x_wconf 78' lang='lat' dir='ltr'>tol</span> <span class='ocrx_word' id='word_1_3' title='bbox 1051 411 1088 424; x_wconf 91' lang='lat'>-</span> 
     </span>
     <span class='ocr_line' id='line_1_2' title="bbox 428 482 1575 572; baseline -0.005 -19"><span class='ocrx_word' id='word_1_4' title='bbox 428 483 539 569; x_wconf 80' lang='lat' dir='ltr'>vobis3</span> <span class='ocrx_word' id='word_1_5' title='bbox 565 482 624 551; x_wconf 85' lang='lat' dir='ltr'>eed</span> <span class='ocrx_word' id='word_1_6' title='bbox 647 485 680 548; x_wconf 84' lang='lat' dir='ltr'>ei</span> <span class='ocrx_word' id='word_1_7' title='bbox 702 483 956 566; x_wconf 76' lang='lat' dir='ltr'><strong><em>laboraveritis,</em></strong></span> <span class='ocrx_word' id='word_1_8' title='bbox 973 499 1134 572; x_wconf 76' lang='lat' dir='ltr'>puratum</span> <span class='ocrx_word' id='word_1_9' title='bbox 1148 486 1242 553; x_wconf 77' lang='lat' dir='ltr'>rodit</span> <span class='ocrx_word' id='word_1_10' title='bbox 1254 489 1322 553; x_wconf 85' lang='lat' dir='ltr'>erit</span> <span class='ocrx_word' id='word_1_11' title='bbox 1337 511 1361 552; x_wconf 84' lang='lat' dir='ltr'>o</span> <span class='ocrx_word' id='word_1_12' title='bbox 1372 487 1575 555; x_wconf 59' lang='lat' dir='ltr'>Patremon</span> 
     </span>
    </p>
   </div>
   <div class='ocr_carea' id='block_1_2' title="bbox 426 589 1579 790">
    <p class='ocr_par' dir='ltr' id='par_1_2' title="bbox 426 589 1579 790">
     <span class='ocr_line' id='line_1_3' title="bbox 427 589 1578 683; baseline 0.002 -25"><span class='ocrx_word' id='word_1_13' title='bbox 427 591 585 681; x_wconf 77' lang='lat' dir='ltr'><strong>cyrillus</strong></span> <span class='ocrx_word' id='word_1_14' title='bbox 607 589 711 659; x_wconf 84' lang='lat' dir='ltr'>Alex.</span> <span class='ocrx_word' id='word_1_15' title='bbox 736 589 932 676; x_wconf 78' lang='lat' dir='ltr'>(Theseur.</span> <span class='ocrx_word' id='word_1_16' title='bbox 951 589 993 658; x_wconf 81' lang='grc' dir='ltr'>Τ.</span> <span class='ocrx_word' id='word_1_17' title='bbox 1008 592 1052 660; x_wconf 88' lang='lat' dir='ltr'>V.</span> <span class='ocrx_word' id='word_1_18' title='bbox 1066 592 1106 661; x_wconf 91' lang='lat' dir='ltr'>P.</span> <span class='ocrx_word' id='word_1_19' title='bbox 1130 592 1161 660; x_wconf 92' lang='grc' dir='ltr'>Ι.</span> <span class='ocrx_word' id='word_1_20' title='bbox 1183 619 1218 683; x_wconf 88' lang='lat' dir='ltr'>p.</span> <span class='ocrx_word' id='word_1_21' title='bbox 1234 593 1340 682; x_wconf 79' lang='grc'><strong>243.)</strong></span> <span class='ocrx_word' id='word_1_22' title='bbox 1363 593 1459 662; x_wconf 87' lang='lat' dir='ltr'>huno</span> <span class='ocrx_word' id='word_1_23' title='bbox 1485 592 1578 661; x_wconf 88' lang='lat' dir='ltr'>locun</span> 
     </span>
     <span class='ocr_line' id='line_1_4' title="bbox 426 696 1579 790; baseline 0.001 -24"><span class='ocrx_word' id='word_1_24' title='bbox 426 696 556 766; x_wconf 82' lang='lat' dir='ltr'>Metth.</span> <span class='ocrx_word' id='word_1_25' title='bbox 565 697 680 766; x_wconf 87' lang='lat' dir='ltr'>adhuc</span> <span class='ocrx_word' id='word_1_26' title='bbox 691 697 889 766; x_wconf 84' lang='lat' dir='ltr'>evidentius</span> <span class='ocrx_word' id='word_1_27' title='bbox 900 698 1016 766; x_wconf 81' lang='lat' dir='ltr'>eedem</span> <span class='ocrx_word' id='word_1_28' title='bbox 1028 699 1203 769; x_wconf 78' lang='lat' dir='ltr'>sententit</span> <span class='ocrx_word' id='word_1_29' title='bbox 1214 702 1483 790; x_wconf 77' lang='lat' dir='ltr'>interpretetur.</span> <span class='ocrx_word' id='word_1_30' title='bbox 1494 699 1579 768; x_wconf 73' lang='lat' dir='ltr'>«Non</span> 
     </span>
    </p>
   </div>
   <div class='ocr_carea' id='block_1_3' title="bbox 423 803 1583 4020">
    <p class='ocr_par' dir='ltr' id='par_1_3' title="bbox 425 803 1583 1544">
     <span class='ocr_line' id='line_1_5' title="bbox 427 803 1581 897; baseline -0.002 -23"><span class='ocrx_word' id='word_1_31' title='bbox 427 811 482 874; x_wconf 84' lang='lat' dir='ltr'>eet</span> <span class='ocrx_word' id='word_1_32' title='bbox 505 827 615 873; x_wconf 87' lang='lat' dir='ltr'>meum</span> <span class='ocrx_word' id='word_1_33' title='bbox 632 804 715 872; x_wconf 86' lang='lat' dir='ltr'>dare</span> <span class='ocrx_word' id='word_1_34' title='bbox 732 803 851 891; x_wconf 85' lang='lat' dir='ltr'>vohis;</span> <span class='ocrx_word' id='word_1_35' title='bbox 870 827 936 872; x_wconf 94' lang='lat' dir='ltr'>non</span> <span class='ocrx_word' id='word_1_36' title='bbox 954 805 1044 896; x_wconf 90' lang='lat' dir='ltr'>quod</span> <span class='ocrx_word' id='word_1_37' title='bbox 1061 805 1097 875; x_wconf 91' lang='lat' dir='ltr'>id</span> <span class='ocrx_word' id='word_1_38' title='bbox 1113 815 1292 896; x_wconf 80' lang='lat' dir='ltr'>praestare</span> <span class='ocrx_word' id='word_1_39' title='bbox 1308 830 1377 875; x_wconf 89' lang='lat' dir='ltr'>uon</span> <span class='ocrx_word' id='word_1_40' title='bbox 1392 813 1518 897; x_wconf 77' lang='lat' dir='ltr'>posset,</span> <span class='ocrx_word' id='word_1_41' title='bbox 1533 805 1581 872; x_wconf 78' lang='lat' dir='ltr'>sed</span> 
     </span>
     <span class='ocr_line' id='line_1_6' title="bbox 427 909 1581 1005; baseline 0.001 -26"><span class='ocrx_word' id='word_1_42' title='bbox 427 912 510 1004; x_wconf 87' lang='lat' dir='ltr'>quie</span> <span class='ocrx_word' id='word_1_43' title='bbox 532 911 686 1003; x_wconf 83' lang='lat' dir='ltr'>preemic</span> <span class='ocrx_word' id='word_1_44' title='bbox 707 909 919 982; x_wconf 82' lang='lat' dir='ltr'>certantiurh</span> <span class='ocrx_word' id='word_1_45' title='bbox 946 912 1125 983; x_wconf 78' lang='lat' dir='ltr'><strong>laboribus</strong></span> <span class='ocrx_word' id='word_1_46' title='bbox 1148 915 1371 1005; x_wconf 76' lang='lat' dir='ltr'>proportione</span> <span class='ocrx_word' id='word_1_47' title='bbox 1393 913 1581 1005; x_wconf 78' lang='lat' dir='ltr'>respondere</span> 
     </span>
     <span class='ocr_line' id='line_1_7' title="bbox 428 1019 1583 1114; baseline 0 -26"><span class='ocrx_word' id='word_1_48' title='bbox 428 1021 600 1090; x_wconf 71' lang='lat' dir='ltr'>debent.»</span> <span class='ocrx_word' id='word_1_49' title='bbox 626 1019 950 1110; x_wconf 79' lang='lat' dir='ltr'>Comparatdeinde</span> <span class='ocrx_word' id='word_1_50' title='bbox 972 1022 1084 1091; x_wconf 89' lang='lat' dir='ltr'>Deum</span> <span class='ocrx_word' id='word_1_51' title='bbox 1108 1045 1186 1093; x_wconf 91' lang='lat' dir='ltr'>cum</span> <span class='ocrx_word' id='word_1_52' title='bbox 1209 1025 1425 1113; x_wconf 72' lang='lat' dir='ltr'>agonotheta</span> <span class='ocrx_word' id='word_1_53' title='bbox 1447 1023 1583 1114; x_wconf 77' lang='lat' dir='ltr'>prceuie</span> 
     </span>
     <span class='ocr_line' id='line_1_8' title="bbox 428 1127 1579 1220; baseline -0.001 -24"><span class='ocrx_word' id='word_1_54' title='bbox 428 1135 638 1218; x_wconf 76' lang='lat' dir='ltr'>proponente</span> <span class='ocrx_word' id='word_1_55' title='bbox 661 1127 830 1214; x_wconf 86' lang='lat' dir='ltr'>omnibus,</span> <span class='ocrx_word' id='word_1_56' title='bbox 850 1129 911 1220; x_wconf 91' lang='lat' dir='ltr'>qui</span> <span class='ocrx_word' id='word_1_57' title='bbox 935 1130 1051 1199; x_wconf 81' lang='lat' dir='ltr'>futuri</span> <span class='ocrx_word' id='word_1_58' title='bbox 1074 1130 1149 1198; x_wconf 85' lang='lat' dir='ltr'>sint</span> <span class='ocrx_word' id='word_1_59' title='bbox 1166 1129 1335 1215; x_wconf 80' lang='lat' dir='ltr'>victores,</span> <span class='ocrx_word' id='word_1_60' title='bbox 1353 1137 1391 1201; x_wconf 90' lang='lat' dir='ltr'>et</span> <span class='ocrx_word' id='word_1_61' title='bbox 1407 1129 1579 1200; x_wconf 75' lang='lat' dir='ltr'>concludit:</span> 
     </span>
     <span class='ocr_line' id='line_1_9' title="bbox 430 1235 1582 1328; baseline 0.003 -30"><span class='ocrx_word' id='word_1_62' title='bbox 430 1265 446 1298; x_wconf 76' lang='lat' dir='ltr'>u</span> <span class='ocrx_word' id='word_1_63' title='bbox 463 1235 515 1304; x_wconf 90' lang='lat' dir='ltr'>ita</span> <span class='ocrx_word' id='word_1_64' title='bbox 526 1235 695 1304; x_wconf 81' lang='lat' dir='ltr'>Servetur</span> <span class='ocrx_word' id='word_1_65' title='bbox 709 1235 867 1327; x_wconf 88' lang='lat' dir='ltr'>iniquum</span> <span class='ocrx_word' id='word_1_66' title='bbox 883 1257 957 1304; x_wconf 81' lang='lat' dir='ltr'>esee</span> <span class='ocrx_word' id='word_1_67' title='bbox 973 1236 1112 1306; x_wconf 82' lang='lat' dir='ltr'>censuit</span> <span class='ocrx_word' id='word_1_68' title='bbox 1127 1261 1297 1308; x_wconf 84' lang='lat' dir='ltr'>summum</span> <span class='ocrx_word' id='word_1_69' title='bbox 1313 1238 1480 1307; x_wconf 83' lang='lat' dir='ltr'>honorem</span> <span class='ocrx_word' id='word_1_70' title='bbox 1491 1259 1582 1328; x_wconf 88' lang='lat' dir='ltr'>pron·</span> 
     </span>
     <span class='ocr_line' id='line_1_10' title="bbox 426 1343 1581 1439; baseline -0.002 -27"><span class='ocrx_word' id='word_1_71' title='bbox 426 1349 485 1434; x_wconf 88' lang='lat' dir='ltr'>pte</span> <span class='ocrx_word' id='word_1_72' title='bbox 498 1345 654 1413; x_wconf 80' lang='lat' dir='ltr'>conferre</span> <span class='ocrx_word' id='word_1_73' title='bbox 666 1343 906 1434; x_wconf 82' lang='lat' dir='ltr'>petentibus...</span> <span class='ocrx_word' id='word_1_74' title='bbox 926 1343 972 1412; x_wconf 85' lang='lat' dir='ltr'>iis</span> <span class='ocrx_word' id='word_1_75' title='bbox 987 1345 1078 1414; x_wconf 87' lang='lat' dir='ltr'>enim</span> <span class='ocrx_word' id='word_1_76' title='bbox 1091 1345 1223 1415; x_wconf 83' lang='lat' dir='ltr'>deferri</span> <span class='ocrx_word' id='word_1_77' title='bbox 1235 1347 1383 1439; x_wconf 80' lang='lat' dir='ltr'>aequius</span> <span class='ocrx_word' id='word_1_78' title='bbox 1395 1353 1463 1432; x_wconf 86' lang='lat' dir='ltr'>eet,</span> <span class='ocrx_word' id='word_1_79' title='bbox 1474 1345 1581 1437; x_wconf 76' lang='lat' dir='ltr'>quibus</span> 
     </span>
     <span class='ocr_line' id='line_1_11' title="bbox 425 1452 1579 1544; baseline 0.001 -27"><span class='ocrx_word' id='word_1_80' title='bbox 425 1453 655 1538; x_wconf 77' lang='lat' dir='ltr'>praecolentio</span> <span class='ocrx_word' id='word_1_81' title='bbox 665 1452 786 1518; x_wconf 77' lang='lat' dir='ltr'>Patrio</span> <span class='ocrx_word' id='word_1_82' title='bbox 794 1453 834 1517; x_wconf 83' lang='lat' dir='ltr'>ob</span> <span class='ocrx_word' id='word_1_83' title='bbox 842 1454 1009 1519; x_wconf 79' lang='lat' dir='ltr'>virtutum</span> <span class='ocrx_word' id='word_1_84' title='bbox 1016 1453 1252 1522; x_wconf 69' lang='lat' dir='ltr'>eccellentiae»</span> <span class='ocrx_word' id='word_1_85' title='bbox 1264 1457 1324 1522; x_wconf 85' lang='lat' dir='ltr'>loc</span> <span class='ocrx_word' id='word_1_86' title='bbox 1332 1455 1579 1544; x_wconf 75' lang='lat' dir='ltr'>praepararit.»</span> 
     </span>
    </p>

    <p class='ocr_par' dir='ltr' id='par_1_4' title="bbox 423 1557 1582 4020">
     <span class='ocr_line' id='line_1_12' title="bbox 492 1557 1581 1654; baseline 0 -27"><span class='ocrx_word' id='word_1_87' title='bbox 492 1557 764 1648; x_wconf 76' lang='lat' dir='ltr'>chrysostomue</span> <span class='ocrx_word' id='word_1_88' title='bbox 793 1559 835 1629; x_wconf 88' lang='lat' dir='ltr'>de</span> <span class='ocrx_word' id='word_1_89' title='bbox 867 1559 933 1630; x_wconf 82' lang='lat' dir='ltr'>hec</span> <span class='ocrx_word' id='word_1_90' title='bbox 955 1567 1099 1630; x_wconf 78' lang='lat' dir='ltr'>aeterna</span> <span class='ocrx_word' id='word_1_91' title='bbox 1122 1563 1444 1654; x_wconf 73' lang='lat' dir='ltr'>praedestinatione</span> <span class='ocrx_word' id='word_1_92' title='bbox 1467 1586 1507 1630; x_wconf 84' lang='lat' dir='ltr'>ex</span> <span class='ocrx_word' id='word_1_93' title='bbox 1528 1583 1581 1628; x_wconf 79' lang='lat' dir='ltr'>ne</span> 
     </span>
     <span class='ocr_line' id='line_1_13' title="bbox 426 1667 1580 1762; baseline 0.001 -26"><span class='ocrx_word' id='word_1_94' title='bbox 426 1667 508 1736; x_wconf 82' lang='lat' dir='ltr'>ritis</span> <span class='ocrx_word' id='word_1_95' title='bbox 531 1667 705 1758; x_wconf 77' lang='lat' dir='ltr'>praevisis</span> <span class='ocrx_word' id='word_1_96' title='bbox 727 1667 888 1759; x_wconf 85' lang='lat' dir='ltr'>disputat</span> <span class='ocrx_word' id='word_1_97' title='bbox 910 1669 1113 1762; x_wconf 81' lang='lat' dir='ltr'>frequenter</span> <span class='ocrx_word' id='word_1_98' title='bbox 1135 1677 1172 1740; x_wconf 88' lang='lat' dir='ltr'>et</span> <span class='ocrx_word' id='word_1_99' title='bbox 1194 1673 1336 1757; x_wconf 85' lang='lat' dir='ltr'>diserte,</span> <span class='ocrx_word' id='word_1_100' title='bbox 1363 1681 1406 1742; x_wconf 90' lang='lat' dir='ltr'>ut</span> <span class='ocrx_word' id='word_1_101' title='bbox 1429 1669 1580 1741; x_wconf 88' lang='lat' dir='ltr'>uullidu·</span> 
     </span>
     <span class='ocr_line' id='line_1_14' title="bbox 427 1773 1582 1871; baseline 0.002 -29"><span class='ocrx_word' id='word_1_102' title='bbox 427 1775 484 1842; x_wconf 93' lang='lat' dir='ltr'>bio</span> <span class='ocrx_word' id='word_1_103' title='bbox 506 1773 619 1844; x_wconf 85' lang='lat' dir='ltr'>locum</span> <span class='ocrx_word' id='word_1_104' title='bbox 643 1775 833 1867; x_wconf 84' lang='lat' dir='ltr'>relinquet.</span> <span class='ocrx_word' id='word_1_105' title='bbox 866 1775 926 1845; x_wconf 85' lang='lat' dir='ltr'>Sic</span> <span class='ocrx_word' id='word_1_106' title='bbox 949 1777 1044 1847; x_wconf 89' lang='lat' dir='ltr'>iuter</span> <span class='ocrx_word' id='word_1_107' title='bbox 1066 1785 1182 1848; x_wconf 83' lang='lat' dir='ltr'>cetera</span> <span class='ocrx_word' id='word_1_108' title='bbox 1204 1780 1361 1871; x_wconf 83' lang='lat' dir='ltr'>explicat</span> <span class='ocrx_word' id='word_1_109' title='bbox 1391 1777 1582 1850; x_wconf 68' lang='lat' dir='ltr'>mendum</span> 
     </span>
     <span class='ocr_line' id='line_1_15' title="bbox 427 1883 1581 1980; baseline 0.001 -28"><span class='ocrx_word' id='word_1_110' title='bbox 427 1883 555 1953; x_wconf 78' lang='lat' dir='ltr'>iudicis</span> <span class='ocrx_word' id='word_1_111' title='bbox 576 1883 704 1953; x_wconf 86' lang='lat' dir='ltr'>hlatth.</span> <span class='ocrx_word' id='word_1_112' title='bbox 730 1884 845 1953; x_wconf 87' lang='lat' dir='ltr'><strong>XXV.</strong></span> <span class='ocrx_word' id='word_1_113' title='bbox 870 1885 926 1954; x_wconf 77' lang='lat'>34.</span> <span class='ocrx_word' id='word_1_114' title='bbox 956 1887 1192 1957; x_wconf 69' lang='lat' dir='ltr'>«Hereditate</span> <span class='ocrx_word' id='word_1_115' title='bbox 1207 1889 1384 1979; x_wconf 76' lang='lat' dir='ltr'>possidete</span> <span class='ocrx_word' id='word_1_116' title='bbox 1399 1887 1502 1980; x_wconf 81' lang='lat' dir='ltr'>quusi</span> <span class='ocrx_word' id='word_1_117' title='bbox 1521 1907 1581 1974; x_wconf 86' lang='lat' dir='ltr'>pro</span> 
     </span>
     <span class='ocr_line' id='line_1_16' title="bbox 426 1992 1580 2084; baseline -0.003 -23"><span class='ocrx_word' id='word_1_118' title='bbox 426 1992 563 2080; x_wconf 88' lang='lat' dir='ltr'>prium,</span> <span class='ocrx_word' id='word_1_119' title='bbox 589 1993 690 2084; x_wconf 79' lang='lat' dir='ltr'>quani</span> <span class='ocrx_word' id='word_1_120' title='bbox 712 2001 898 2084; x_wconf 76' lang='lat' dir='ltr'>paternum</span> <span class='ocrx_word' id='word_1_121' title='bbox 920 2001 957 2064; x_wconf 90' lang='lat' dir='ltr'>et</span> <span class='ocrx_word' id='word_1_122' title='bbox 980 2003 1155 2082; x_wconf 80' lang='lat' dir='ltr'>vestrum,</span> <span class='ocrx_word' id='word_1_123' title='bbox 1180 1996 1250 2064; x_wconf 75' lang='lat' dir='ltr'>inm</span> <span class='ocrx_word' id='word_1_124' title='bbox 1274 1997 1358 2066; x_wconf 86' lang='lat' dir='ltr'>olim</span> <span class='ocrx_word' id='word_1_125' title='bbox 1384 1996 1485 2067; x_wconf 84' lang='lat' dir='ltr'>vobis</span> <span class='ocrx_word' id='word_1_126' title='bbox 1506 1993 1580 2062; x_wconf 86' lang='lat' dir='ltr'>debi·</span> 
     </span>
     <span class='ocr_line' id='line_1_17' title="bbox 426 2099 1580 2191; baseline -0.003 -25"><span class='ocrx_word' id='word_1_127' title='bbox 426 2106 525 2186; x_wconf 88' lang='lat' dir='ltr'>tum;</span> <span class='ocrx_word' id='word_1_128' title='bbox 550 2099 754 2190; x_wconf 81' lang='lat' dir='ltr'>priusquam</span> <span class='ocrx_word' id='word_1_129' title='bbox 777 2100 867 2168; x_wconf 88' lang='lat' dir='ltr'>enim</span> <span class='ocrx_word' id='word_1_130' title='bbox 894 2123 955 2170; x_wconf 86' lang='lat' dir='ltr'>voe</span> <span class='ocrx_word' id='word_1_131' title='bbox 984 2103 1206 2185; x_wconf 80' lang='lat' dir='ltr'>existeretie‚</span> <span class='ocrx_word' id='word_1_132' title='bbox 1240 2105 1319 2170; x_wconf 81' lang='lat' dir='ltr'>laec</span> <span class='ocrx_word' id='word_1_133' title='bbox 1348 2103 1447 2170; x_wconf 71' lang='lat' dir='ltr'>eolis</span> <span class='ocrx_word' id='word_1_134' title='bbox 1470 2115 1580 2191; x_wconf 80' lang='lat' dir='ltr'>parato</span> 
     </span>
     <span class='ocr_line' id='line_1_18' title="bbox 426 2205 1580 2300; baseline -0.002 -26"><span class='ocrx_word' id='word_1_135' title='bbox 426 2221 525 2274; x_wconf 75' lang='lat' dir='ltr'>eram</span> <span class='ocrx_word' id='word_1_136' title='bbox 549 2220 582 2273; x_wconf 87' lang='lat' dir='ltr'>et</span> <span class='ocrx_word' id='word_1_137' title='bbox 601 2205 872 2294; x_wconf 71' lang='lat' dir='ltr'>praedisposito,</span> <span class='ocrx_word' id='word_1_138' title='bbox 897 2210 983 2298; x_wconf 77' lang='lat' dir='ltr'>quia</span> <span class='ocrx_word' id='word_1_139' title='bbox 1006 2231 1139 2298; x_wconf 75' lang='lat' dir='ltr'>operor</span> <span class='ocrx_word' id='word_1_140' title='bbox 1156 2211 1402 2300; x_wconf 80' lang='lat' dir='ltr'>toleefuturoo</span> <span class='ocrx_word' id='word_1_141' title='bbox 1420 2229 1580 2296; x_wconf 74' lang='lat' dir='ltr'>meprcr</span> 
     </span>
     <span class='ocr_line' id='line_1_19' title="bbox 425 2312 1579 2407; baseline 0 -27"><span class='ocrx_word' id='word_1_142' title='bbox 425 2315 511 2380; x_wconf 78' lang='lat' dir='ltr'>reici</span> <span class='ocrx_word' id='word_1_143' title='bbox 526 2341 541 2376; x_wconf 77' lang='lat' dir='ltr'>r</span> <span class='ocrx_word' id='word_1_144' title='bbox 559 2314 689 2384; x_wconf 89' lang='lat' dir='ltr'>Homil.</span> <span class='ocrx_word' id='word_1_145' title='bbox 704 2315 760 2383; x_wconf 83' lang='grc'>79.</span> <span class='ocrx_word' id='word_1_146' title='bbox 776 2314 822 2382; x_wconf 83' lang='lat' dir='ltr'>al.</span> <span class='ocrx_word' id='word_1_147' title='bbox 838 2313 893 2383; x_wconf 85' lang='grc'>80.</span> <span class='ocrx_word' id='word_1_148' title='bbox 909 2337 944 2382; x_wconf 89' lang='grc' dir='ltr'>ιι.</span> <span class='ocrx_word' id='word_1_149' title='bbox 959 2314 992 2382; x_wconf 90' lang='grc'>2.</span> <span class='ocrx_word' id='word_1_150' title='bbox 1007 2315 1045 2383; x_wconf 94' lang='lat' dir='ltr'>in</span> <span class='ocrx_word' id='word_1_151' title='bbox 1057 2313 1186 2385; x_wconf 80' lang='lat' dir='ltr'>Matth.</span> <span class='ocrx_word' id='word_1_152' title='bbox 1200 2317 1294 2384; x_wconf 82' lang='lat' dir='ltr'>Data</span> <span class='ocrx_word' id='word_1_153' title='bbox 1307 2337 1416 2407; x_wconf 88' lang='lat' dir='ltr'>opera</span> <span class='ocrx_word' id='word_1_154' title='bbox 1428 2321 1465 2386; x_wconf 87' lang='lat' dir='ltr'>et</span> <span class='ocrx_word' id='word_1_155' title='bbox 1479 2312 1579 2383; x_wconf 65' lang='lat' dir='ltr'>clarit</span> 
     </span>
     <span class='ocr_line' id='line_1_20' title="bbox 425 2421 1578 2514; baseline -0.006 -24"><span class='ocrx_word' id='word_1_156' title='bbox 425 2421 511 2490; x_wconf 80' lang='lat' dir='ltr'>nime</span> <span class='ocrx_word' id='word_1_157' title='bbox 534 2421 623 2491; x_wconf 88' lang='lat' dir='ltr'>idem</span> <span class='ocrx_word' id='word_1_158' title='bbox 646 2421 747 2492; x_wconf 87' lang='lat' dir='ltr'>docet</span> <span class='ocrx_word' id='word_1_159' title='bbox 768 2421 852 2490; x_wconf 85' lang='lat' dir='ltr'>aliie</span> <span class='ocrx_word' id='word_1_160' title='bbox 874 2421 973 2492; x_wconf 86' lang='lat' dir='ltr'>locie.</span> <span class='ocrx_word' id='word_1_161' title='bbox 994 2452 1010 2486; x_wconf 79' lang='lat' dir='ltr'>o</span> <span class='ocrx_word' id='word_1_162' title='bbox 1028 2423 1071 2492; x_wconf 92' lang='lat' dir='ltr'>In</span> <span class='ocrx_word' id='word_1_163' title='bbox 1095 2423 1270 2494; x_wconf 85' lang='lat' dir='ltr'>charitate</span> <span class='ocrx_word' id='word_1_164' title='bbox 1284 2447 1347 2492; x_wconf 83' lang='lat' dir='ltr'>nos</span> <span class='ocrx_word' id='word_1_165' title='bbox 1356 2421 1578 2514; x_wconf 69' lang='lat' dir='ltr'>praedestino·</span> 
     </span>
     <span class='ocr_line' id='line_1_21' title="bbox 426 2529 1578 2601; baseline -0.002 -5"><span class='ocrx_word' id='word_1_166' title='bbox 426 2532 490 2596; x_wconf 81' lang='lat' dir='ltr'>oit:</span> <span class='ocrx_word' id='word_1_167' title='bbox 514 2551 583 2598; x_wconf 92' lang='lat' dir='ltr'>uon</span> <span class='ocrx_word' id='word_1_168' title='bbox 606 2553 628 2598; x_wconf 90' lang='lat' dir='ltr'>a</span> <span class='ocrx_word' id='word_1_169' title='bbox 649 2529 827 2600; x_wconf 80' lang='lat' dir='ltr'>laboribus</span> <span class='ocrx_word' id='word_1_170' title='bbox 850 2537 886 2599; x_wconf 89' lang='lat' dir='ltr'>et</span> <span class='ocrx_word' id='word_1_171' title='bbox 908 2536 1002 2600; x_wconf 86' lang='lat' dir='ltr'>recte</span> <span class='ocrx_word' id='word_1_172' title='bbox 1026 2530 1132 2600; x_wconf 75' lang='lat' dir='ltr'>lactis</span> <span class='ocrx_word' id='word_1_173' title='bbox 1154 2531 1220 2601; x_wconf 88' lang='lat' dir='ltr'>hoc</span> <span class='ocrx_word' id='word_1_174' title='bbox 1243 2531 1285 2600; x_wconf 81' lang='lat' dir='ltr'>fit</span> <span class='ocrx_word' id='word_1_175' title='bbox 1307 2531 1368 2600; x_wconf 84' lang='lat' dir='ltr'>eed</span> <span class='ocrx_word' id='word_1_176' title='bbox 1384 2554 1408 2598; x_wconf 87' lang='lat' dir='ltr'>a</span> <span class='ocrx_word' id='word_1_177' title='bbox 1424 2529 1578 2601; x_wconf 72' lang='lat' dir='ltr'>charitate</span> 
     </span>
     <span class='ocr_line' id='line_1_22' title="bbox 425 2636 1578 2729; baseline -0.004 -23"><span class='ocrx_word' id='word_1_178' title='bbox 425 2636 546 2724; x_wconf 81' lang='lat' dir='ltr'>(Dei),</span> <span class='ocrx_word' id='word_1_179' title='bbox 572 2661 679 2729; x_wconf 80' lang='lat' dir='ltr'>neque</span> <span class='ocrx_word' id='word_1_180' title='bbox 701 2663 725 2703; x_wconf 84' lang='lat' dir='ltr'>c</span> <span class='ocrx_word' id='word_1_181' title='bbox 747 2639 918 2704; x_wconf 78' lang='lat' dir='ltr'>claritate</span> <span class='ocrx_word' id='word_1_182' title='bbox 940 2639 1015 2706; x_wconf 80' lang='lat' dir='ltr'>eolo</span> <span class='ocrx_word' id='word_1_183' title='bbox 1038 2637 1095 2706; x_wconf 82' lang='lat' dir='ltr'>ted</span> <span class='ocrx_word' id='word_1_184' title='bbox 1117 2641 1221 2706; x_wconf 83' lang='lat' dir='ltr'>etiam</span> <span class='ocrx_word' id='word_1_185' title='bbox 1245 2663 1286 2706; x_wconf 70' lang='lat' dir='ltr'>eto</span> <span class='ocrx_word' id='word_1_186' title='bbox 1308 2654 1432 2706; x_wconf 75' lang='lat' dir='ltr'>rortm</span> <span class='ocrx_word' id='word_1_187' title='bbox 1458 2641 1578 2710; x_wconf 67' lang='lat' dir='ltr'>virtute</span> 
     </span>
     <span class='ocr_line' id='line_1_23' title="bbox 424 2743 1575 2834; baseline -0.001 -24"><span class='ocrx_word' id='word_1_188' title='bbox 424 2768 504 2810; x_wconf 81' lang='lat' dir='ltr'>nom</span> <span class='ocrx_word' id='word_1_189' title='bbox 526 2747 558 2810; x_wconf 81' lang='lat' dir='ltr'>ei</span> <span class='ocrx_word' id='word_1_190' title='bbox 581 2768 603 2810; x_wconf 83' lang='grc' dir='ltr'><em>α</em></span> <span class='ocrx_word' id='word_1_191' title='bbox 626 2745 798 2812; x_wconf 80' lang='lat' dir='ltr'>charitate</span> <span class='ocrx_word' id='word_1_192' title='bbox 831 2745 929 2828; x_wconf 81' lang='lat' dir='ltr'>oola,</span> <span class='ocrx_word' id='word_1_193' title='bbox 955 2761 1124 2834; x_wconf 81' lang='lat' dir='ltr'>oporteret</span> <span class='ocrx_word' id='word_1_194' title='bbox 1157 2771 1267 2814; x_wconf 67' lang='lat' dir='ltr'>omnes</span> <span class='ocrx_word' id='word_1_195' title='bbox 1300 2771 1367 2814; x_wconf 76' lang='lat' dir='ltr'>erre</span> <span class='ocrx_word' id='word_1_196' title='bbox 1396 2747 1506 2815; x_wconf 71' lang='lat' dir='ltr'>salvos</span> <span class='ocrx_word' id='word_1_197' title='bbox 1528 2743 1575 2830; x_wconf 87' lang='grc'><strong>(1).</strong></span> 
     </span>
     <span class='ocr_line' id='line_1_24' title="bbox 425 2851 1577 2939; baseline -0.007 -18"><span class='ocrx_word' id='word_1_198' title='bbox 425 2851 465 2921; x_wconf 83' lang='lat' dir='ltr'>si</span> <span class='ocrx_word' id='word_1_199' title='bbox 496 2857 612 2920; x_wconf 84' lang='lat' dir='ltr'>autem</span> <span class='ocrx_word' id='word_1_200' title='bbox 635 2873 762 2921; x_wconf 79' lang='lat' dir='ltr'>rursus</span> <span class='ocrx_word' id='word_1_201' title='bbox 784 2873 806 2920; x_wconf 80' lang='lat' dir='ltr'>e</span> <span class='ocrx_word' id='word_1_202' title='bbox 829 2851 904 2920; x_wconf 81' lang='lat' dir='ltr'>sola</span> <span class='ocrx_word' id='word_1_203' title='bbox 927 2857 1048 2922; x_wconf 82' lang='lat' dir='ltr'>nostra</span> <span class='ocrx_word' id='word_1_204' title='bbox 1072 2853 1229 2939; x_wconf 82' lang='lat' dir='ltr'>virtute,</span> <span class='ocrx_word' id='word_1_205' title='bbox 1256 2855 1433 2924; x_wconf 79' lang='lat' dir='ltr'>adventus</span> <span class='ocrx_word' id='word_1_206' title='bbox 1463 2853 1533 2922; x_wconf 87' lang='lat' dir='ltr'>eius</span> <span class='ocrx_word' id='word_1_207' title='bbox 1551 2853 1577 2914; x_wconf 87' lang='lat' dir='ltr'>et</span> 
     </span>
     <span class='ocr_line' id='line_1_25' title="bbox 425 2958 1577 3052; baseline -0.001 -27"><span class='ocrx_word' id='word_1_208' title='bbox 425 2958 540 3027; x_wconf 85' lang='lat' dir='ltr'>omnia</span> <span class='ocrx_word' id='word_1_209' title='bbox 564 2959 755 3051; x_wconf 83' lang='lat' dir='ltr'>peripsum</span> <span class='ocrx_word' id='word_1_210' title='bbox 778 2960 1026 3030; x_wconf 73' lang='lat' dir='ltr'>administrata</span> <span class='ocrx_word' id='word_1_211' title='bbox 1049 2961 1259 3048; x_wconf 82' lang='lat' dir='ltr'>(oeconomia</span> <span class='ocrx_word' id='word_1_212' title='bbox 1282 2962 1438 3052; x_wconf 77' lang='lat' dir='ltr'>gratiae)</span> <span class='ocrx_word' id='word_1_213' title='bbox 1462 2963 1577 3029; x_wconf 73' lang='lat' dir='ltr'>trustra</span> 
     </span>
     <span class='ocr_line' id='line_1_26' title="bbox 425 3065 1577 3161; baseline -0.01 -26"><span class='ocrx_word' id='word_1_214' title='bbox 425 3066 589 3136; x_wconf 76' lang='lat' dir='ltr'>fuissent.</span> <span class='ocrx_word' id='word_1_215' title='bbox 617 3065 684 3136; x_wconf 78' lang='lat' dir='ltr'>Sed</span> <span class='ocrx_word' id='word_1_216' title='bbox 706 3089 817 3160; x_wconf 80' lang='lat' dir='ltr'>neque</span> <span class='ocrx_word' id='word_1_217' title='bbox 840 3091 862 3134; x_wconf 81' lang='lat' dir='ltr'><strong><em>a</em></strong></span> <span class='ocrx_word' id='word_1_218' title='bbox 885 3069 959 3135; x_wconf 82' lang='lat' dir='ltr'>eolo</span> <span class='ocrx_word' id='word_1_219' title='bbox 983 3070 1154 3136; x_wconf 80' lang='lat' dir='ltr'>claritate</span> <span class='ocrx_word' id='word_1_220' title='bbox 1176 3093 1320 3161; x_wconf 75' lang='lat' dir='ltr'>nequeo</span> <span class='ocrx_word' id='word_1_221' title='bbox 1335 3085 1458 3136; x_wconf 72' lang='lat' dir='ltr'>nocem</span> <span class='ocrx_word' id='word_1_222' title='bbox 1472 3071 1577 3134; x_wconf 77' lang='lat' dir='ltr'>uirtute</span> 
     </span>
     <span class='ocr_line' id='line_1_27' title="bbox 424 3173 1572 3267; baseline 0.001 -25"><span class='ocrx_word' id='word_1_223' title='bbox 424 3174 481 3242; x_wconf 77' lang='lat' dir='ltr'>red</span> <span class='ocrx_word' id='word_1_224' title='bbox 503 3176 547 3244; x_wconf 79' lang='lat' dir='ltr'>cl</span> <span class='ocrx_word' id='word_1_225' title='bbox 570 3177 727 3267; x_wconf 75' lang='lat' dir='ltr'>certeque</span> <span class='ocrx_word' id='word_1_226' title='bbox 744 3202 760 3238; x_wconf 84' lang='lat' dir='ltr'><em>n</em></span> <span class='ocrx_word' id='word_1_227' title='bbox 779 3176 816 3244; x_wconf 89' lang='lat' dir='ltr'>in</span> <span class='ocrx_word' id='word_1_228' title='bbox 832 3175 961 3266; x_wconf 83' lang='lat' dir='ltr'>Epheo.</span> <span class='ocrx_word' id='word_1_229' title='bbox 976 3175 1067 3246; x_wconf 83' lang='lat' dir='ltr'>horn.</span> <span class='ocrx_word' id='word_1_230' title='bbox 1083 3177 1113 3246; x_wconf 92' lang='lat'>1.</span> <span class='ocrx_word' id='word_1_231' title='bbox 1128 3201 1164 3248; x_wconf 92' lang='lat' dir='ltr'>u.</span> <span class='ocrx_word' id='word_1_232' title='bbox 1179 3177 1213 3247; x_wconf 88' lang='grc'>2.</span> <span class='ocrx_word' id='word_1_233' title='bbox 1229 3177 1321 3248; x_wconf 86' lang='lat' dir='ltr'>Vide</span> <span class='ocrx_word' id='word_1_234' title='bbox 1331 3179 1440 3247; x_wconf 84' lang='lat' dir='ltr'>etiam</span> <span class='ocrx_word' id='word_1_235' title='bbox 1452 3173 1572 3246; x_wconf 83' lang='lat' dir='ltr'>inllou·</span> 
     </span>
     <span class='ocr_line' id='line_1_28' title="bbox 424 3282 1575 3374; baseline 0.002 -23"><span class='ocrx_word' id='word_1_236' title='bbox 424 3282 516 3352; x_wconf 88' lang='lat' dir='ltr'>hom.</span> <span class='ocrx_word' id='word_1_237' title='bbox 527 3284 607 3352; x_wconf 86' lang='lat' dir='ltr'>XV.</span> <span class='ocrx_word' id='word_1_238' title='bbox 618 3283 718 3352; x_wconf 87' lang='lat' dir='ltr'>XVI.</span> <span class='ocrx_word' id='word_1_239' title='bbox 731 3289 798 3353; x_wconf 89' lang='lat' dir='ltr'>eto.</span> <span class='ocrx_word' id='word_1_240' title='bbox 813 3282 898 3352; x_wconf 85' lang='lat' dir='ltr'>Cum</span> <span class='ocrx_word' id='word_1_241' title='bbox 909 3283 1157 3374; x_wconf 82' lang='lat' dir='ltr'>Chryeostomo</span> <span class='ocrx_word' id='word_1_242' title='bbox 1169 3293 1286 3354; x_wconf 84' lang='lat' dir='ltr'>autem</span> <span class='ocrx_word' id='word_1_243' title='bbox 1299 3286 1410 3354; x_wconf 82' lang='lat' dir='ltr'>ceteri</span> <span class='ocrx_word' id='word_1_244' title='bbox 1421 3285 1487 3353; x_wconf 91' lang='lat' dir='ltr'>PP.</span> <span class='ocrx_word' id='word_1_245' title='bbox 1496 3299 1575 3371; x_wconf 79' lang='lat' dir='ltr'>gree</span> 
     </span>
     <span class='ocr_line' id='line_1_29' title="bbox 423 3389 1572 3482; baseline -0.005 -24"><span class='ocrx_word' id='word_1_246' title='bbox 423 3389 457 3458; x_wconf 92' lang='lat' dir='ltr'>ci</span> <span class='ocrx_word' id='word_1_247' title='bbox 479 3390 705 3460; x_wconf 83' lang='lat' dir='ltr'>consentiunt</span> <span class='ocrx_word' id='word_1_248' title='bbox 733 3389 991 3477; x_wconf 81' lang='lat' dir='ltr'>Theodoretue,</span> <span class='ocrx_word' id='word_1_249' title='bbox 1027 3392 1268 3478; x_wconf 81' lang='lat' dir='ltr'>Oecumeuius,</span> <span class='ocrx_word' id='word_1_250' title='bbox 1295 3389 1572 3482; x_wconf 81' lang='lat' dir='ltr'>Theophylectus.</span> 
     </span>
     <span class='ocr_line' id='line_1_30' title="bbox 424 3490 1572 3568; baseline 0.002 -3"><span class='ocrx_word' id='word_1_251' title='bbox 424 3495 633 3566; x_wconf 76' lang='lat' dir='ltr'>Theodoreti</span> <span class='ocrx_word' id='word_1_252' title='bbox 664 3496 722 3566; x_wconf 86' lang='lat' dir='ltr'>hio</span> <span class='ocrx_word' id='word_1_253' title='bbox 752 3505 807 3566; x_wconf 84' lang='lat' dir='ltr'>eet</span> <span class='ocrx_word' id='word_1_254' title='bbox 837 3501 1105 3568; x_wconf 82' lang='lat' dir='ltr'>commentarius</span> <span class='ocrx_word' id='word_1_255' title='bbox 1134 3499 1171 3567; x_wconf 90' lang='lat' dir='ltr'>in</span> <span class='ocrx_word' id='word_1_256' title='bbox 1202 3499 1301 3568; x_wconf 84' lang='lat' dir='ltr'>Rom.</span> <span class='ocrx_word' id='word_1_257' title='bbox 1326 3499 1432 3568; x_wconf 89' lang='lat' dir='ltr'>VIII.</span> <span class='ocrx_word' id='word_1_258' title='bbox 1458 3495 1509 3567; x_wconf 84' lang='grc'>29.</span> <span class='ocrx_word' id='word_1_259' title='bbox 1530 3490 1572 3558; x_wconf 75' lang='grc'>30·</span> 
     </span>
     <span class='ocr_line' id='line_1_31' title="bbox 426 3599 1572 3696; baseline -0.002 -24"><span class='ocrx_word' id='word_1_260' title='bbox 426 3635 443 3672; x_wconf 77' lang='lat' dir='ltr'>e</span> <span class='ocrx_word' id='word_1_261' title='bbox 460 3605 549 3675; x_wconf 85' lang='lat' dir='ltr'>Nam</span> <span class='ocrx_word' id='word_1_262' title='bbox 573 3627 659 3696; x_wconf 81' lang='lat' dir='ltr'>quos</span> <span class='ocrx_word' id='word_1_263' title='bbox 674 3605 866 3695; x_wconf 76' lang='lat' dir='ltr'>praescivit</span> <span class='ocrx_word' id='word_1_264' title='bbox 882 3611 919 3675; x_wconf 89' lang='lat' dir='ltr'>et</span> <span class='ocrx_word' id='word_1_265' title='bbox 933 3605 1251 3696; x_wconf 74' lang='lat' dir='ltr'>praedestinavit...</span> <span class='ocrx_word' id='word_1_266' title='bbox 1261 3608 1340 3676; x_wconf 78' lang='lat' dir='ltr'>Non</span> <span class='ocrx_word' id='word_1_267' title='bbox 1356 3612 1448 3676; x_wconf 74' lang='lat' dir='ltr'>erint</span> <span class='ocrx_word' id='word_1_268' title='bbox 1465 3599 1572 3691; x_wconf 65' lang='lat' dir='ltr'>simpli·</span> 
     </span>
     <span class='ocr_line' id='line_1_32' title="bbox 423 3710 1569 3805; baseline -0.004 -25"><span class='ocrx_word' id='word_1_269' title='bbox 423 3715 508 3780; x_wconf 83' lang='lat' dir='ltr'>citer</span> <span class='ocrx_word' id='word_1_270' title='bbox 520 3710 810 3802; x_wconf 56' lang='lat' dir='ltr'>praedestinavit,-</span> <span class='ocrx_word' id='word_1_271' title='bbox 826 3711 884 3780; x_wconf 79' lang='lat' dir='ltr'>ced</span> <span class='ocrx_word' id='word_1_272' title='bbox 911 3739 983 3780; x_wconf 80' lang='lat' dir='ltr'>cum</span> <span class='ocrx_word' id='word_1_273' title='bbox 1005 3717 1254 3803; x_wconf 81' lang='lat' dir='ltr'>prcercioioeet,</span> <span class='ocrx_word' id='word_1_274' title='bbox 1276 3713 1569 3805; x_wconf 66' lang='lat' dir='ltr'>praedestinavit...</span> 
     </span>
     <span class='ocr_line' id='line_1_33' title="bbox 424 3815 1570 3913; baseline 0.001 -24"><span class='ocrx_word' id='word_1_275' title='bbox 424 3821 578 3904; x_wconf 84' lang='lat' dir='ltr'>Quorum</span> <span class='ocrx_word' id='word_1_276' title='bbox 598 3824 813 3911; x_wconf 71' lang='lat' dir='ltr'>propositum</span> <span class='ocrx_word' id='word_1_277' title='bbox 835 3821 888 3910; x_wconf 88' lang='grc'>(2)</span> <span class='ocrx_word' id='word_1_278' title='bbox 906 3825 1110 3912; x_wconf 68' lang='lat' dir='ltr'>preteriret,</span> <span class='ocrx_word' id='word_1_279' title='bbox 1136 3826 1194 3892; x_wconf 80' lang='lat' dir='ltr'>loe</span> <span class='ocrx_word' id='word_1_280' title='bbox 1217 3825 1260 3891; x_wconf 82' lang='lat' dir='ltr'>ol</span> <span class='ocrx_word' id='word_1_281' title='bbox 1285 3827 1389 3892; x_wconf 79' lang='lat' dir='ltr'>initio</span> <span class='ocrx_word' id='word_1_282' title='bbox 1409 3815 1570 3913; x_wconf 60' lang='lat' dir='ltr'>metet·</span> 
     </span>
     <span class='ocr_line' id='line_1_34' title="bbox 423 3929 1311 4020; baseline 0.009 -27"><span class='ocrx_word' id='word_1_283' title='bbox 423 3931 533 4012; x_wconf 77' lang='lat' dir='ltr'>novit,</span> <span class='ocrx_word' id='word_1_284' title='bbox 560 3929 838 4020; x_wconf 75' lang='lat' dir='ltr'>praedestinatos</span> <span class='ocrx_word' id='word_1_285' title='bbox 860 3937 975 4000; x_wconf 86' lang='lat' dir='ltr'>eutem</span> <span class='ocrx_word' id='word_1_286' title='bbox 1000 3931 1106 4002; x_wconf 83' lang='lat' dir='ltr'>etium</span> <span class='ocrx_word' id='word_1_287' title='bbox 1130 3931 1311 4002; x_wconf 72' lang='lat' dir='ltr'>vocavit.»</span> 
     </span>
    </p>
   </div>
   <div class='ocr_carea' id='block_1_4' title="bbox 422 4127 1568 4560">
    <p class='ocr_par' dir='ltr' id='par_1_5' title="bbox 422 4127 1568 4468">
     <span class='ocr_line' id='line_1_35' title="bbox 484 4127 1568 4204; baseline 0.006 -20"><span class='ocrx_word' id='word_1_288' title='bbox 484 4127 639 4204; x_wconf 73' lang='grc' dir='ltr'><strong>(1)”[·Ζιγιφ</strong></span> <span class='ocrx_word' id='word_1_289' title='bbox 651 4135 682 4189; x_wconf 76' lang='lat' dir='ltr'>de</span> <span class='ocrx_word' id='word_1_290' title='bbox 696 4130 749 4186; x_wconf 71' lang='lat' dir='ltr'>cire</span> <span class='ocrx_word' id='word_1_291' title='bbox 760 4131 871 4202; x_wconf 73' lang='grc' dir='ltr'><strong>α’γιιπης</strong></span> <span class='ocrx_word' id='word_1_292' title='bbox 881 4153 972 4204; x_wconf 58' lang='lat' dir='ltr'>perne,</span> <span class='ocrx_word' id='word_1_293' title='bbox 982 4130 1063 4204; x_wconf 76' lang='grc' dir='ltr'><strong>ι’χρην</strong></span> <span class='ocrx_word' id='word_1_294' title='bbox 1074 4131 1198 4196; x_wconf 65' lang='grc' dir='ltr'>ἅπαντας</span> <span class='ocrx_word' id='word_1_295' title='bbox 1209 4131 1334 4192; x_wconf 64' lang='lat' dir='ltr'>rostrae.</span> <span class='ocrx_word' id='word_1_296' title='bbox 1343 4133 1490 4188; x_wconf 72' lang='lat' dir='ltr'>Sentenh&#39;t</span> <span class='ocrx_word' id='word_1_297' title='bbox 1501 4127 1568 4190; x_wconf 56' lang='lat' dir='ltr'><strong>llll„</strong></span> 
     </span>
     <span class='ocr_line' id='line_1_36' title="bbox 422 4219 1565 4290; baseline 0 -16"><span class='ocrx_word' id='word_1_298' title='bbox 422 4219 634 4285; x_wconf 76' lang='lat' dir='ltr'>Ohryeoetono:</span> <span class='ocrx_word' id='word_1_299' title='bbox 659 4221 685 4274; x_wconf 84' lang='grc' dir='ltr'>ιι</span> <span class='ocrx_word' id='word_1_300' title='bbox 704 4223 751 4274; x_wconf 82' lang='lat' dir='ltr'>vel</span> <span class='ocrx_word' id='word_1_301' title='bbox 771 4237 845 4276; x_wconf 75' lang='lat' dir='ltr'>unus</span> <span class='ocrx_word' id='word_1_302' title='bbox 865 4221 1031 4288; x_wconf 77' lang='lat' dir='ltr'>dannetur,</span> <span class='ocrx_word' id='word_1_303' title='bbox 1052 4221 1084 4276; x_wconf 88' lang='lat' dir='ltr'>id</span> <span class='ocrx_word' id='word_1_304' title='bbox 1101 4226 1301 4290; x_wconf 66' lang='lat' dir='ltr'>argumentum</span> <span class='ocrx_word' id='word_1_305' title='bbox 1325 4227 1370 4276; x_wconf 75' lang='lat' dir='ltr'>est</span> <span class='ocrx_word' id='word_1_306' title='bbox 1393 4219 1565 4277; x_wconf 59' lang='lat' dir='ltr'>erema.</span> 
     </span>
     <span class='ocr_line' id='line_1_37' title="bbox 422 4307 1567 4381; baseline 0.01 -19"><span class='ocrx_word' id='word_1_307' title='bbox 422 4307 714 4378; x_wconf 71' lang='lat' dir='ltr'>prudeetluatiouen</span> <span class='ocrx_word' id='word_1_308' title='bbox 733 4309 769 4364; x_wconf 75' lang='lat' dir='ltr'>cd</span> <span class='ocrx_word' id='word_1_309' title='bbox 786 4312 908 4378; x_wconf 70' lang='lat' dir='ltr'>glorian</span> <span class='ocrx_word' id='word_1_310' title='bbox 928 4328 984 4366; x_wconf 91' lang='lat' dir='ltr'>non</span> <span class='ocrx_word' id='word_1_311' title='bbox 1004 4327 1067 4366; x_wconf 78' lang='lat' dir='ltr'>eure</span> <span class='ocrx_word' id='word_1_312' title='bbox 1087 4313 1191 4368; x_wconf 75' lang='lat' dir='ltr'>loetum</span> <span class='ocrx_word' id='word_1_313' title='bbox 1210 4319 1277 4368; x_wconf 74' lang='lat' dir='ltr'>aute</span> <span class='ocrx_word' id='word_1_314' title='bbox 1290 4313 1449 4381; x_wconf 70' lang='lat' dir='ltr'>praevium</span> <span class='ocrx_word' id='word_1_315' title='bbox 1466 4318 1567 4374; x_wconf 52' lang='grc' dir='ltr'>ΜΡΝ</span> 
     </span>
     <span class='ocr_line' id='line_1_38' title="bbox 423 4397 950 4468; baseline 0.011 -18"><span class='ocrx_word' id='word_1_316' title='bbox 423 4397 528 4452; x_wconf 81' lang='lat' dir='ltr'>tloneun</span> <span class='ocrx_word' id='word_1_317' title='bbox 548 4403 579 4452; x_wconf 87' lang='lat' dir='ltr'>et</span> <span class='ocrx_word' id='word_1_318' title='bbox 597 4403 664 4453; x_wconf 76' lang='lat' dir='ltr'>cute</span> <span class='ocrx_word' id='word_1_319' title='bbox 682 4402 819 4468; x_wconf 67' lang='lat' dir='ltr'>praevios</span> <span class='ocrx_word' id='word_1_320' title='bbox 836 4403 950 4457; x_wconf 76' lang='lat' dir='ltr'>nerito..</span> 
     </span>
    </p>

    <p class='ocr_par' dir='ltr' id='par_1_6' title="bbox 484 4480 1563 4560">
     <span class='ocr_line' id='line_1_39' title="bbox 484 4480 1563 4560; baseline 0.007 -22"><span class='ocrx_word' id='word_1_321' title='bbox 484 4483 527 4558; x_wconf 75' lang='grc' dir='ltr'><strong>(ι)</strong></span> <span class='ocrx_word' id='word_1_322' title='bbox 548 4484 676 4560; x_wconf 69' lang='grc' dir='ltr'><strong>ιιροὸισιι</strong></span> <span class='ocrx_word' id='word_1_323' title='bbox 694 4489 872 4555; x_wconf 67' lang='lat' dir='ltr'>properiter·</span> <span class='ocrx_word' id='word_1_324' title='bbox 894 4490 926 4543; x_wconf 88' lang='grc' dir='ltr'>ιιι</span> <span class='ocrx_word' id='word_1_325' title='bbox 947 4491 1077 4546; x_wconf 78' lang='lat' dir='ltr'>textihun</span> <span class='ocrx_word' id='word_1_326' title='bbox 1094 4491 1283 4560; x_wconf 67' lang='lat' dir='ltr'>epotetur,</span> <span class='ocrx_word' id='word_1_327' title='bbox 1305 4493 1355 4547; x_wconf 81' lang='lat' dir='ltr'>uhi</span> <span class='ocrx_word' id='word_1_328' title='bbox 1378 4508 1465 4548; x_wconf 76' lang='lat' dir='ltr'>uerno</span> <span class='ocrx_word' id='word_1_329' title='bbox 1484 4489 1521 4543; x_wconf 75' lang='lat' dir='ltr'>ott</span> <span class='ocrx_word' id='word_1_330' title='bbox 1538 4480 1563 4532; x_wconf 69' lang='lat' dir='ltr'>l·</span> 
     </span>
    </p>
   </div>
   <div class='ocr_carea' id='block_1_5' title="bbox 0 0 1644 5070">
    <p class='ocr_par' dir='ltr' id='par_1_7' title="bbox 0 0 1644 5070">
     <span class='ocr_line' id='line_1_40' title="bbox 0 0 1644 5070; baseline 0 0"><span class='ocrx_word' id='word_1_331' title='bbox 0 0 1644 5070; x_wconf 95' lang='lat' dir='ltr'> </span> 
     </span>
    </p>
   </div>
  </div>
 </body>
</html>
