3262 5076
556 409 592 422 -
614 377 674 437 513
697 408 734 422 -

57 483 190 568 luntas,
215 505 284 550 non
307 489 378 550 tam
402 505 444 550 ex
469 483 586 550 verbis
603 505 637 548 v.
654 483 689 549 4.
707 504 769 570 per
794 505 830 548 se
854 480 1033 570 spectatis,
1060 501 1160 572 quam
1186 503 1226 548 ex

56 589 338 658 antecedentibus
363 597 398 657 et
423 589 570 656 maxime
588 611 630 656 ex
647 587 937 680 subsequentibus
953 588 1224 656 demonstratur.

56 695 105 763 Ex
130 695 327 764 bisantem
350 701 508 780 constat,
535 695 626 764 velle
649 696 758 764 Deum
783 695 899 764 salvos
924 695 1001 762 lieri
1029 717 1144 763 omnes
1167 695 1226 762 ho-

55 804 160 871 miues
187 825 332 895 quorum
356 802 431 892 ipse
455 808 509 872 est
531 803 650 886 Deus,
683 825 798 871 omnes
827 803 887 894 qui
912 803 1039 870 habent
1062 810 1226 870 naturam

55 912 250 994 humanam,
269 933 338 1002 qua
353 918 533 1000 assumpta
555 912 621 978 Dei
643 911 759 978 Filius
784 911 901 978 factus
925 917 979 978 est
1003 910 1102 977 homo
1118 909 1225 978 homi-

55 1041 132 1086 nnm
156 1017 353 1102 mediator,
380 1040 496 1086 omnes
520 1018 669 1109 denique
694 1041 755 1107 pro
779 1006 906 1108 quibus
931 1017 1012 1084 vult
1033 1017 1129 1086 Deus
1152 1039 1225 1085 ora-

55 1125 163 1194 tiones
188 1125 277 1194 fieri.
307 1127 340 1213 b)
365 1125 404 1193 si
427 1125 540 1194 altero
564 1125 674 1193 inciso
698 1129 739 1210 (a
757 1125 837 1193 vult
863 1147 979 1194 omnes
1002 1125 1157 1192 homines
1182 1123 1228 1191 od

56 1235 267 1323 opnitionoen
282 1235 442 1299 amirario
465 1235 578 1299 venire
592 1236 632 1316 n)
658 1233 881 1321 significatur
906 1234 1082 1301 inchoatio
1099 1240 1135 1301 et
1150 1256 1226 1302 con-

56 1339 139 1407 ditio
163 1337 306 1424 salutis3
326 1343 465 1406 constat
488 1360 530 1405 ex
554 1338 635 1406 fidei
660 1339 834 1427 analogia,
861 1363 928 1407 non
952 1340 1087 1430 requiri
1110 1337 1226 1408 condi·

56 1446 164 1515 tiones
178 1468 295 1514 omnes
308 1444 444 1514 easdem
457 1445 494 1512 in
506 1445 704 1514 infantibus
723 1470 761 1514 ao
774 1446 810 1512 in
824 1447 968 1515 adultis.
984 1448 1100 1516 Verba
1112 1447 1226 1535 igitur

56 1554 213 1644 Apostoli
232 1553 463 1642 intelligenda
480 1562 563 1623 sunt
579 1555 681 1622 iuxta
696 1555 924 1644 capacitatem
941 1555 1088 1624 subiecti
1104 1562 1140 1623 et
1162 1555 1226 1620 sub

55 1660 329 1744 conditionibus,
363 1683 450 1752 quae
482 1661 641 1730 diversae
673 1661 904 1752 requiruntur
933 1685 994 1751 pro
1019 1661 1226 1730 diversitate

57 1769 214 1840 subiecti.
230 1767 400 1850 Quamvis
419 1769 532 1858 igitur
549 1770 735 1838 secundum
754 1769 903 1838 incisum
928 1771 1130 1838 enuntiaret
1147 1793 1223 1838 con-

55 1879 218 1948 ditionem
239 1878 468 1946 necessariam
491 1901 554 1966 pro
578 1878 664 1946 solis
686 1879 832 1962 adultis,
859 1879 895 1946 id
919 1877 1123 1945 nullatenus
1147 1899 1224 1966 pro-

57 1988 161 2071 baret,
181 1984 290 2054 stiam
306 1984 456 2054 incisum
471 1986 677 2054 antecedens
693 1986 743 2062 ad
754 2008 811 2054 eos
828 1985 918 2052 solos
935 1984 1104 2074 restringi
1124 2007 1223 2074 posse

57 2116 93 2162 ao
114 2095 266 2180 debere;
292 2092 352 2162 sed
376 2092 487 2161 solum
510 2095 695 2182 probaret,
722 2095 765 2162 ab
787 2093 955 2182 Apostolo
979 2093 1221 2177 conditionem,

57 2223 138 2294 quaa
162 2200 262 2270 cadit
284 2203 349 2270 sub
372 2206 613 2291 praeceptum,
648 2200 846 2270 restrictam
869 2205 905 2268 et
929 2204 1225 2269 commemoratam

58 2312 161 2379 luisse
176 2315 319 2378 tantum
342 2331 404 2398 pro
426 2308 484 2392 iis,
504 2309 565 2400 qui
589 2309 764 2398 praecepti
789 2317 869 2376 sunt
894 2330 1049 2398 capaces.
1065 2307 1223 2374 Conferri

57 2424 166 2506 potest
195 2423 419 2506 praeceptum
442 2415 597 2486 Christi:
626 2417 779 2486 edocete
802 2439 918 2484 omnes
942 2420 1083 2504 gentes,
1113 2413 1223 2503 bapti-

57 2531 171 2594 zantes
187 2547 246 2594 eos
261 2552 277 2586 r
291 2524 420 2594 Matth.
435 2523 605 2593 XXVIII.
623 2523 677 2610 193
692 2532 727 2592 et
748 2525 838 2614 oqui
856 2523 1045 2592 crediderit
1061 2528 1096 2589 et
1113 2520 1224 2611 bapti-

58 2639 152 2702 zatus
177 2633 302 2716 fuerit,
328 2631 450 2701 salvus
473 2633 575 2700 erit»
601 2632 709 2702 Maro.
724 2633 822 2700 XVI.
840 2631 894 2699 16.
920 2631 1021 2698 Licet
1044 2631 1101 2698 hio
1125 2654 1222 2720 prae-

57 2746 188 2829 captum
221 2737 362 2806 ὥοσεηάἰ
387 2761 428 2808 ex
454 2745 553 2828 parto
576 2738 823 2828 Apostolorum
847 2745 882 2806 et
904 2744 1124 2828 praeceptum
1157 2761 1222 2806 cre·

58 2844 154 2912 doadi
179 2869 223 2916 ex
248 2851 349 2935 parte
375 2846 534 2935 gentium
558 2867 660 2915 sensu
686 2845 824 2936 proprio
848 2853 883 2913 et
906 2845 1038 2913 directo
1062 2845 1106 2912 ad
1131 2845 1221 2914 solos

57 2951 189 3022 adultos
213 2953 401 3038 referatur,
422 2953 570 3022 incisum
594 2961 709 3022 tammr
733 2952 895 3021 alterum:
916 2953 1088 3041 baptizate
1105 2976 1169 3033 cor,
1186 2959 1222 3021 et

58 3063 112 3148 pai
134 3061 331 3148 baptisatus
347 3059 479 3148 facerit,
497 3060 611 3128 salvus
637 3065 716 3142 erit,
742 3083 808 3128 non
832 3060 909 3128 ideo
934 3061 1048 3128 minus
1072 3081 1222 3148 compra-

58 3165 172 3236 hendit
195 3173 269 3235 tam
292 3167 447 3237 inientes
472 3190 575 3261 quam
589 3168 741 3253 adultos,
762 3168 852 3260 quod
871 3168 1136 3258 certoVasquez
1153 3191 1220 3236 nou

59 3279 209 3363 negaret.
228 3274 376 3366 Insuper
399 3282 429 3364 c)
453 3277 547 3346 sieut
570 3276 606 3344 in
631 3277 688 3344 his
703 3277 789 3345 locis
805 3273 993 3365 Evangelii
1011 3275 1171 3344 doctrina
1187 3285 1223 3345 et

59 3381 154 3468 fides,
171 3385 227 3454 ita
243 3384 335 3473 apud
359 3383 504 3452 Paulum
529 3384 666 3474 agnitio
691 3384 854 3454 veritatis
879 3407 983 3452 sensu
1008 3384 1220 3454 accommodo

60 3491 206 3577 pertinet
231 3492 336 3560 etiam
359 3491 403 3560 ad
427 3491 593 3576 infantes,
619 3499 660 3560 nt
682 3513 782 3580 saepe
805 3491 958 3580 explicat
980 3492 1219 3581 Augustinus.

62 3597 213 3690 «Itaque
236 3598 423 3688 parvulum
447 3599 514 3668 etsi
538 3600 688 3668 nondum
713 3598 798 3666 tides
814 3598 891 3684 illa,
910 3621 997 3691 quae
1022 3600 1058 3668 in
1083 3601 1220 3669 creden·

60 3704 138 3774 tium
163 3705 348 3774 voluntate
371 3707 545 3792 consistit,
564 3708 631 3774 iam
649 3712 763 3774 tamen
783 3707 895 3796 ipsius
920 3707 999 3775 fidei
1026 3729 1221 3776 sacramen·

60 3815 124 3878 tnm
138 3811 275 3882 fidelem
292 3813 392 3882 facit.
411 3813 498 3883 Nam
513 3816 606 3884 siout
622 3815 760 3884 credere
781 3814 1009 3903 respondetur
1025 3819 1099 3904 (per
1115 3815 1219 3883 corda

61 3923 169 3988 etone
197 3921 432 4009 gestantium,
461 3927 500 3991 ut
523 3923 575 3990 ait
598 3929 709 3991 contr.
727 3922 796 3990 Iul.
814 3921 876 3991 VI.
893 3946 927 3988 n.
943 3923 1012 4008 6.),
1040 3922 1091 3990 ita
1113 3923 1219 3990 etiam

62 4023 163 4095 tidelis
187 4033 346 4112 vocatur,
372 4051 438 4096 nou
464 4052 534 4098 rem
559 4031 670 4119 ipsam
680 4023 805 4098 ‘mente
831 4029 1012 4098 annuendo
1029 4029 1088 4098 sed
1106 4031 1217 4120 ipsius

62 4130 105 4198 rei
126 4143 378 4204 sacramentum
394 4135 616 4224 percipiendo
630 4162 646 4198 a
662 4158 715 4226 ep.
731 4136 785 4204 98.
802 4135 849 4203 al.
864 4135 919 4202 23.
935 4160 969 4203 u.
989 4136 1042 4203 10.
1058 4138 1102 4206 ad
1114 4138 1217 4206 Boni·

64 4237 121 4306 lac.
137 4241 185 4311 Et
201 4265 304 4312 sensu
321 4243 403 4311 alio:
433 4273 448 4306 a
464 4245 526 4334 qni
540 4245 681 4334 parvuli
698 4243 926 4334 baptizantur
946 4252 1051 4336 atque
1067 4247 1218 4315 moriun-

63 4347 133 4430 tur,
162 4372 223 4439 per
247 4349 345 4418 illam
370 4351 521 4442 gratiam
547 4351 590 4420 ad
616 4351 828 4440 agnitionem
853 4353 1039 4437 veritatis,
1071 4354 1217 4445 quaein

65 4470 156 4540 regno
177 4457 241 4524 Dei
265 4466 319 4524 est
342 4458 562 4541 certissima,
599 4459 744 4526 veniunt
765 4487 780 4518 r
811 4467 922 4528 contr.
939 4460 1008 4528 Iul.
1024 4461 1087 4530 IV.
1103 4485 1136 4528 n.
1157 4460 1213 4528 42.

190 4585 345 4637 Fraudis
1040 4589 1074 4640 38
