3394 5056
904 381 942 396 -
966 351 1005 412 16
1026 383 1064 398 -

398 463 456 526 ter
476 453 657 546 proposita
678 454 716 522 in
738 453 996 546 praedicatione
1027 455 1286 542 ecclesiastica,
1311 457 1572 526 matrimonium

400 585 474 636 esse
490 569 743 632 sacramentum
759 563 805 632 N.
819 563 861 630 L.
876 565 1016 654 proprie
1027 565 1172 653 dictum,
1191 567 1349 656 probatio
1366 571 1482 634 mmen
1493 587 1572 655 spe-

401 672 503 742 cialis
525 695 555 740 e.
574 697 610 761 g.
628 695 671 740 ex
685 671 777 762 Eph.
795 671 976 742 V.22-32.
993 697 1062 742 non
1084 674 1138 742 ita
1158 681 1214 744 eat
1235 679 1444 763 comparata,
1469 679 1512 741 ut
1533 675 1574 739 υἱ

402 779 502 846 illico
525 791 638 846 reatae
660 778 803 847 Paulini
826 779 959 849 veritas
981 780 1140 849 omnibus
1162 779 1372 849 sufficienter
1394 751 1575 870 pioposita

401 887 537 957 ostendi
559 886 681 976 possit.
707 887 750 954 iu
773 887 838 956 hoc
860 911 987 978 genere
1009 889 1226 978 probationis
1248 911 1411 958 assensus
1425 887 1464 956 in
1479 887 1573 956 veri·

401 999 508 1064 tatem
532 993 720 1084 dupliciter
743 994 927 1064 sehabet:
951 997 1124 1086 imprimis
1146 1003 1201 1066 est
1223 1019 1385 1066 mseusus
1412 995 1512 1080 fidei,
1539 995 1575 1064 si

401 1107 582 1194 spectatur
604 1101 795 1193 propositio
818 1101 855 1170 iu
878 1104 984 1172 verbo
1006 1105 1071 1174 Dei
1095 1125 1164 1196 qua
1186 1105 1258 1174 late
1274 1110 1382 1195 patet,
1399 1112 1475 1173 tum
1487 1125 1575 1172 vero

402 1233 480 1278 cnm
502 1231 647 1278 assensu
668 1207 752 1276 fidei
774 1207 812 1276 iu
835 1210 1021 1278 veritatem
1043 1190 1155 1300 ipsam
1189 1209 1296 1279 simul
1327 1209 1489 1278 consistit
1517 1229 1577 1276 as-

401 1339 524 1386 sensus
545 1315 764 1406 theologicus
786 1316 965 1386 inferioris
988 1318 1134 1404 ordinis,
1161 1339 1228 1410 quo
1252 1317 1289 1388 vi
1312 1317 1488 1386 rationum
1518 1316 1574 1384 in·

400 1424 585 1494 ductarum
608 1430 760 1508 tenetur,
786 1423 824 1492 in
847 1423 912 1493 hoc
934 1424 1164 1494 determinato
1186 1425 1385 1494 testimonio
1406 1422 1576 1514 Apostoli

399 1553 475 1602 eam
498 1532 683 1600 veritatem
705 1531 897 1602 revelatam
920 1553 1006 1602 esse.
1032 1533 1164 1617 Patet,
1189 1533 1283 1602 hunc
1298 1553 1477 1600 assensum
1502 1529 1577 1598 uiti

399 1637 533 1730 duplici
556 1637 792 1708 fundamento:
817 1661 925 1708 unum
947 1645 1002 1708 est
1024 1661 1187 1708 assensus
1203 1639 1298 1724 fidei,
1317 1661 1384 1731 quo
1400 1638 1577 1709 oredimus

400 1746 594 1816 doctrinam
628 1745 790 1837 Apostoli
816 1767 891 1814 esse
919 1746 1112 1816 infallibile
1140 1749 1284 1818 verbum
1306 1747 1391 1832 Dei,
1423 1745 1576 1814 alterum

399 1861 454 1926 eat
476 1855 587 1923 solum
619 1855 818 1944 theologica
848 1857 1027 1946 persuasio
1049 1856 1230 1926 inferioris
1262 1855 1414 1940 ordinis,
1449 1855 1487 1922 in
1507 1852 1577 1922 hoc

400 1961 475 2033 loco
491 1962 654 2054 Apostoli
676 1963 855 2032 enuntiari
876 1963 1047 2032 rationem
1070 1963 1278 2033 sacramenti
1300 1962 1441 2054 proprie
1463 1961 1573 2048 dicti;

401 2070 492 2140 unde
516 2071 622 2139 etiam
646 2069 828 2155 iudicium,
856 2073 893 2136 in
917 2072 1069 2138 hocloco
1095 2071 1258 2162 Apostoli
1281 2069 1475 2138 revalatum
1497 2089 1577 2137 esse

402 2177 660 2248 matrimonium
683 2178 916 2248 christianum
939 2181 1040 2250 velut
1062 2180 1203 2272 proprie
1225 2179 1357 2249 dictum
1381 2197 1576 2247 sacramen·

304 2329 307 2336 .
401 2293 477 2356 tum
500 2287 545 2356 N.
567 2287 632 2371 Ia,
654 2307 723 2354 nou
750 2291 805 2354 est
830 2287 1001 2358 iudicium
1024 2287 1129 2373 fidei,
1154 2309 1265 2378 neque
1288 2284 1458 2354 iudicium
1480 2304 1576 2352 mere

400 2393 591 2479 rationale,
618 2393 678 2462 sed
701 2393 875 2464 sententia
898 2395 1146 2487 quodammodo
1175 2395 1287 2463 mixta
1309 2415 1351 2462 ex
1379 2391 1509 2462 iudicio
1532 2389 1576 2457 fi-

402 2501 480 2587 dei,
506 2502 596 2594 quod
620 2503 763 2572 verbum
785 2503 948 2594 Apostoli
970 2510 1028 2572 est
1049 2501 1241 2572 infallibile
1261 2502 1405 2574 verbum
1427 2499 1511 2583 Dei,
1537 2504 1578 2567 et

401 2633 444 2680 ex
460 2610 591 2680 iudicio
614 2610 872 2681 hermeneutico
895 2633 936 2680 ac
958 2610 1179 2700 theologico,
1213 2611 1304 2701 quod
1332 2605 1576 2698 inpraesenti

402 2717 552 2788 motione
582 2717 750 2808 epistolas
788 2719 999 2810 apostolicae
1033 2718 1241 2787 enuntiatur
1279 2737 1364 2786 vera
1397 2713 1488 2784 ratio
1518 2735 1575 2782 sa-

402 2824 583 2894 cramenti.
609 2825 705 2894 Haec
728 2825 859 2895 dicitur
882 2849 945 2916 pro
960 2825 1100 2895 diverso
1124 2825 1238 2915 gradu
1265 2821 1490 2893 certitudinis
1514 2819 1574 2890 vel

400 2931 660 3022 probabilitatis
682 2936 851 2999 sententia
869 2934 1073 3023 theoloqc'oo,
1092 2935 1210 3022 opinio
1232 2933 1422 3022 theolopioc
1437 2929 1482 2998 ad
1503 2927 1575 2996 dis-

399 3039 602 3109 tinctionem
624 3061 646 3108 a
669 3041 843 3110 sententia
866 3047 971 3133 atque
994 3061 1140 3110 assensu
1162 3045 1238 3109 tum
1268 3038 1350 3108 fidei
1381 3043 1459 3107 tum
1481 3057 1574 3105 mere

402 3147 581 3216 rationali.

469 3257 499 3338 c)
532 3253 630 3322 Fieri
654 3253 841 3346 aliquando
871 3260 1010 3344 potest,
1036 3260 1078 3322 ut
1110 3253 1195 3323 licet
1216 3253 1372 3337 veritas,
1405 3251 1448 3320 de
1471 3250 1576 3320 cuius

402 3359 599 3450 theologica
621 3361 915 3431 demonstratione
938 3361 1133 3454 quaeritur,
1159 3361 1309 3430 noudum
1333 3361 1383 3429 sit
1403 3357 1576 3428 sufficieu-

402 3475 457 3538 ter
480 3469 517 3536 in
540 3469 710 3536 catholico
730 3467 803 3558 fide
824 3469 1013 3560 proposita,
1039 3468 1115 3538 illis
1137 3475 1254 3538 tamen
1276 3468 1337 3559 qui
1353 3473 1576 3558 argumento·

403 3599 480 3645 rum
505 3577 577 3646 vim
598 3577 794 3667 perspicere
817 3577 949 3664 valent,
975 3601 1017 3647 ex
1036 3577 1201 3667 diligenti
1216 3576 1373 3646 examine
1389 3575 1464 3646 sive
1480 3573 1576 3643 Scri-

403 3691 527 3776 pturas
539 3685 614 3754 sive
625 3685 830 3754 traditionis
844 3693 939 3756 certo
952 3693 1098 3772 constet,
1113 3707 1188 3754 eam
1201 3685 1387 3755 veritatem
1403 3684 1575 3753 contineri

403 3793 441 3860 iu
456 3791 612 3864 revelato
629 3793 695 3862 Dei
710 3794 826 3863 verbo.
853 3795 928 3863 Hoc
944 3793 1057 3886 posito
1080 3799 1300 3883 argumenta,
1327 3813 1415 3884 quac
1436 3791 1576 3860 demon·

404 3907 518 3968 strcnt
533 3901 717 3969 veritatem
730 3907 926 3970 contentam
941 3901 980 3970 in
991 3900 1217 3985 revelatione,
1231 3921 1295 3990 pro
1310 3897 1386 3966 illis
1398 3896 1575 3966 sufficiens

403 4011 487 4074 sunt
508 4005 698 4098 applicatio
721 4013 757 4076 et
779 4008 969 4098 propositio
985 4005 1211 4076 revelationis
1234 4005 1279 4072 ad
1296 4027 1475 4074 assensum
1488 4000 1576 4097 fidei

403 4112 542 4179 divinoe
557 4111 776 4182 eliciendum.
793 4115 882 4182 Tum
899 4137 981 4184 vero
1004 4115 1042 4182 in
1057 4115 1114 4199 iis,
1134 4113 1193 4206 qui
1209 4113 1262 4182 ita
1276 4117 1483 4202 argumenta
1498 4133 1575 4200 per-

403 4219 570 4309 spiciunt,
591 4241 752 4290 assensus
772 4221 854 4290 fidei
866 4229 903 4289 et
921 4221 1075 4311 cognitio
1090 4219 1289 4309 theologica
1306 4241 1375 4286 non
1390 4217 1460 4286 alio
1475 4217 1575 4286 modo

402 4325 583 4412 differunt,
601 4327 671 4396 nisi
687 4351 786 4421 quem
807 4329 919 4419 primo
937 4329 1010 4398 loco
1026 4329 1115 4415 (sub
1130 4327 1254 4397 littera
1271 4333 1308 4415 o)
1323 4325 1571 4396 indicavimus.

402 4433 461 4502 Ita
482 4433 573 4502 nihil
597 4435 753 4526 impedit,
771 4437 955 4528 quominus
970 4437 1103 4506 veritas
1118 4435 1361 4505 immaculatae
1382 4431 1575 4523 conceptio-
