3240 5064
542 391 579 406 ..
600 361 661 422 209
682 393 720 410 .-

54 495 150 542 unum
162 475 254 555 sunt,
269 473 306 538 et
320 465 510 537 eminentia
524 471 765 536 creaturarum
778 467 975 538 formaliter
987 468 1024 536 in
1036 468 1108 538 Deo
1123 476 1213 539 est.»

51 579 118 648 Hoc
137 583 250 646 autem
273 573 432 663 theologi
454 596 523 640 non
539 572 744 670 admittunt,
765 596 879 662 eergo
896 573 1106 664 simplicitas
1122 575 1215 644 nihil

52 690 147 771 facit,
171 693 212 754 nt
234 683 395 754 totaliter
425 682 519 750 Deus
543 680 719 751 videatur.
741 681 821 749 724⁰.
844 710 860 744 ι
878 680 1108 772 sequeretur,
1127 683 1217 775 quod

50 795 152 864 omme
174 794 240 863 Dei
263 791 408 874 iudicia,
429 813 544 858 omnes
569 790 770 858 voluntates
787 788 944 858 occultae
971 796 1088 860 essent
1103 791 1215 860 beatis

48 905 253 990 manifestae,
280 900 364 991 quis
390 898 504 968 omnia
526 897 616 967 talia
639 903 722 966 sunt
738 897 935 966 formaliter
950 897 988 965 in
1005 898 1080 987 ipso
1103 899 1211 968 Deo.»

48 1008 155 1078 Talem
178 1031 262 1080 vero
286 1005 453 1077 visionem
477 1005 591 1074 beatis
614 1025 768 1074 asserere
791 1009 883 1072 esset
905 1025 1099 1074 erroneum.
1118 1006 1213 1075 Haeo

47 1117 178 1186 Teletos
200 1117 228 1185 l.
246 1139 277 1185 o.

105 1225 361 1314 Respondemus
375 1221 420 1290 ad
444 1221 511 1288 1²⁸³.
528 1220 755 1310 Augustinus
779 1222 817 1288 in
833 1219 899 1288 illa
922 1220 1071 1311 epistola
1087 1220 1212 1290 distin-

46 1333 117 1421 guit
144 1331 322 1421 triplicem
353 1329 522 1398 visionem
546 1328 630 1396 Dei:
655 1327 755 1395 illem
788 1349 857 1420 que
890 1328 984 1396 Deus
1021 1327 1211 1396 videbatur

46 1439 147 1508 oeulis
161 1437 268 1508 etism
293 1437 446 1528 corporis
464 1465 481 1500 ι
498 1459 567 1504 non
582 1435 621 1503 in
636 1441 764 1504 natura
787 1435 929 1526 propria
952 1434 1066 1502 sedin
1084 1437 1208 1526 specie,

49 1569 108 1638 qua
119 1546 244 1634 voluit;
261 1572 279 1608 n
292 1551 369 1614 tum
392 1545 539 1614 alteram
552 1544 722 1612 visionem
735 1544 918 1612 mentalem
930 1543 967 1611 in
979 1542 1046 1613 hae
1059 1544 1134 1612 vita
1147 1542 1209 1632 (1);

48 1675 85 1722 ac
105 1653 249 1745 denique
273 1651 418 1721 tertiam
436 1679 452 1714 ιι
470 1650 508 1718 in
531 1650 595 1718 illo
617 1672 738 1738 regno,
764 1650 825 1718 ubi
848 1671 925 1718 eum
952 1649 1122 1718 videbunt
1144 1649 1213 1717 filii

47 1761 115 1828 eius
135 1759 242 1830 sicuti
266 1764 332 1842 est,
353 1785 369 1820 n
391 1757 463 1826 rin
486 1757 628 1848 proprie
654 1763 798 1842 ustura,
818 1784 834 1820 n
857 1785 873 1820 ιι
891 1757 929 1825 in
955 1757 1022 1826 Dei
1048 1759 1208 1825 forma.»

47 1867 159 1937 Verbis
192 1889 214 1934 a
248 1866 370 1935 Toleto
405 1865 528 1936 citetis
554 1865 956 1956 «comprehensionem
982 1864 1209 1954 Augustinus

47 1973 129 2042 clere
149 1973 296 2063 opponit
322 1972 454 2042 visioni
480 1973 592 2062 primo
607 1979 645 2042 et
660 1972 809 2044 secundo
825 1972 923 2042 modo
939 1979 1112 2062 acceptae.
1132 1972 1210 2042 Non

46 2087 149 2150 tamen
164 2087 288 2152 contre
303 2079 463 2148 Toletum
479 2080 643 2166 dicemus,
664 2081 986 2170 comprehensionem
1001 2079 1059 2148 hic
1075 2102 1209 2149 sumen·

47 2187 116 2256 dsm
136 2211 209 2257 esse
232 2210 337 2256 sensu
359 2186 488 2256 laxiori
511 2211 574 2279 pro
597 2189 832 2278 ipsevisione
855 2187 934 2274 Dei,
960 2188 1067 2256 sicuti
1094 2189 1209 2258 estin

47 2301 162 2362 natura
184 2294 340 2385 propria;
360 2294 522 2384 quamvis
544 2295 759 2382 significatio
782 2294 907 2364 horum
920 2296 1095 2364 nominum
1118 2298 1209 2388 apud

47 2401 156 2472 Patres
177 2427 247 2472 non
270 2403 394 2472 sitite
416 2403 488 2471 fixa
510 2425 551 2472 ec
573 2412 665 2490 rata,
684 2409 725 2472 ut
748 2405 993 2494 comprehensio
1019 2427 1208 2496 numquam

48 2517 194 2580 sumetur
220 2533 284 2602 pro
312 2509 447 2580 visione
479 2510 652 2581 intuitiva
680 2513 731 2600 (2)
758 2515 826 2597 (cf.
846 2512 1016 2581 Didaeum
1048 2513 1140 2582 Ruiz
1167 2513 1209 2581 de

48 2612 181 2682 seientia
194 2613 262 2682 Dei
277 2613 367 2704 disp.
386 2613 450 2682 VI.
470 2618 554 2682 sect.
570 2615 640 2700 1.),
659 2620 723 2682 eut
740 2613 896 2684 vicissim
911 2615 1047 2684 nomine
1063 2617 1208 2683 visionis

45 2724 205 2806 perfectae
220 2742 290 2788 non
302 2719 502 2811 saepissime
517 2721 713 2811 appelletur
730 2721 1002 2813 comprehensio,
1022 2745 1090 2815 qua
1113 2723 1208 2792 Deus

48 2825 129 2895 solus
150 2849 186 2896 se
208 2827 325 2918 ipsum
348 2827 618 2919 comprehendit.
638 2831 705 2900 Sed
729 2831 949 2915 assumimus,
970 2831 1060 2922 quod
1076 2853 1114 2900 re
1130 2832 1207 2920 ipsa

47 2941 251 3004 exsontextu
272 2935 471 3026 Augustini
487 2939 666 3028 probatur,
685 2937 1019 3027 comprehensionem
1050 2938 1205 3027 intelligi

48 3045 171 3132 proprio
194 3065 301 3112 sensu
318 3043 357 3110 in
379 3043 595 3134 oppositione
609 3047 716 3114 etiam
731 3046 775 3113 ad
792 3047 961 3116 visionem
977 3045 1202 3132 intuitivam;

49 3155 135 3240 atque
157 3151 222 3221 hoe
245 3152 361 3241 posito
383 3153 609 3243 inspiciemus
634 3156 740 3223 verha
763 3155 841 3246 ipsa
861 3155 1071 3246 Augustini.
1093 3183 1110 3218 ι
1127 3155 1205 3224 Non

49 3255 116 3342 quie
135 3255 202 3323 Dei
211 3255 467 3346 plenitudinem
490 3257 672 3348 quisquam
688 3281 755 3326 non
772 3261 883 3328 solum
900 3261 1010 3330 oculis
1034 3259 1200 3349 corporis,

49 3359 163 3430 sedvel
178 3361 258 3452 ipsa
272 3369 385 3432 mente
401 3363 589 3455 aliquando
613 3369 883 3457 comprehendit.
902 3368 1013 3437 Aliud
1036 3373 1090 3436 est
1112 3367 1203 3436 enim

49 3466 162 3554 videre,
181 3469 282 3538 alind
305 3477 359 3540 est
383 3485 490 3538 totum
512 3470 654 3539 videndo
679 3473 961 3564 comprehendere.
981 3476 1204 3568 Quandoqui-

49 3571 111 3642 dem
131 3575 166 3645 id
188 3577 344 3663 videtur,
371 3579 461 3670 quod
490 3603 655 3670 praesens
681 3589 868 3675 utcumque
899 3585 1064 3672 sentitur;
1090 3591 1202 3654 totum

48 3685 147 3750 sutem
169 3683 474 3776 comprehenditur
497 3689 657 3775 videndo,
684 3689 775 3782 quod
798 3692 852 3759 ite
875 3693 1029 3778 videtur,
1047 3707 1087 3758 nr
1108 3694 1202 3759 nihil

98 3893 134 3970 (1)
153 3901 291 3968 Intelllgs
310 3917 366 3955 non
385 3901 467 3958 illam
486 3921 570 3974 quem
588 3909 679 3976 Moysi
699 3912 729 3964 et
742 3911 830 3966 Peulo
844 3899 1013 3968 intuitivem
1034 3914 1068 3968 sd
1089 3918 1200 3984 tempus

48 3999 188 4043 cormeum
205 3991 305 4058 pntsrl
323 4005 406 4060 posse
420 3994 493 4048 dicit
504 3995 692 4068 Augustinus,
715 4003 744 4054 et
764 4017 835 4068 quse
855 4003 974 4070 proinde
988 4003 1126 4059 coineidit
1137 4021 1199 4059 cum

51 4075 135 4142 terum
156 4077 205 4130 sed
224 4080 315 4146 nugis
335 4095 506 4137 communem
531 4089 812 4158 contemplationem,
835 4107 919 4159 quem
942 4094 973 4146 in
998 4109 1050 4148 sne
1075 4097 1199 4164 epistole

49 4165 202 4220 emmendst
220 4169 385 4223 Paulinum

91 4249 126 4325 (2)
140 4276 152 4302 ι
165 4257 246 4338 Visis
263 4259 318 4311 Dei
336 4275 387 4328 per
406 4265 560 4320 essentium
579 4271 676 4335 potest
696 4269 754 4325 diei
774 4277 986 4342 comprehensio
1005 4278 1036 4331 in
1056 4291 1196 4345 compers-

50 4339 113 4395 tione
129 4343 161 4396 sd
179 4347 320 4402 visionem
339 4351 418 4420 vise,
439 4369 511 4420 quse
530 4355 566 4409 sd
586 4360 740 4414 essentium
759 4379 815 4416 non
834 4366 990 4433 pertingit,
1011 4383 1068 4420 non
1087 4370 1131 4420 est
1154 4368 1197 4418 te·

51 4442 100 4483 neu
116 4435 320 4503 conprehensio
341 4439 535 4508 simpliciter»
552 4444 582 4500 S.
593 4447 646 4501 rh.
658 4451 744 4505 verit.
757 4455 821 4520 q.8.
830 4471 855 4508 s.
867 4457 893 4510 2.
906 4455 942 4510 sd
954 4455 981 4508 5.

169 4545 324 4598 fremetis»
1021 4567 1055 4618 14
