3224 5068
514 447 551 459 -
573 417 632 476 333
654 451 691 461 --

30 543 80 610 per
101 519 267 590 unionem
290 519 425 610 gloriae
443 522 480 589 in
492 521 785 591 beatificationem
800 521 1062 611 respondentem
1081 517 1194 608 digni·

29 629 84 696 tati
106 629 286 699 filiorum:
308 631 370 699 osi
385 637 502 700 autem
518 631 599 716 filii,
617 637 654 701 et
670 631 813 700 heredes
829 658 845 694 n
865 629 1033 699 Romvl.
1049 627 1103 697 17.
1123 625 1195 716 Igi-

29 745 77 805 tur
100 762 236 808 anemo
262 741 371 808 honus
393 740 464 808 nisi
489 765 580 809 unua
595 741 710 810 Deua:
729 763 900 809 summum
916 741 1042 807 bonum
1059 738 1123 807 hoc
1141 743 1196 806 est

29 853 112 914 tuum
136 846 280 932 bouum,
306 867 326 915 o
348 849 477 916 anima.
504 849 599 932 Quid
622 872 706 938 ergo
729 849 836 933 deest,
863 847 921 917 oui
944 869 1115 916 summum
1139 845 1194 912 bo-

28 977 96 1019 num
119 954 250 1022 bonum
274 957 372 1030 esti.
387 1007 417 1024 ..
436 956 546 1046 Erige
571 981 665 1047 spem
691 961 787 1024 tuam
811 955 855 1024 ad
879 956 1004 1023 bonum
1028 955 1196 1023 bonorum

28 1059 186 1149 omnium
215 1062 292 1152 ipse
321 1063 391 1132 erit
424 1065 548 1132 honum
577 1070 698 1148 tuum,
725 1086 836 1156 aquo
859 1069 901 1132 tu
924 1062 961 1131 in
984 1066 1046 1129 tuo
1069 1081 1195 1150 genere

29 1169 129 1236 factus
152 1191 191 1237 es
219 1171 340 1255 bonna,
367 1177 402 1239 et
425 1171 540 1239 omnia
562 1171 600 1239 in
624 1194 686 1240 suo
704 1193 830 1261 genere
848 1172 943 1239 faeta
967 1173 1052 1237 aunt
1074 1169 1192 1236 bonan

29 1275 321 1364 Aug.in1>s.102.
339 1301 375 1346 n.
391 1278 425 1346 8.

476 1459 620 1519 runem
642 1460 745 1519 xxx.

277 1600 436 1665 Quomodo
458 1600 543 1660 Deru
564 1601 607 1670 sit
628 1600 696 1677 ipsa
717 1599 932 1677 pulchritudo.

86 1779 192 1831 asima
213 1779 292 1832 Dens
312 1779 439 1846 antipae
458 1779 567 1832 veritas
586 1782 616 1832 et
635 1779 699 1846 ipae
717 1778 842 1846 bonitate,
861 1779 906 1831 ita
924 1781 968 1831 eat
987 1779 1052 1844 ipae
1069 1775 1195 1844 pulchri-

36 1863 131 1931 ·tndc,
152 1871 244 1932 atque
267 1863 336 1918 adeo
355 1880 441 1918 cauea
464 1865 687 1933 exemplaria-et
705 1865 828 1918 efficiens
848 1865 939 1918 omnir
967 1862 1195 1932 pulchritudinis

36 1973 46 1998 v
58 1953 210 2008 derivatae.
225 1976 239 2002 n

85 2122 166 2192 Cum
190 2146 279 2194 vero
301 2129 338 2192 et
361 2125 447 2192 hono
470 2123 592 2193 intime
608 2125 769 2194 cohaeret
782 2125 975 2214 pulchrum.
994 2123 1062 2191 Est
1077 2122 1197 2212 itaque

35 2229 112 2298 Deus
132 2231 229 2301 sicut
251 2231 331 2322 ipae
347 2233 481 2301 veritas
504 2239 540 2302 et
563 2233 640 2324 ipsa
667 2233 817 2318 bonitas,
837 2233 890 2301 ita
905 2233 983 2322 ipsa
998 2230 1196 2323 pulchritu-

36 2337 290 2408 docssentialia.
308 2339 499 2408 Pulchrum
523 2341 744 2431 aposteriori
768 2363 809 2409 ex
834 2341 961 2409 effectu
985 2339 1152 2408 definitur
1176 2359 1197 2406 a

38 2443 66 2510 S.
77 2443 205 2512 Thema
221 2448 257 2514 1.
274 2470 307 2538 q.
327 2447 360 2514 5.
376 2468 408 2514 a:
423 2447 458 2516 4.
476 2447 520 2516 ad
538 2447 570 2514 1:
599 2475 616 2512 r
636 2446 785 2536 pulchra
808 2447 988 2530 dicuntur,
1008 2468 1095 2537 quae
1119 2445 1198 2514 visa

39 2548 189 2636 placenta
208 2551 305 2620 Hinc
319 2551 572 2621 animadvertit
587 2552 714 2622 ibidem
731 2553 767 2621 S.
783 2553 924 2638 Ductor,
944 2553 1129 2643 pulchrum
1146 2575 1198 2620 re-

40 2657 108 2726 ferri
118 2659 160 2728 ad
173 2659 248 2726 vim
264 2659 552 2748 cognoscitivam,
564 2659 658 2729 sicut
668 2661 792 2728 honum
805 2661 849 2729 ad
863 2660 1070 2750 appetitum.
1082 2661 1199 2742 Quare

39 2763 65 2828 in
84 2765 284 2836 definitione
307 2767 452 2852 tradita,
479 2767 509 2835 si
532 2769 743 2837 extendatur
762 2769 807 2836 ad
824 2767 1009 2859 pulchrum
1034 2789 1103 2858 qua
1126 2767 1198 2834 late

39 2877 127 2958 patet,
145 2875 239 2943 visio
267 2873 424 2964 intelligi
447 2875 548 2946 debet
571 2897 639 2942 non
663 2875 761 2943 modo
784 2875 937 2961 sensilis,
957 2876 1016 2944 sed
1039 2873 1145 2944 etiem
1162 2877 1197 2941 et

39 2979 163 3049 maxime
179 2981 449 3051 intellectualia.
468 2983 543 3052 Hoc
559 2989 674 3051 autem
692 2983 789 3051 modo
802 2982 959 3051 definitio
976 2983 1040 3051 suh
1056 3005 1092 3051 ae
1109 3003 1195 3050 com·

41 3085 228 3174 prehendit,
256 3109 344 3180 quae
367 3112 436 3159 nen
461 3089 605 3159 univoce
629 3090 689 3159 aed
712 3097 849 3158 tantum
872 3089 1052 3180 analogice
1076 3110 1197 3157 conve·

40 3190 123 3260 ciunt
143 3197 180 3264 in
203 3197 354 3282 ratione,
380 3220 423 3265 ex
446 3219 516 3290 qua
538 3195 707 3268 dicuntur
726 3197 886 3288 pulchra.
906 3197 1023 3280 Quare
1039 3220 1107 3266 non
1124 3179 1197 3285 una

41 3310 66 3362 et
79 3301 186 3370 eedem
202 3303 346 3393 pulchri
365 3304 457 3372 ratio
479 3305 654 3394 postulari
677 3306 778 3373 debet
801 3304 861 3374 aed
885 3311 1023 3373 tentum
1048 3305 1199 3394 analoga

43 3405 69 3472 ic
88 3407 245 3496 diversis,
272 3433 360 3502 quae
384 3417 468 3480 aunt
492 3417 528 3481 ct
550 3413 717 3481 dicuntur
740 3412 902 3503 pulchra.
933 3414 1120 3480 Pulchrum
1142 3413 1196 3480 in·

43 3513 123 3584 inae
144 3518 296 3588 rationis
319 3525 435 3610 potest
458 3519 541 3604 dici,
569 3521 659 3612 quod
682 3544 744 3610 per
768 3544 803 3589 se
827 3526 863 3588 et
886 3521 1083 3590 immediate
1106 3521 1197 3589 dele·

44 3627 101 3689 ctat
121 3647 257 3694 sensum
279 3631 419 3694 tantum
443 3627 542 3695 visus
565 3632 601 3696 et
624 3627 780 3712 auditus,
807 3627 844 3694 in
868 3627 995 3719 quibus
1018 3626 1128 3696 maior
1144 3633 1199 3696 eet

45 3728 184 3820 analogia
207 3756 287 3802 cum
311 3733 481 3802 facultate
505 3741 743 3824 cognoscente,
764 3757 865 3826 quam
889 3735 927 3802 in
944 3733 1069 3803 ceteris
1093 3734 1198 3802 sensi·

46 3832 112 3902 hus:
129 3839 219 3907 sicut
234 3837 331 3908 color
346 3839 493 3929 pulcher
509 3847 545 3908 et
562 3863 667 3908 sonus
683 3841 829 3931 pulcher
847 3841 990 3909 dicitur.
1010 3841 1198 3908 Pulchrum

48 3942 137 4026 gradu
158 3943 270 4014 altero
293 3952 329 4015 et
352 3947 543 4036 perfectius
567 3953 633 4032 est,
660 3948 750 4040 quod
774 3948 832 4017 vel
854 3971 915 4038 per
935 3969 1073 4024 sensum
1096 3947 1195 4014 visua

48 4051 74 4110 et
91 4050 221 4122 auditus
253 4054 311 4122 vel
341 4077 402 4144 per
429 4053 715 4145 imaginationem
739 4055 911 4145 pertingit
933 4053 977 4122 ad
1000 4053 1073 4123 vim
1095 4052 1198 4122 intel-

49 4149 205 4228 lectualem
228 4159 387 4253 hancque
417 4162 648 4232 delectatione
676 4163 796 4233 afficit.
825 4161 945 4231 Facile
972 4167 1095 4252 patet,
1121 4161 1197 4252 pul-

52 4256 146 4332 chrum
167 4273 315 4360 utroque
338 4267 403 4338 hoc
426 4291 530 4338 sensu
548 4269 754 4358 formaliter
771 4271 822 4359 (1)
838 4291 912 4338 esse
928 4293 996 4338 non
1011 4289 1111 4360 posse
1126 4267 1197 4337 nisi

104 4495 138 4567 (ll
153 4501 218 4558 anso
233 4503 402 4572 formaliter
417 4505 465 4562 hle
484 4507 640 4576 opponitur
653 4507 690 4575 ei,
711 4505 786 4574 quod
808 4505 915 4562 dicitur
935 4521 998 4563 erae
1017 4505 1180 4559 eminenter.
