3230 5072
523 379 559 390 ...
583 349 643 408 367
666 379 703 392 -

41 453 82 520 Ut
100 476 183 542 ergo
206 475 249 522 ex
273 459 439 522 contextu
462 453 538 543 ipso
561 454 746 543 probetur,
773 474 839 542 quo
862 474 966 521 sensu
989 452 1083 522 Dans
1106 453 1198 522 dica·

41 567 90 627 tur
113 563 285 650 spiritus,
310 559 555 652 inquirendum
585 566 661 643 est,
687 582 754 651 quo
778 581 880 626 sensu
910 559 1029 628 cultus
1057 559 1199 628 divinus

39 690 124 758 quem
147 669 320 736 Dominus
342 668 541 758 pollicetur,
562 667 701 736 dicatur
724 689 799 734 esse
825 667 893 734 uin
909 667 1092 756 spiritual
1108 667 1199 737 veri·

38 783 110 842 tate.
129 803 147 838 a
172 777 329 844 Rursum
353 782 393 844 ut
414 775 479 844 hoc
502 775 651 844 alterum
675 775 938 864 intelligamus,
965 774 1199 844 definiendum

39 891 92 966 ast,
115 903 204 974 qnae
228 883 278 950 sit
299 889 335 952 et
358 905 445 973 quac
467 905 535 950 non
559 882 608 950 sit
637 881 806 950 instituta
828 881 879 950 ibi
903 881 1074 971 oppositio
1106 881 1200 950 inter

39 990 160 1058 cultum
184 990 324 1058 vetoris¹
342 990 555 1059 oeconomiae
583 994 621 1058 et
643 989 776 1058 cultum
799 987 1006 1078 promissum
1028 989 1112 1057 novi
1136 989 1198 1056 Te·

39 1096 204 1164 clamanti.

92 1199 279 1289 Distingui
301 1199 358 1268 hic
381 1200 482 1268 debet
504 1199 598 1268 inter
618 1224 671 1266 rer
688 1221 775 1291 quaa
799 1204 1032 1290 opponuntur,
1050 1205 1086 1268 et
1105 1199 1199 1288 inter

35 1310 207 1396 formalem
229 1312 397 1375 rationem
419 1310 483 1386 sub
511 1331 581 1400 que
612 1316 845 1399 opponuntur.
878 1309 959 1378 Res
979 1330 1066 1400 quac
1097 1331 1197 1430 oppo

39 1423 179 1498 nuntur,
206 1437 274 1482 non
298 1421 381 1483 sunt
405 1415 522 1484 cultus
545 1429 812 1482 moererentur
836 1420 871 1482 ct
894 1413 1013 1483 cultus
1036 1437 1122 1480 merc
1145 1417 1197 1480 iu·

42 1539 156 1604 rmus,
180 1527 222 1590 ut
244 1523 444 1592 asserebant
466 1523 638 1594 haeretici
659 1521 947 1613 pseudomystioi,
971 1529 1007 1590 et
1029 1545 1122 1591 nunc
1146 1521 1197 1590 di·

41 1637 112 1698 cunt
132 1629 316 1697 homincs'
305 1630 417 1720 mpii,
436 1631 496 1720 qui
512 1653 644 1699 omnem
667 1629 800 1698 cultum
824 1635 1005 1698 externum
1020 1628 1198 1714 sublatum

43 1737 172 1805 vellent.
197 1737 325 1806 Mulier
349 1738 488 1828 quaerit
512 1761 579 1806 non
603 1739 644 1806 de
667 1737 794 1828 quavis
817 1736 882 1804 Dei
905 1735 1107 1804 adoratione
1138 1735 1197 1804 sed

41 1842 74 1910 de
93 1866 142 1928 ea,
168 1866 271 1935 quam
295 1843 511 1912 Samaritani
535 1845 573 1911 in
595 1844 724 1934 templo
747 1843 875 1912 montis
891 1842 1060 1927 Gerizim,
1075 1843 1197 1912 Iudaei

42 1949 213 2041 intemplo
236 1951 555 2040 Hierosolymitano
585 1949 823 2020 tantummodo
857 1949 1086 2036 exhibebant;
1113 1950 1198 2018 haec

42 2064 140 2125 sutem
163 2063 241 2127 erat
263 2055 419 2127 adoratio
443 2058 561 2127 cultus
583 2057 717 2148 publici
740 2064 777 2126 et
799 2055 1028 2126 sacerdotalis
1050 2055 1198 2126 exerciti

42 2165 229 2232 nominatim
251 2186 312 2254 per
335 2163 521 2234 sacrificia:
544 2165 633 2233 unde
656 2163 762 2232 etiam
787 2165 824 2231 in
848 2163 1061 2254 oppositione
1081 2163 1197 2250 ,publi-

43 2293 87 2334 cus
107 2284 137 2336 et
166 2271 390 2338 sacerdotalia
412 2272 523 2338 cultus
545 2271 628 2340 novi
653 2271 869 2340 Testamenti
892 2269 1049 2360 intelligi
1080 2270 1193 2338 debet.

42 2375 97 2444 Hic
118 2399 238 2446 sensus
260 2380 430 2468 probatur
453 2384 527 2447 tum
550 2401 593 2446 ex
609 2377 822 2470 quaestione,
841 2399 929 2469 quae
952 2385 1029 2446 erat
1052 2377 1093 2446 de
1117 2377 1196 2446 ado-

42 2484 159 2552 ratione
188 2484 354 2574 publica;
387 2491 463 2554 tum
493 2508 535 2574 en
566 2485 755 2554 identitate
785 2483 947 2554 vocabuli
978 2484 1015 2551 in
1047 2491 1196 2575 utroque

43 2595 184 2662 nembro.
205 2593 362 2662 «Patres
385 2594 498 2661 nostri
522 2592 559 2662 in
582 2598 696 2662 monte
719 2589 784 2661 hoc
808 2589 1049 2672 adoraverunt,
1074 2597 1111 2659 et
1134 2613 1196 2660 vos
1311 2633 1324 2651 ·

43 2697 155 2784 dicitis,
181 2699 267 2792 quia
288 2699 543 2788 Hierosolymis
566 2706 620 2768 est
641 2699 750 2783 locus,
769 2699 836 2766 ubi·
847 2697 992 2766 adorare
1011 2702 1160 2786 oportet.
1177 2723 1194 2759 n

46 2805 169 2874 rVenit
190 2805 295 2890 hora,
321 2807 458 2897 quando
481 2828 592 2898 neque
616 2806 653 2874 in
678 2811 792 2874 monte
815 2805 879 2874 hoc
902 2827 1012 2896 noque
1035 2804 1196 2874 Hieroso-

44 2907 133 2995 lymis
155 2911 348 2978 adorabitis
354 2961 421 2980 .....
446 2913 555 2982 Venit
577 2913 663 2981 hora
685 2917 723 2982 et
743 2935 836 2980 nunc
859 2917 932 2996 est,
958 2911 1095 3001 qnando
1125 2913 1198 2979 ocri

44 3014 219 3086 adoratores
244 3017 438 3086 adorabunt
460 3020 600 3088 Patrem
624 3019 661 3087 in
684 3020 814 3109 spiritu
831 3024 867 3087 et
882 3018 1045 3106 veritato,
1064 3039 1144 3086 nam
1161 3024 1198 3087 et

44 3121 129 3194 Pater
150 3127 241 3196 tales
265 3128 417 3217 quaerit,
434 3129 496 3220 qui
520 3128 663 3195 adorent
685 3151 775 3197 eum:
794 3129 944 3218 spiritus
966 3134 1021 3197 est
1035 3129 1142 3211 Deus,
1160 3134 1198 3196 et

44 3249 88 3296 eos
106 3234 164 3324 qni
186 3233 337 3300 adorant
358 3257 455 3319 eum,
482 3235 519 3302 in
542 3235 672 3326 spiritu
696 3242 733 3304 et
763 3236 915 3306 veritate
947 3241 1084 3325 oportet
1116 3233 1195 3301 udo·

46 3359 106 3404 νινε
119 3341 180 3426 (1).
206 3341 335 3409 Cultus
358 3348 474 3410 autam
494 3343 654 3430 publicus
677 3356 709 3408 ct
732 3341 954 3410 sacerdotalis
976 3343 1099 3435 nequit
1121 3365 1196 3411 essa

46 3465 113 3509 uere
133 3448 298 3514 incanus.
314 3447 435 3536 Igitur
451 3471 503 3514 rer
518 3469 606 3539 qnae
624 3447 693 3516 sibi
708 3448 858 3516 invicem
875 3455 1108 3538 opponuntur,
1126 3473 1195 3518 non

14 3563 16 3616 ι
47 3559 170 3633 possunt
191 3575 265 3622 esse
288 3553 406 3623 cultus
429 3575 520 3623 mere
550 3561 716 3624 externus
740 3555 956 3624 Testamenti
979 3555 1132 3641 veteris,
1159 3562 1195 3626 et

27 3655 143 3734 ,cutus
163 3683 254 3730 marc
278 3659 438 3756 internus
460 3662 544 3730 novi
569 3661 797 3731 Testamenti.
824 3661 875 3731 At
891 3663 1060 3751 formalis
1082 3665 1194 3744 ratio,

47 3763 179 3857 subque
200 3759 409 3836 instituitur
431 3768 625 3858 oppositio,
652 3770 753 3838 debet
776 3770 934 3860 intelligi
957 3770 1017 3854 id,
1044 3771 1134 3863 quod
1159 3771 1196 3838 in

48 3875 169 3963 utroque
198 3874 299 3944 cultu
330 3875 515 3964 respondet
544 3878 706 3966 propriae
723 3877 848 3946 indoli
879 3877 1116 3962 oeconomiae,
1150 3877 1195 3945 ad

49 3995 128 4060 quam
148 3981 309 4069 pertinet.
336 3981 410 4050 Hoc
433 3989 550 4050 autem
574 3984 611 4050 in
634 3985 746 4054 vetari
777 3985 972 4054 oeconomia
995 3991 1048 4054 est
1072 3984 1195 4076 utique

52 4088 217 4172 externum,
243 4087 505 4174 castimoniale,
531 4090 711 4180 typicum,
736 4115 798 4181 per
821 4114 857 4160 se
880 4091 1058 4176 inefficax,
1088 4097 1193 4184 atque

103 4333 136 4407 (l)
152 4338 257 4394 Similis
275 4340 390 4396 omniuo
409 4343 583 4409 comparatio
610 4343 688 4396 lutor
706 4343 815 4397 cultam
834 4343 943 4397 veteris
963 4347 993 4397 ot
1010 4346 1079 4399 nori
1097 4345 1194 4400 'lactc

57 4425 126 4476 nauti
136 4434 224 4484 sutut
235 4432 306 4486 llal.
317 4433 341 4485 1.
353 4431 427 4485 211.
440 4429 514 4504 (rid.
526 4433 620 4487 l'ruct.
636 4433 671 4486 ue
683 4432 788 4487 socru.
799 4432 921 4490 Euchar.
934 4433 977 4487 th.
989 4430 1049 4506 X.).
