3240 5064
399 497 499 567 illius
528 389 1040 587 neglectus,quemadmoii18m
1071 493 1139 562 PP.
1158 513 1260 584 saepo
1289 497 1441 576 monent,
1472 490 1559 583 origo
1616 515 1617 553 2

398 606 509 676 fuerit
521 605 594 673 fere
609 603 761 672 omnium
773 602 868 672 circa
883 601 948 671 SS.
963 601 1156 670 Trinitatis
1165 599 1374 691 mysterium
1386 599 1560 669 haereseon

399 711 502 800 (vide
519 711 639 781 Tract.
658 709 699 780 da
718 711 818 778 Trio.
837 708 890 778 th.
909 708 1009 777 XXI.
1029 731 1104 800 sqq.
1117 710 1143 793 ).

466 817 511 887 2⁶.
529 817 729 887 Essentiam
757 815 992 905 intelligimus
1014 815 1052 884 iu
1067 815 1171 884 rebus
1194 816 1324 885 creatis
1352 814 1559 904 complexum
1616 841 1617 878 ;

396 945 515 992 eorum
539 923 702 1008 omnium,
731 943 820 1014 quae
850 927 934 989 sunt
963 919 1159 989 necessario
1190 920 1386 989 communis
1416 915 1561 1008 singulis
1616 947 1617 987 1

398 1030 565 1100 subiectis
576 1029 729 1100 eiusdem
746 1028 891 1097 ordinis.
907 1027 1002 1098 Haec
1013 1027 1231 1098 cstesssntia
1242 1028 1423 1098 abstracta
1434 1025 1560 1120 quidem
1616 1059 1617 1096 1

397 1139 441 1210 ab
464 1138 676 1222 individuis,
702 1159 743 1206 sc
769 1135 914 1228 proinde
940 1135 1100 1227 praecisa
1128 1136 1172 1204 ab
1195 1135 1472 1205 accidentalibus
1492 1141 1561 1202 eta
1616 1165 1617 1204 2

395 1247 489 1315 notis
503 1245 821 1330 individnsntibus;
837 1243 896 1312 sed
914 1243 1108 1313 constituta
1122 1242 1281 1314 omnibus
1296 1240 1560 1334 perfectionibus
1616 1275 1617 1314 3

394 1353 653 1438 essentialibus,
685 1373 772 1446 quus
787 1351 924 1430 suntin
940 1351 1148 1436 individuis,
1167 1350 1304 1443 dicique
1319 1351 1411 1420 solet
1426 1349 1559 1416 amrin

388 1463 549 1554 physica.
567 1461 624 1530 Ad
658 1461 748 1529 banc
782 1459 980 1549 analogiam
1014 1459 1201 1528 assentiam
1234 1457 1300 1528 Dei
1334 1457 1561 1549 intelligimus
1616 1525 1617 1532 ,

394 1569 623 1639 constitutam
645 1566 803 1636 omnibus
826 1566 1099 1656 perfectionibus
1121 1564 1305 1652 absolutis,
1324 1573 1361 1635 et
1375 1587 1453 1635 cam
1467 1585 1559 1654 oppo-
1616 1602 1617 1642 3

393 1677 521 1762 nimus,
540 1700 618 1745 cnm
633 1674 792 1744 accidens
809 1675 846 1742 in
860 1674 933 1743 Dco
947 1673 1085 1742 nullum
1101 1673 1161 1758 sit,
1176 1673 1408 1743 relationibus
1421 1671 1559 1744 internis
1616 1739 1617 1748 ,

392 1781 679 1873 notionibusque,
712 1780 840 1872 quibus
872 1797 1038 1870 personae
1073 1777 1339 1848 constituuntur
1372 1785 1410 1848 et
1444 1777 1560 1846 distin·
1616 1817 1617 1822 =

393 1893 569 1980 guantur.

459 1997 506 2066 θ’.
531 1995 574 2064 In
585 1997 663 2086 ipsa
675 1995 823 2087 deniqne
840 1995 1241 2086 assentisphysicu,ubi
1257 1993 1448 2064 decrestis
1459 2015 1559 2064 serm
1616 2065 1617 2072 ,

392 2111 466 2190 est,
491 2103 745 2194 distinguimus
774 2121 834 2170 eas
862 2109 984 2186 notas,
1010 2123 1098 2194 quac
1128 2102 1187 2172 val
1217 2101 1413 2172 formaliter
1444 2101 1558 2172 sedin
1616 2141 1617 2180 1

393 2213 549 2298 confuso,
567 2212 625 2281 vel
641 2211 764 2280 saltem
781 2209 916 2280 virtute
932 2209 1087 2303 reliquas
1102 2233 1218 2280 omnes
1234 2210 1272 2278 in
1295 2231 1331 2280 se
1347 2210 1558 2302 comprehcn-

392 2319 472 2388 dere
484 2316 748 2406 intelliguntur3
764 2314 921 2407 huncque
933 2315 1083 2384 dicimus
1095 2317 1274 2382 musceium
1285 2315 1554 2406 metaphysicis.
1616 2337 1617 2400 3

391 2425 556 2496 Essentis
568 2425 687 2516 itaque
699 2422 988 2514 metaphysicac)
997 2422 1228 2515 quidditatem
1240 2445 1453 2492 communem
1461 2422 1557 2492 omni·
1616 2469 1617 2478 η

391 2535 456 2602 bus
479 2539 516 2602 et
538 2531 624 2604 solis
646 2531 813 2602 subiectis
835 2530 988 2600 ciusdem
1011 2531 1146 2600 ordinis
1169 2531 1345 2618 continet3
1363 2531 1515 2624 adeoque
1526 2535 1557 2598 at
1616 2583 1617 2594 2

391 2642 476 2735 quid
498 2665 556 2711 res
578 2641 628 2710 sit
650 2641 688 2709 iu
711 2663 748 2709 ss
771 2639 859 2709 satis
885 2638 1038 2724 exbibet,
1064 2645 1101 2708 et
1122 2661 1198 2708 eam
1227 2639 1272 2707 ab
1294 2639 1378 2708 aliis
1408 2639 1556 2707 omnibus

390 2749 523 2819 diversi
546 2747 681 2818 ordinis
708 2745 903 2836 distinguit
925 2767 964 2815 eo
987 2746 1074 2836 ipso,
1095 2745 1186 2837 quod
1202 2767 1318 2814 omnes
1333 2745 1556 2836 perfectiones
1616 2823 1617 2830 χ

389 2855 561 2926 essentiae
583 2854 753 2946 physicae
776 2853 900 2943 saltem
923 2853 1059 2923 virtuts
1086 2852 1358 2944 comprehendit.
1374 2851 1460 2922 Ideo
1477 2852 1555 2938 t)in
1616 2913 1617 2938 2

389 2963 507 3034 eadem
529 2963 682 3032 essentia
703 2961 935 3052 perfectiones
957 2959 1010 3028 rei
1033 2983 1150 3030 omncs
1172 2983 1273 3028 snum
1289 2959 1421 3030 babent
1436 2957 1555 3050 princi·
1616 3009 1617 3046 3

389 3071 498 3162 pium,
516 3093 559 3140 ex
574 3091 614 3138 ca
629 3077 900 3161 consequuntur,
917 3075 955 3137 st
969 3069 1003 3138 ei
1017 3068 1130 3137 inesse
1145 3067 1412 3158 intelliguntur.
1432 3071 1464 3154 c)
1482 3067 1554 3135 Pro
1616 3145 1617 3152 χ

390 3177 471 3247 inde
495 3176 648 3246 essentia
670 3185 724 3246 est
752 3175 863 3261 illud,
890 3176 982 3266 quod
1012 3175 1163 3266 primum
1192 3175 1231 3244 iu
1261 3197 1299 3245 re
1329 3175 1552 3266 intelligitur,
1616 3249 1617 3260 ἵ

387 3289 508 3375 utpote
524 3285 602 3353 fons
626 3291 663 3353 et
678 3283 890 3374 principium
906 3283 1069 3369 omnium,
1089 3305 1178 3375 quac
1194 3283 1248 3352 rei
1269 3283 1404 3352 insunt.
1423 3283 1476 3352 Dc
1497 3283 1553 3350 bac

386 3392 458 3460 iam
473 3393 619 3458 essentia
633 3391 865 3480 metaphysica
881 3390 1076 3482 quaeritur,
1091 3411 1137 3458 au
1147 3390 1186 3458 in
1200 3389 1273 3460 Deo
1289 3389 1411 3483 aliqua
1422 3387 1552 3461 definiri
1616 3435 1617 3450 ,

386 3521 408 3568 a
431 3500 531 3568 nobis
554 3499 677 3591 possit,
695 3505 732 3568 et
755 3491 923 3591 quaenam
945 3521 987 3567 ea
1010 3498 1069 3568 sit.

453 3605 596 3676 Clarum
626 3613 700 3692 est,
726 3628 789 3676 nec
819 3605 1006 3674 essentiam
1036 3605 1219 3696 physicam
1242 3627 1265 3673 a
1286 3606 1550 3696 proprietatibus

385 3711 638 3805 personalibus,
652 3735 715 3782 nec
730 3713 918 3782 assentiam
935 3713 1090 3804 aliquam
1105 3711 1383 3803 metaphysicam
1399 3711 1551 3783 coeteris

384 3821 659 3910 perfectionibus
674 3820 740 3890 Dei
756 3819 1041 3911 distinguendam
1057 3822 1144 3906 fore,
1163 3821 1195 3889 si
1210 3821 1321 3890 Deum
1336 3827 1379 3890 ut
1390 3821 1429 3890 in
1439 3845 1476 3890 sa
1490 3825 1548 3901 cst,

384 3929 642 4022 conciperemus
665 3929 729 4019 (1).
746 3930 798 3998 At
821 3951 904 3998 vero
927 3929 958 3998 si
984 3931 1137 3997 rationes
1160 3928 1327 4012 dissuas,
1345 3929 1411 3999 snb
1434 3929 1549 4022 quibus

450 4109 492 4185 (l)
511 4112 579 4167 (lum
596 4115 666 4168 buco
688 4113 840 4168 distinctio
857 4113 1010 4181 proveniat
1029 4128 1063 4166 ex
1077 4112 1228 4166 distinctis
1240 4117 1270 4166 ct
1282 4112 1484 4181 iusdscquutis
1496 4124 1548 4164 con·

383 4201 515 4269 captibus
526 4203 612 4256 unius
625 4206 655 4255 et
668 4201 795 4256 ciusdem
807 4203 849 4256 roi
865 4202 998 4256 infinitae
1012 4218 1074 4256 cum
1090 4201 1277 4256 fundamento
1291 4202 1323 4256 ln
1339 4203 1383 4256 rei
1402 4202 1545 4264 infinitate,

383 4289 458 4343 Deus
479 4293 509 4343 et
528 4293 615 4345 ctiam
633 4291 712 4345 besti
734 4305 792 4345 nou
814 4297 988 4358 cognoscunt
1000 4309 1051 4360 pcr
1065 4291 1282 4346 distinctionem
1300 4294 1463 4358 multorum,
1483 4285 1547 4358 quod

383 4381 502 4434 realiter
520 4385 565 4434 cut
579 4397 665 4435 nuum
677 4380 893 4450 indistinctum
912 4386 1086 4449 cognoscunt
1105 4387 1199 4436 tamen
1213 4381 1439 4452 fundamentum,
1454 4397 1487 4435 ex
1499 4391 1545 4447 qno

381 4466 418 4519 ub
437 4466 628 4538 insdnequstc
648 4470 887 4535 senescentibus
905 4471 939 4524 tlt
958 4470 1119 4526 dicunctio.
