3360 5060
622 397 661 410 ..
682 366 743 428 633
764 398 801 411 ..

107 470 220 560 quod
242 469 400 539 Ecclesia
426 493 558 560 semper
590 471 725 556 oravit,
751 476 793 539 ιιι
815 471 973 540 infideles
995 475 1231 563 perducantur
1253 475 1298 544 ad

106 578 229 646 fidem
253 584 289 647 et
311 578 430 647 fideles
452 585 675 669 perseverent
689 579 727 646 in
743 579 810 648 fide
826 584 862 647 et
877 581 976 648 bonis
991 582 1164 672 operibus,
1182 582 1300 673 potuit

108 684 157 753 S.
179 687 327 756 Doctori
351 686 388 754 in
411 693 558 756 mentem
575 687 695 755 venire
719 687 784 755 illa
806 688 1037 757 recentiorum
1059 690 1216 760 absolute
1239 713 1298 760 an·

106 795 287 864 tecedens
309 795 584 886 praedestinatio
607 796 651 864 ad
675 797 845 885 gloriam?
868 797 977 866 Immo
1000 799 1177 890 quomodo,
1204 800 1234 868 si
1257 799 1299 868 de

108 904 247 972 ordine
271 907 462 994 cogitasset
488 905 581 974 inter
607 905 959 996 praedestinationem
985 905 1029 974 ad
1056 906 1206 995 gloriam
1238 930 1299 998 per

110 1035 157 1080 se
176 1020 370 1102 spectatam
393 1019 429 1083 et
451 1014 545 1082 inter
567 1013 918 1104 praedestinationem
934 1014 1071 1102 gratias
1094 1035 1134 1083 cc
1158 1037 1298 1104 opernm

110 1119 360 1208 salutarium,
388 1145 456 1191 non
482 1122 599 1213 potius
622 1145 664 1190 ex
688 1122 775 1211 ipsis
798 1121 1052 1191 vetustioribus
1074 1123 1240 1192 Patribus
1262 1129 1299 1191 et

112 1249 165 1294 ex
197 1208 412 1299 orationibds
439 1229 616 1299 Ecclesiae
644 1229 797 1298 ordinem
825 1229 963 1298 omnino
990 1230 1168 1299 inversum
1190 1229 1299 1299 intel-

111 1335 294 1404 lenisset?

192 1442 238 1510 4⁰.
262 1443 441 1512 Dooebant
455 1443 650 1534 Pelagiani,
670 1445 780 1515 vitam
800 1451 976 1514 aeternam
999 1443 1099 1513 reddi
1114 1451 1157 1514 ut
1171 1467 1295 1514 meree·

113 1549 201 1619 dem
225 1551 359 1620 meritis
390 1551 552 1621 humanis
579 1575 619 1621 ac
646 1554 760 1643 partis
789 1577 851 1643 per
882 1553 977 1622 vires
1006 1552 1109 1621 liberi
1139 1553 1293 1638 arbitrii,

112 1655 207 1725 hinc
231 1657 335 1726 etiam
359 1657 471 1727 vitam
499 1665 674 1727 aeternam
706 1658 962 1750 praedestinari
996 1664 1133 1749 postet
1155 1666 1296 1750 propter

113 1764 249 1832 merita
269 1765 460 1834 naturalia.
480 1767 657 1835 Dooebant
680 1765 965 1857 Semipelagiani,
985 1767 1139 1836 ordinem
1156 1790 1294 1837 exsecu-

114 1874 231 1942 tionis
259 1873 352 1942 hunc
379 1897 476 1958 esse,
503 1872 548 1942 ¹ut
574 1875 759 1964 praecedat
784 1874 926 1942 initium
950 1873 988 1942 in
1012 1874 1073 1942 via
1099 1875 1226 1943 salutis
1253 1898 1295 1944 ex

117 1978 261 2047 viribus
284 1979 507 2046 naturalibus
524 1979 675 2064 arbitrii,
696 1979 819 2048 merito
835 1978 900 2048 hoc
915 1979 1072 2046 naturali
1088 1981 1296 2069 impetretur

118 2084 240 2174 gratia
262 2085 307 2152 ad
331 2106 434 2176 opera
458 2085 650 2171 salutaria,
685 2085 789 2154 liberi
817 2086 959 2154 arbitrii
986 2087 1108 2175 vigore
1138 2109 1295 2176 perseve-

119 2193 286 2260 rantibus
301 2193 441 2260 tandem
459 2193 627 2264 reddatur
640 2194 716 2262 vita
738 2199 881 2262 aeterna
903 2199 1080 2284 tamquam
1103 2194 1294 2282 praemium

120 2317 265 2388 operum
289 2297 511 2369 salutarium.
530 2299 622 2368 Hinc
646 2300 859 2384 statuebant,
878 2299 995 2369 eodem
1012 2298 1132 2368 ordine
1155 2301 1294 2389 praede·

120 2407 252 2475 stinari
269 2407 422 2496 gratiam
438 2415 517 2498 post
540 2415 576 2475 et
598 2413 741 2498 propter
761 2407 960 2498 praevisum
977 2407 1140 2474 meritum
1156 2407 1295 2477 initiale

118 2521 280 2602 naturae,
300 2522 336 2584 et
351 2515 461 2585 vitam
482 2521 657 2584 aeternam
680 2521 759 2605 post
781 2521 818 2582 et
839 2520 981 2604 propter
1003 2513 1203 2604 praevisum
1226 2537 1293 2584 me·

119 2622 244 2708 ritum,
264 2623 355 2715 quod
377 2647 419 2692 ex
443 2647 505 2692 suo
528 2623 701 2713 principio
720 2623 919 2690 immediato
942 2621 991 2691 sit
1014 2622 1151 2713 quidem
1175 2645 1293 2712 super·

120 2730 305 2816 naturale,
332 2731 391 2798 sed
415 2731 563 2821 primam
585 2730 738 2800 radicem
762 2737 796 2798 et
819 2731 1084 2798 fundamentum
1108 2728 1235 2800 habeat
1255 2731 1293 2798 in

120 2837 245 2906 merito
270 2836 440 2905 naturali.

185 2944 227 3012 In
251 2945 316 3014 hac
339 2943 499 3013 doctrina
515 2944 588 3013 tria
603 2952 687 3014 sunt
702 2945 883 3013 admodum
900 2944 1070 3013 distincta
1085 2949 1121 3014 ει
1136 2944 1289 3014 diversa.

122 3056 159 3138 a)
182 3051 282 3119 Inter
310 3071 413 3140 opera
442 3052 530 3119 bona
553 3055 589 3120 ει
611 3052 722 3121 vitam
745 3057 923 3120 aeternam
953 3058 1008 3120 est
1034 3073 1144 3120 nexus
1175 3051 1292 3121 meriti

120 3159 357 3228 antecedentis
380 3165 416 3228 et
438 3158 585 3248 praemii
608 3159 863 3251 subsequentis3
885 3165 921 3228 ει
936 3159 1037 3227 iuxta
1055 3158 1291 3228 Massilienses

121 3274 177 3338 est
198 3269 305 3336 etiam
328 3290 439 3336 nexus
463 3267 556 3336 inter
580 3267 707 3336 merita
731 3267 818 3356 ipsa,
838 3273 878 3334 ιιι
893 3267 1055 3335 meritum
1072 3290 1178 3335 unum
1194 3289 1292 3357 praa·

122 3375 241 3460 cedat,
268 3397 334 3465 quo
359 3374 479 3464 gratia
508 3375 715 3465 impetretur
739 3373 916 3442 adalind.
945 3374 977 3458 b)
999 3373 1067 3442 Hic
1091 3397 1201 3443 nexus
1223 3398 1292 3442 non

124 3481 233 3550 solum
248 3489 304 3550 est
327 3481 365 3548 in
389 3481 510 3550 ordine
527 3481 773 3564 exsecutionis,
793 3479 974 3549 sedetiam
997 3482 1035 3549 in
1058 3481 1178 3551 ordine
1193 3504 1291 3572 prae·

123 3589 381 3676 destinationis;
396 3611 506 3680 neque
522 3589 612 3658 enim
626 3589 720 3657 Dens
736 3587 975 3678 praedestinat
991 3591 1183 3680 praemium
1196 3591 1292 3660 vitae

123 3703 280 3766 aeternae
296 3697 367 3765 nisi
384 3705 630 3788 consequenter
648 3697 692 3764 ad
709 3695 835 3765 merita
851 3697 1026 3787 praevisa.
1053 3703 1083 3785 c)
1106 3698 1201 3766 Haec
1224 3720 1289 3766 me·

123 3805 191 3874 rita
208 3803 334 3872 saltem
356 3803 568 3894 simpliciter
591 3827 659 3872 non
683 3811 767 3874 sunt
789 3805 879 3874 dona
894 3804 959 3873 Dei
982 3827 1044 3894 per
1067 3805 1231 3893 gratiam3
1250 3827 1291 3872 ea

124 3911 209 3981 enirn
231 3909 290 3980 vel
312 3911 349 3978 in
373 3934 409 3980 se
432 3917 469 3980 et
491 3911 699 4002 simpliciter
722 3913 824 3980 iuxta
846 3911 1067 3999 Pelagianos,
1094 3909 1150 3980 vel
1173 3911 1290 3980 initia·

124 4017 203 4088 liter
225 4025 260 4087 et
284 4019 397 4110 qnoad
413 4019 709 4108 perseverantiam
732 4019 770 4086 in
793 4019 860 4086 fide
876 4019 976 4085 iuxta
992 4017 1289 4106 Semipelagianos

125 4126 268 4218 pendent
283 4149 304 4192 a
321 4125 405 4194 solis
420 4126 645 4196 naturalibus
661 4127 796 4196 viribus
813 4124 966 4212 arbitrii;
985 4123 1061 4194 ideo
1079 4125 1167 4194 bona
1187 4148 1290 4216 opera

128 4233 177 4303 vel
199 4233 324 4303 saltem
348 4235 490 4304 initium
513 4257 554 4304 ac
578 4237 840 4305 fundamentum
870 4233 1037 4301 bonorum
1069 4257 1209 4324 operum
1234 4239 1290 4321 (ut

127 4341 276 4434 loquitur
300 4341 336 4410 S.
360 4342 507 4432 Prosper
528 4343 572 4412 ad
594 4341 759 4432 Excerpt.
781 4339 884 4411 VIII.
908 4338 1099 4426 Ganuens.)
1121 4363 1189 4409 non
1207 4344 1291 4410 sunt

129 4447 381 4540 praedestinata
403 4449 463 4519 sed
486 4449 597 4519 solum
620 4448 808 4540 praescita.
