3360 5060
613 380 650 394 -
673 348 731 409 671
755 381 791 394 —

114 464 152 527 et
175 463 250 525 tum
274 456 399 526 electio
423 479 445 523 a
468 456 504 527 S.
525 455 592 525 Th.
612 473 774 546 amquam
797 454 941 526 docetur
964 455 1166 546 praecedere
1190 479 1285 546 prae·

114 565 399 650 destinationem,
419 587 503 654 nepo
519 589 581 647 m.,·
596 569 633 632 ct
647 569 722 632 tum
745 561 869 632 electio
893 562 937 631 ad
960 561 1109 652 gloriam
1124 583 1166 631 ex
1190 563 1288 631 clara

113 672 153 742 S.
172 672 240 742 Th.
259 672 419 742 doctrina
441 671 523 740 aliis
546 669 632 740 locis
656 670 791 740 tradita
814 669 954 740 deberet
976 670 1047 740 dici
1078 693 1287 763 consequens

112 780 463 869 praedestinationem
487 779 683 870 gratiarum
700 785 737 847 ct
751 779 967 862 meritorum,
994 776 1131 846 concedo
1152 803 1194 846 m.

566 996 711 1058 Tflasls
732 996 830 1057 LXV.

384 1141 578 1204 Declaratur
598 1157 694 1202 cerm
715 1159 825 1202 sensus
847 1141 938 1201 Rom.
953 1141 1013 1201 IX.

183 1334 242 1387 -1n
260 1331 391 1402 Epistola
410 1334 446 1388 ad
463 1335 544 1387 Iton.
559 1350 583 1388 c.
594 1334 646 1386 lx.
660 1347 751 1386 sermo
771 1347 828 1385 non
848 1337 893 1386 est
912 1331 946 1385 dc
967 1331 1230 1400 praedestinatione
1251 1333 1287 1387 ad

113 1444 127 1470 u
149 1422 275 1488 gloriam
294 1426 363 1478 ante
382 1424 516 1492 praevisa
536 1422 654 1488 merita,
676 1425 788 1476 constat
805 1423 880 1474 enim
902 1420 1068 1488 Apostolum
1089 1421 1151 1473 slva
1170 1421 1202 1474 in
1225 1423 1287 1476 tota

111 1535 126 1562 s
143 1513 275 1566 oratioue
293 1513 355 1566 slve
372 1513 403 1565 in
417 1513 543 1578 singulis
559 1512 662 1565 incisis
685 1527 740 1564 non
760 1511 794 1564 da
821 1510 1085 1578 praedestinatione
1108 1511 1216 1576 glorias
1237 1525 1287 1578 per

111 1623 126 1650 a
143 1617 175 1655 aa
195 1607 323 1670 spectata
336 1618 491 1656 sermonem
510 1603 625 1668 habere,
641 1601 690 1655 scd
704 1601 738 1654 dc
750 1601 879 1668 gratuita
898 1601 994 1666 gratia
1012 1599 1078 1654 fidei
1097 1600 1285 1667 christianas,

111 1712 126 1739 ι
142 1705 196 1760 per
216 1707 299 1759 qaam
320 1697 350 1745 ot
369 1692 401 1745 in
421 1707 477 1759 qua
497 1692 573 1744 Deus
585 1688 681 1763 (nulla
697 1691 799 1745 habita
815 1692 927 1744 ratione
945 1691 1140 1755 generationis
1159 1692 1287 1744 carnalis

111 1803 125 1830 ι
142 1785 175 1834 et
189 1780 322 1835 iustitias
347 1777 465 1852 legalis)
491 1786 551 1835 tum
569 1787 670 1847 gantos
691 1787 750 1834 tum
771 1782 902 1847 singulos
921 1780 1049 1834 homines
1073 1784 1233 1848 peccatores
1250 1781 1285 1836 ad

111 1891 125 1920 ι
142 1873 278 1940 populum
295 1873 415 1926 electum
432 1874 575 1926 accenseri
595 1877 625 1925 ct
638 1872 674 1927 ad
689 1887 785 1926 veram
805 1871 949 1925 iustitiam
968 1871 1120 1939 pervenire
1136 1871 1264 1926 voluit.-

178 2065 236 2135 At
248 2065 516 2136 declarationem
527 2073 563 2136 et
577 2065 902 2136 demonstrationem
918 2065 1026 2136 huius
1037 2067 1286 2158 propositionis

109 2195 263 2259 sensum,
282 2173 344 2265 qui
360 2173 444 2243 huic
460 2173 568 2264 capiti
583 2174 682 2242 Rom.
701 2173 766 2242 IX.
785 2175 911 2258 subsit,
930 2175 1069 2267 assequi
1085 2176 1285 2245 conabimur

111 2283 265 2374 primum
289 2307 331 2353 ex
355 2307 448 2353 nexu
471 2307 548 2352 eum
572 2283 786 2353 tractatione
801 2282 963 2374 Apostoli
979 2285 1015 2351 in
1031 2289 1107 2352 tota
1122 2284 1281 2374 epistola,

109 2400 189 2459 tum
212 2413 253 2459 ex
278 2391 435 2480 generali
459 2391 606 2484 quadam
623 2392 899 2460 consideratione
924 2391 1037 2482 ipsius
1065 2391 1203 2482 capitis3
1229 2392 1285 2464 de·

110 2499 219 2591 nique
242 2499 471 2568 examinando
495 2499 637 2589 singula
659 2499 859 2568 difficiliora
882 2498 1006 2568 incisa.

182 2607 213 2676 Ι.
239 2607 365 2698 Capita
379 2607 445 2676 IX.
463 2609 509 2676 X.
528 2608 593 2679 XI.
611 2607 718 2677 huius
741 2607 785 2676 ad
809 2609 907 2676 Rom.
933 2605 1101 2698 epistolae
1124 2607 1285 2677 ultimam

108 2721 245 2808 partem
268 2717 490 2784 constituunt
524 2715 635 2785 totius
656 2715 895 2801 tractationis,
930 2736 1032 2808 quarn
1056 2716 1098 2784 de
1122 2738 1285 2806 superna·
1340 2707 1342 2712 ’

108 2821 222 2892 turali
246 2823 496 2892 iustificatione
519 2829 591 2892 tam
616 2822 823 2892 Iudaeorum
847 2844 949 2915 quem
972 2822 1130 2912 gentium
1161 2845 1223 2913 per
1246 2823 1284 2891 fi-

112 2933 191 3002 dem
227 2931 308 3000 Iesu
331 2930 468 3001 Christi
491 2931 684 3022 Apostolus
707 2931 867 3000 instituit
890 2929 969 3000 inde
992 2930 1287 3022 acap.I.16.ad

109 3029 540 3128 o.XI.ao.1uvtcergo
571 3039 693 3108 horum
725 3039 835 3108 trium
866 3039 1019 3130 capitum
1050 3061 1176 3108 nexum
1207 3061 1284 3109 cum

106 3149 220 3219 totius
242 3146 413 3240 epistolae
433 3154 639 3238 argumento
663 3168 745 3238 prae
769 3147 880 3217 oculis
910 3147 1036 3218 habere
1067 3147 1110 3215 ad
1146 3157 1285 3238 scopum

109 3257 148 3325 in
182 3253 240 3324 his
269 3253 438 3344 Apostolo
472 3254 686 3344 propositum
718 3260 754 3322 at
783 3253 1001 3344 singularum
1033 3255 1284 3326 sententiarum

108 3361 302 3453 genuinum
325 3383 463 3430 seusam
487 3360 751 3452 assequendum.

178 3467 223 3536 1⁰.
240 3467 325 3535 Post
347 3465 526 3535 exordium
549 3465 655 3534 solito
677 3465 852 3555 prolixius
891 3467 1064 3536 statuitur
1095 3470 1285 3560 propositio

109 3575 273 3666 princeps
284 3573 629 3643 totiustractationis
641 3579 886 3663 argumentum
895 3575 1282 3666 complectensI.16.17:

113 3711 130 3744 a
148 3677 385 3770 Evangelium
457 3679 575 3748 virtus
598 3679 663 3748 Dei
685 3687 740 3749 est
762 3681 799 3748 iu
824 3682 971 3752 salutem
997 3683 1089 3750 omni
1115 3683 1282 3770 credenti,

108 3788 240 3857 Iudaeo
262 3787 412 3877 primum
435 3793 472 3855 et
494 3785 637 3857 Graeco.
656 3787 803 3858 lustitia
826 3790 917 3859 enim
941 3790 1006 3858 Dei
1031 3789 1067 3857 in
1091 3813 1130 3858 co
1153 3790 1284 3858 revela-

108 3902 172 3965 tur
193 3915 235 3963 ex
259 3893 328 3963 fide
342 3893 387 3961 du
410 3893 524 3979 fidem,
550 3895 643 3964 sicut
666 3895 834 3987 scriptum
858 3905 935 3966 eat:
961 3896 1079 3966 iustus
1102 3901 1219 3966 autem
1241 3920 1283 3967 ex

108 4003 177 4072 fide
200 4002 307 4072 vivit.
329 4029 344 4063 o
370 4002 438 4070 Hic
462 4002 499 4071 in
522 4025 593 4072 una
615 4011 766 4094 quatuor
793 4003 1133 4095 comprehenduntur
1163 4027 1283 4096 propo·

109 4111 269 4181 sitiones:
295 4113 331 4197 α)
347 4109 594 4200 Evangelium,
612 4132 702 4180 nova
717 4111 854 4181 scilicet
870 4114 1067 4182 oeconomia
1083 4136 1160 4182 cum
1177 4113 1283 4182 omni-

109 4221 176 4288 bus
199 4219 275 4288 suis
298 4217 480 4304 doctrinis,
506 4219 695 4305 institutis,
721 4219 992 4290 charismatibus
1015 4220 1132 4290 virtus
1147 4221 1212 4289 Dei
1229 4229 1284 4290 est

109 4326 322 4396 insolutam
345 4330 435 4412 (tum
458 4325 668 4412 inchoatam,
695 4347 783 4420 quae
806 4333 860 4397 est
882 4327 1023 4399 iustitia
1052 4335 1089 4397 et
1114 4329 1285 4398 sanctitas

109 4434 411 4526 supernaturalis,
438 4441 511 4503 tum
537 4435 764 4525 completam,
791 4437 852 4505 ubi
874 4437 1016 4506 iustitia
1047 4436 1284 4506 cumulabitur
