3230 5072
887 363 925 376 -
948 331 1006 393 403
1027 363 1065 378 ..

390 441 521 510 etrite
543 435 787 526 intelligetur,
813 437 979 529 quomodo
1002 437 1050 506 sit
1073 456 1178 506 cause
1200 456 1332 504 rerum.
1357 433 1446 506 Num
1473 455 1546 526 qno
1612 467 1613 502 ι

388 555 491 618 tenus
521 548 667 615 scientio
688 550 762 629 est,
787 543 894 613 etium
924 544 1001 635 ipss
1031 543 1211 612 formulem
1241 565 1344 611 suum
1374 542 1547 612 terminum

387 655 571 746 supponit;
598 659 769 746 quotenus
794 675 876 722 vero
898 652 1053 743 practico
1074 657 1147 736 eet,
1173 649 1352 741 praecedit
1373 649 1548 720 terminum
1612 683 1613 723 ;

387 761 603 832 efficientiae.
620 761 897 850 Distinguentur
911 759 1030 852 iteque
1045 758 1083 828 iu
1098 760 1170 828 Deo
1182 763 1219 846 a)
1231 757 1453 828 imitabilites
1467 757 1548 826 diri·
1607 793 1613 828 η

388 890 453 937 nee
468 867 640 938 essentiae
656 889 717 956 per
732 865 963 956 perticiputes
980 867 1210 956 perfectiones
1232 865 1422 934 secundm
1444 886 1550 932 omnes

387 977 605 1078 possibilium
628 975 760 1044 entium
783 975 932 1066 species,
958 973 1108 1060 ordines,
1133 979 1171 1042 et
1193 973 1326 1063 gradus
1338 1023 1346 1058 ,
1371 995 1459 1064 quoe
1480 972 1549 1040 imi·
1612 1006 1613 1046 1

385 1083 545 1152 tabilitns
561 1091 616 1154 est
630 1082 929 1174 ipsc‘exempleris
945 1082 1034 1152 ideo.
1052 1081 1138 1150 Cum
1153 1081 1239 1152 huso
1254 1079 1334 1150 idee
1351 1079 1551 1170 exemplsris
1610 1116 1613 1157 ι

386 1189 436 1260 sit
457 1191 535 1282 ipss
557 1191 709 1261 essentie
731 1189 865 1276 divine,
888 1191 925 1258 in
948 1213 985 1260 ee
1007 1190 1131 1281 ntique
1154 1211 1224 1258 une
1245 1197 1311 1276 est;
1329 1188 1550 1258 nihilominus
1610 1224 1613 1264 ι

385 1304 528 1390 propter
550 1299 826 1369 conmutationem
848 1303 1054 1389 ectyporum
1070 1320 1111 1368 ec
1127 1283 1376 1368 imitationum
1387 1294 1549 1386 multipli-

385 1407 490 1492 cium,
507 1429 569 1498 per
584 1407 841 1476 distinctionem
857 1407 1005 1476 rationis
1020 1412 1167 1498 possum
1178 1407 1250 1476 dici
1265 1407 1396 1476 multce
1409 1405 1506 1474 ideue
1520 1409 1550 1471 et
1608 1445 1613 1482 3

386 1514 540 1584 rationes
552 1514 695 1583 divinos
708 1515 859 1584 omnium
876 1514 1104 1605 operabilium
1121 1514 1166 1584 sd
1181 1521 1296 1584 extre.
1317 1514 1392 1582 Hes
1405 1512 1550 1582 dicemus

385 1621 483 1690 ideas
497 1623 700 1692 rorationes
715 1622 929 1713 exemplares
947 1622 1150 1693 obiectione.
1170 1623 1204 1709 ὀ)
1217 1623 1474 1711 Distinguctun
1489 1621 1549 1688 for·
1612 1663 1613 1666 =

385 1729 488 1798 melis
502 1728 695 1798 intellectio
707 1729 830 1799 horum
843 1729 994 1799 omnium
1007 1729 1237 1821 operebilium
1249 1729 1438 1799 secundum
1450 1726 1549 1798 rotie
1610 1769 1613 1809 ι

384 1860 446 1907 nes
462 1859 588 1922 omnes,
604 1839 731 1929 quibus
748 1840 922 1930 sapienter
934 1845 971 1908 et
982 1838 1080 1908 modo
1091 1839 1163 1907 Deo
1178 1837 1285 1928 digno
1296 1836 1385 1906 effici
1396 1839 1547 1926 possum.
1612 1875 1613 1916 3

384 1945 478 2015 Haec
493 1951 608 2036 potest
623 1944 694 2015 dici
711 1945 789 2014 ideo
804 1945 963 2015 formalis
978 1952 1014 2016 et
1025 1951 1080 2016 est
1094 1945 1243 2016 scientie
1257 1945 1415 2037 prectice
1424 1943 1464 2012 in
1474 1949 1549 2012 ectu
1610 1987 1613 2026 3

384 2055 507 2146 prime.
533 2058 563 2140 c)
586 2053 833 2124 Consideretur
856 2053 941 2124 hoec
969 2054 1047 2146 ipss
1075 2053 1288 2140 intellectio,
1313 2059 1356 2123 nt
1377 2051 1550 2144 praeiret
1606 2068 1613 2134 j

385 2160 563 2232 voluntati
585 2161 768 2247 effectrici,
794 2169 830 2230 et
852 2167 894 2230 ut
916 2161 949 2230 ei
972 2161 1130 2232 effectrix
1154 2161 1266 2230 libers
1288 2161 1455 2232 voluntas
1478 2181 1548 2229 con·
1612 2203 1613 2241 ι

383 2269 557 2359 iungitur3
576 2271 627 2338 sic
650 2269 720 2338 erit
743 2269 891 2338 scientie
912 2269 1070 2359 prcotics
1084 2276 1121 2338 et
1137 2269 1216 2338 ides
1238 2269 1398 2338 effectrix
1421 2268 1460 2337 in
1475 2273 1548 2336 ectu

384 2377 545 2448 secundo.
563 2379 606 2447 In
630 2377 773 2448 obiectis
798 2377 922 2448 deinde
945 2377 1033 2470 ipsis
1056 2384 1173 2448 status
1195 2377 1456 2469 possibilitatis,
1474 2397 1548 2469 quc·
1612 2419 1613 2458 1

383 2491 487 2555 tenus
510 2493 593 2555 eunt
615 2484 815 2576 operabilic,
841 2485 1078 2576 distinguitur
1101 2507 1123 2553 c
1145 2485 1234 2556 reoli
1256 2485 1455 2555 existentis.
1612 2561 1613 2569 χ

448 2593 554 2664 Hisce
576 2593 701 2685 positis
725 2593 795 2662 iem
818 2591 985 2663 dicimus:
1010 2593 1165 2664 notiones
1187 2593 1401 2685 exemplares
1423 2595 1461 2663 in
1484 2593 1547 2662 Deo
1610 2639 1613 2677 ι

382 2702 595 2794 praecedunt
616 2707 794 2794 temqnem
817 2701 1041 2794 principium,
1059 2702 1151 2772 unde
1173 2701 1324 2794 pendent
1345 2701 1425 2792 ipss
1447 2700 1545 2793 possi·
1612 2753 1613 2786 ι

382 2809 469 2880 bilis
491 2816 529 2880 et
550 2809 754 2902 operebilie3
773 2809 966 2881 intellectio
990 2832 1072 2882 vero
1088 2832 1149 2880 seu
1174 2810 1323 2882 scientio
1345 2808 1546 2901 practicuiu

382 2925 464 2990 ectu
486 2919 598 3010 primo
622 2917 818 2988 formaliter
833 2925 990 3009 speotsts
1014 2943 1082 2989 non
1105 2919 1295 3010 praecedit,
1313 2917 1373 2988 sed
1390 2915 1547 3010 supponit
1612 2963 1613 2980 ι

381 3025 476 3096 siout
497 3025 652 3094 rationes
673 3025 886 3116 exemplares
909 3033 1086 3118 tamquam
1115 3027 1286 3096 obiectum
1310 3026 1476 3114 formule,
1500 3024 1545 3094 iu
1612 3071 1613 3108 ι

381 3139 417 3202 et
439 3131 630 3224 operabilic
644 3139 821 3226 temqucm
836 3133 1006 3204 obiectum
1021 3134 1264 3204 secundarium
1287 3132 1541 3205 intellectionis.
1612 3177 1613 3212 f

382 3239 609 3310 Manifestum
633 3247 688 3310 eet
709 3240 827 3326 etium,
844 3241 1022 3333 proprium
1046 3241 1218 3312 obiectum
1235 3241 1403 3312 scientias
1426 3240 1542 3334 procti-
1612 3289 1613 3324 ι

380 3369 440 3419 cae
462 3371 531 3417 non
553 3369 627 3418 esse
651 3351 870 3416 miscentium
894 3352 963 3416 ιάιιι
986 3352 1024 3417 fn
1049 3363 1143 3432 aetu5
1169 3349 1229 3420 sed
1252 3373 1327 3419 esse
1343 3371 1401 3418 res
1415 3355 1459 3420 ut
1480 3371 1543 3442 pos·
1612 3395 1613 3435 p

382 3455 502 3526 sibiles
524 3460 562 3524 et
583 3455 775 3546 operabiles
797 3457 842 3526 ud
865 3462 987 3542 extre,
1014 3479 1074 3528 seu
1098 3459 1189 3550 quod
1213 3459 1286 3528 fere
1307 3457 1425 3528 eodem
1448 3457 1541 3538 redit,
1612 3503 1613 3544 ;

382 3585 457 3633 osse
480 3564 699 3630 miscentium
724 3579 763 3630 ut
787 3563 1015 3654 efficiendam.
1040 3565 1242 3636 Existentie
1271 3571 1388 3636 sutem
1411 3566 1449 3636 in
1470 3571 1541 3636 ectu

381 3677 435 3741 est
464 3672 610 3742 effectus
640 3672 837 3742 voluntatis
866 3673 1068 3758 efficientis,
1102 3674 1161 3744 oui
1190 3673 1369 3766 precluoet
1399 3671 1540 3765 cognitio
1612 3663 1613 3672 ’

380 3781 587 3850 existentiae
611 3781 798 3872 operabilis
813 3787 850 3851 et
865 3781 1076 3864 efficiendam
1101 3781 1234 3875 hocque
1251 3783 1350 3852 modo
1364 3781 1540 3852 existente

379 3888 530 3958 actualis
545 3889 707 3980 pendete
723 3889 884 3974 scientio,
901 3911 989 3982 quse
1005 3889 1054 3958 sit
1070 3889 1228 3980 practico
1238 3889 1276 3958 in
1290 3897 1373 3960 ectu
1388 3887 1536 3961 secundo.

380 3995 536 4064 Soisntie
565 4003 704 4080 eutem,
739 3996 840 4066 cuius
872 3995 1043 4066 obiectum
1073 4001 1127 4064 est
1155 3995 1233 4086 ipse
1262 3997 1332 4066 ism
1363 3994 1539 4068 existentis

380 4102 549 4188 eotuelis,
574 4126 642 4172 non
665 4110 719 4172 est
742 4103 893 4174 efficiens
916 4108 953 4173 et
975 4103 1153 4194 procilos,
1179 4103 1239 4174 sed
1262 4103 1374 4174 solum
1404 4100 1536 4176 intuih'o

380 4209 494 4298 ipsius
515 4209 735 4280 existentiae.

447 4315 539 4386 Ordo
562 4317 686 4407 igitur,
705 4339 772 4410 quo
788 4319 976 4388 secundum
992 4325 1151 4388 nostrum
1168 4319 1304 4389 modum
1326 4313 1535 4408 intelligendi

381 4445 459 4493 oum
484 4425 705 4496 fundamento
727 4426 766 4495 in
788 4450 826 4496 re
849 4428 992 4517 singule
1015 4451 1051 4498 se
1067 4451 1104 4498 se
1125 4430 1307 4520 excipiunt
1328 4435 1366 4500 et
1380 4451 1479 4500 unum
1492 4423 1534 4493 ul·
