3224 5068
529 396 563 409 -
587 362 649 426 307
670 397 707 410 -

44 467 280 554 immanentes,
306 471 348 539 ut
371 492 434 539 nos
458 469 694 560 concipimus,
720 491 794 540 esso
823 471 934 562 ipsam
956 469 1020 539 Dei
1046 469 1206 539 substan·
1262 513 1264 516 -

44 575 127 644 tiam
154 576 277 660 Quoad
300 601 373 648 rem
396 580 519 670 ipsam,
546 581 713 672 quamdiu
737 581 849 649 solum
874 579 1057 672 quaeritur
1076 605 1120 646 cre
1144 581 1205 660 sic,

41 705 97 751 non
119 691 235 776 potest
258 686 316 756 hic
339 688 448 758 maior
464 711 537 758 esse
553 688 742 758 difficultas
765 709 867 781 qnam
887 687 925 755 in
949 687 1074 757 ceteris
1098 685 1205 755 omni·

42 793 93 859 bns
114 794 303 863 attributis
326 795 472 865 divinis.
499 796 538 865 Si
562 798 653 866 enim
676 796 800 866 divina
824 795 976 866 essentia
1006 801 1059 864 est
1084 815 1145 884 per
1169 815 1206 863 se

41 897 138 990 ipsam
160 903 333 992 perfectio
356 904 393 972 in
416 909 492 974 tota
515 904 746 996 plenitudine,
766 912 800 974 et
817 904 847 973 si
865 903 1011 996 quaevis
1034 901 1205 994 perfectio

38 1029 127 1097 quam
151 1009 290 1079 ratione
313 1009 534 1102 distinguere
550 1035 743 1103 possumus,
762 1020 816 1080 est
831 1011 975 1081 realiter
991 1009 1069 1100 ipsa
1092 1031 1205 1078 essen·

37 1115 79 1181 tia
99 1121 133 1186 et
156 1118 360 1187 substantia
390 1120 514 1188 divina
536 1121 573 1188 in
605 1120 825 1211 plenitudine
855 1118 1008 1188 absoluti
1030 1117 1139 1194 Esse:
1164 1137 1205 1186 eo

37 1223 100 1312 ipso
128 1223 359 1312 intellectus,
386 1227 569 1312 voluntas,
596 1227 754 1318 potentie
782 1227 931 1314 (active)
955 1248 1023 1294 non
1056 1229 1110 1294 est
1141 1243 1204 1292 nec

38 1331 157 1423 concipi
174 1337 295 1423 potest
310 1339 352 1402 ut
367 1335 521 1403 facultas
544 1335 753 1424 perficienda
769 1357 831 1426 per
847 1341 963 1403 actum
987 1331 1203 1402 accedentem

37 1437 288 1526 intellectionis,
304 1441 499 1528 volitionis,
514 1443 730 1530 efficientiae;
746 1443 806 1510 sed
822 1441 899 1531 ipsa
915 1441 1037 1510 divina
1053 1437 1204 1508 essentia

38 1567 69 1614 ac
89 1548 290 1618 substantia
312 1557 367 1619 est
390 1550 484 1620 siout
505 1551 710 1620 intellectus
733 1551 911 1634 infinitus,
937 1549 1102 1618 voluntas
1125 1545 1203 1616 iuli·

37 1653 110 1738 nita,
126 1657 291 1746 potentia
313 1657 454 1728 infinita
477 1659 551 1728 sins
576 1659 648 1728 ullo
672 1658 811 1728 delectu
834 1657 1024 1742 realitatis,
1048 1657 1100 1726 ita
1123 1655 1201 1724 sub·

38 1763 203 1834 stantialis
228 1771 331 1836 actus
353 1767 569 1857 intelligens,
588 1767 721 1851 volens,
740 1767 890 1836 efficiens
913 1788 974 1858 per
991 1787 1038 1850 se,
1057 1785 1124 1834 non
1142 1785 1202 1856 per

39 1867 156 1962 aliquid
179 1871 280 1940 ultra
302 1871 414 1963 ipsam
438 1874 623 1943 essentiam
646 1873 824 1944 accedens.

89 1976 323 2072 Consequitur
345 1980 410 2051 hoo
434 1982 534 2051 velut
558 1981 782 2052 corollarium
805 1982 1040 2052 necessarium
1058 2001 1099 2048 ex
1124 1979 1203 2070 ipsa

39 2083 242 2173 plenitudine
259 2088 352 2156 entis
365 2095 401 2159 et
412 2111 454 2158 ex
466 2089 645 2159 declarata
661 2089 830 2159 hactenus
846 2087 1072 2179 simplicitate
1087 2085 1202 2156 divini

39 2191 122 2277 Eua·
143 2195 380 2266 nihilominus
402 2197 572 2288 explicita
602 2192 709 2268 etiam
732 2197 891 2271 doctrine
913 2217 935 2264 a
957 2195 1123 2264 Patribus
1145 2193 1201 2264 de·

39 2299 188 2372 claretur.
208 2303 510 2394 «Intelligendum
534 2311 599 2390 est,
620 2305 738 2398 inquit
754 2305 790 2374 S.
805 2303 979 2374 Maximus
995 2303 1031 2372 in
1049 2301 1198 2392 Dionys.

40 2407 71 2477 de
89 2409 157 2480 div.
175 2433 270 2482 nom.
286 2435 317 2482 c.
335 2413 368 2480 5.
387 2419 419 2496 5.
435 2411 468 2496 6,
486 2413 577 2505 quod
601 2436 677 2482 cum
701 2411 977 2502 superexcellens
1001 2433 1062 2501 per
1085 2433 1121 2480 sc
1144 2411 1200 2477 bo·
1311 2427 1314 2435 ’

39 2514 116 2584 nitas
138 2539 236 2585 mens
261 2517 311 2586 sit
333 2523 369 2586 et
390 2523 467 2586 tota
489 2524 590 2586 actus
613 2518 651 2585 iu
675 2539 711 2585 se
734 2517 849 2608 ipsum
874 2538 1073 2600 connrersus,
1100 2515 1136 2585 id
1161 2518 1200 2582 in

41 2637 102 2687 oeta
122 2637 257 2690 estnon
275 2626 406 2691 veroin
422 2628 595 2714 potentia,
613 2624 713 2716 quasi
736 2625 835 2716 prius
859 2631 950 2692 esset
972 2645 1040 2691 non
1064 2621 1199 2712 sapien·

39 2727 88 2812 tia,
111 2737 145 2799 et
159 2729 288 2800 deinde
310 2753 405 2800 mens
421 2731 457 2799 in
473 2737 556 2800 actu
579 2731 690 2800 fieret.
708 2731 808 2801 Unde
824 2729 929 2800 etiam
946 2751 1035 2821 pura
1058 2735 1198 2800 tentum

40 2859 116 2907 neus
137 2845 205 2924 est,
233 2861 302 2907 non
326 2839 591 2930 superadditum
615 2840 746 2908 habens
769 2860 909 2930 sepere;
935 2839 995 2908 sed
1019 2838 1200 2907 omninoa

39 2965 65 3010 sc
83 2945 155 3036 ipsa
177 2947 303 3037 sapito
323 2945 386 3032 (1).
411 2945 541 3014 Eadem
564 2951 618 3016 est
640 2945 829 3036 explicatio
852 2945 1049 3036 Augustini
1065 2945 1119 3033 (in
1143 2945 1194 3016 Io.

39 3059 124 3122 tract.
142 3054 231 3140 40.).
248 3081 264 3117 a
279 3053 319 3121 Si
342 3053 434 3146 quod
457 3055 560 3143 pauci
583 3053 804 3144 intelligunt,
830 3053 976 3144 simplex
1000 3060 1054 3124 cst
1069 3063 1198 3124 natura

39 3159 197 3245 raritatis,
218 3160 284 3229 hoc
307 3167 361 3230 est
375 3159 470 3228 Filio
493 3183 568 3229 esse
591 3161 680 3253 quod
699 3183 810 3229 nosse.
829 3161 885 3229 Ab
901 3162 964 3230 illo
985 3185 1068 3252 ergo
1093 3161 1198 3234 habet

39 3267 111 3354 qnod
132 3268 285 3353 noverit,
305 3289 409 3360 aquo
433 3267 539 3336 hebet
555 3273 595 3336 ut
612 3269 671 3353 sit,
690 3291 758 3338 non
775 3275 816 3337 ut
838 3270 937 3359 prius
953 3271 996 3338 ab
1012 3271 1075 3339 illo
1090 3279 1193 3356 esset,

39 3379 65 3440 ct
83 3383 196 3464 postea
219 3377 264 3444 ab
289 3375 353 3445 illo
375 3383 504 3444 nosset.
532 3377 599 3445 Sed
625 3377 908 3468 quemadmodum
938 3378 995 3446 illi
1020 3379 1196 3470 gignendo

40 3479 118 3551 dedit
137 3491 178 3552 ut
201 3489 306 3568 esset,
331 3483 381 3552 sic
399 3483 574 3575 gignendo
597 3484 693 3553 dedit
709 3491 750 3554 ut
766 3491 894 3555 nosset.
914 3485 1007 3568 Quia
1030 3487 1192 3578 simplici,

40 3595 71 3656 ιι
90 3590 214 3662 dictum
238 3597 304 3677 est,
329 3599 477 3661 naturae
501 3593 666 3661 veritatis
689 3615 763 3662 esse
779 3599 815 3662 et
829 3617 928 3663 nosse
943 3587 1011 3664 non
1027 3599 1081 3664 est
1097 3596 1196 3666 aliud

39 3701 66 3761 et
83 3696 173 3768 aliud
206 3699 266 3768 sed
297 3698 362 3768 hoc
385 3699 511 3790 ipsum.
540 3726 556 3762 n
589 3699 685 3770 Idem
710 3701 826 3770 verbis
850 3703 1041 3771 simillimis
1064 3705 1195 3800 repetit

40 3799 71 3868 de
89 3803 153 3874 Deo
175 3805 334 3876 absolute
358 3813 513 3896 spectato
540 3813 645 3878 tract.
673 3807 728 3877 99.
754 3809 809 3880 cf.
834 3809 961 3900 Gyrill.
980 3811 1084 3880 Alex.
1105 3811 1194 3881 The·
1281 3843 1285 3850 ·

41 3928 116 3981 saur.
130 3913 263 3984 XXXI.
282 3936 364 4005 pag.
391 3913 468 3982 267.

92 4179 168 4253 (1)‘}{
186 4185 461 4259 αὐτουπεραγαθοτης
479 4208 537 4252 socc
555 4189 624 4245 c'cca
637 4211 680 4245 και
702 4191 752 4251 ὅλη
770 4189 889 4262 irrepere
904 4187 940 4253 εἰς
961 4192 1057 4251 icarus
1078 4191 1193 4264 icrpapc·

44 4269 223 4348 waning-sera
243 4275 316 4331 irem
335 4274 363 4332 c'c
387 4282 509 4351 δυναμει,
528 4299 650 4354 προτερον
668 4279 737 4336 οὐσα
755 4278 971 4354 οἶφροσιινη,ἔιτα
990 4303 1049 4346 socc
1076 4279 1192 4354 ιἰεργιιᾳ

45 4374 153 4430 mutan·
171 4365 285 4421 itesam
306 4363 364 4422 ι’στι
384 4387 442 4429 socc
459 4387 538 4440 μονον
559 4367 677 4441 calago:
700 4367 745 4426 o'cx
761 4370 919 4426 inotcaxroa
940 4372 1007 4444 ἔχων
1028 4391 1057 4426 το
1078 4372 1190 4446 φρονεῖν,

46 4441 104 4500 “lla
119 4451 173 4525 παρ’
190 4456 289 4510 laurac
309 4477 411 4518 παντως
430 4455 491 4513 νοεῖ.

1030 4568 1048 4608 Ι
