<?xml version="1.0" encoding="UTF-8"?>
<!DOCTYPE html PUBLIC "-//W3C//DTD XHTML 1.0 Transitional//EN"
    "http://www.w3.org/TR/xhtml1/DTD/xhtml1-transitional.dtd">
<html xmlns="http://www.w3.org/1999/xhtml" xml:lang="en" lang="en">
 <head>
  <title>
</title>
<meta http-equiv="Content-Type" content="text/html;charset=utf-8" />
  <meta name='ocr-system' content='tesseract 3.04.00' />
  <meta name='ocr-capabilities' content='ocr_page ocr_carea ocr_par ocr_line ocrx_word'/>
</head>
<body>
  <div class='ocr_page' id='page_1' title='image "./ioannisbaptfran01frangoog_0472.png"; bbox 0 0 3262 5076; ppageno 0'>
   <div class='ocr_carea' id='block_1_1' title="bbox 62 350 1304 4199">
    <p class='ocr_par' dir='ltr' id='par_1_1' title="bbox 565 350 745 412">
     <span class='ocr_line' id='line_1_1' title="bbox 565 350 745 412; baseline 0.011 -16"><span class='ocrx_word' id='word_1_1' title='bbox 565 381 603 396; x_wconf 88' lang='lat'>-</span> <span class='ocrx_word' id='word_1_2' title='bbox 625 350 687 412; x_wconf 76' lang='lat'><strong>455</strong></span> <span class='ocrx_word' id='word_1_3' title='bbox 707 384 745 398; x_wconf 88' lang='grc'><strong>.-</strong></span> 
     </span>
    </p>

    <p class='ocr_par' dir='ltr' id='par_1_2' title="bbox 62 453 1304 3639">
     <span class='ocr_line' id='line_1_2' title="bbox 72 453 1242 548; baseline -0.002 -24"><span class='ocrx_word' id='word_1_4' title='bbox 72 460 149 524; x_wconf 75' lang='lat' dir='ltr'><strong>oute</strong></span> <span class='ocrx_word' id='word_1_5' title='bbox 170 453 332 524; x_wconf 81' lang='lat' dir='ltr'><strong>absolute</strong></span> <span class='ocrx_word' id='word_1_6' title='bbox 355 453 472 524; x_wconf 82' lang='lat' dir='ltr'><strong>futuri</strong></span> <span class='ocrx_word' id='word_1_7' title='bbox 494 460 589 540; x_wconf 85' lang='lat' dir='ltr'><strong>eunt,</strong></span> <span class='ocrx_word' id='word_1_8' title='bbox 616 461 753 548; x_wconf 85' lang='lat' dir='ltr'><strong>speetot</strong></span> <span class='ocrx_word' id='word_1_9' title='bbox 776 456 814 531; x_wconf 90' lang='lat' dir='ltr'><strong>iu</strong></span> <span class='ocrx_word' id='word_1_10' title='bbox 837 455 939 547; x_wconf 83' lang='lat' dir='ltr'><strong>signo</strong></span> <span class='ocrx_word' id='word_1_11' title='bbox 962 453 1075 546; x_wconf 83' lang='lat' dir='ltr'><strong>priori</strong></span> <span class='ocrx_word' id='word_1_12' title='bbox 1098 453 1143 522; x_wconf 88' lang='lat' dir='ltr'><strong>ed</strong></span> <span class='ocrx_word' id='word_1_13' title='bbox 1160 475 1242 544; x_wconf 92' lang='lat' dir='ltr'><strong>sup·</strong></span> 
     </span>
     <span class='ocr_line' id='line_1_3' title="bbox 71 560 1241 652; baseline 0.001 -23"><span class='ocrx_word' id='word_1_14' title='bbox 71 561 275 652; x_wconf 73' lang='lat' dir='ltr'><strong>positionem</strong></span> <span class='ocrx_word' id='word_1_15' title='bbox 298 560 500 631; x_wconf 80' lang='lat' dir='ltr'><strong>verificetue</strong></span> <span class='ocrx_word' id='word_1_16' title='bbox 523 561 752 650; x_wconf 76' lang='lat' dir='ltr'><strong>conditionis3</strong></span> <span class='ocrx_word' id='word_1_17' title='bbox 778 563 878 632; x_wconf 86' lang='lat' dir='ltr'><strong>dooet</strong></span> <span class='ocrx_word' id='word_1_18' title='bbox 892 562 985 632; x_wconf 89' lang='lat' dir='ltr'><strong>enim</strong></span> <span class='ocrx_word' id='word_1_19' title='bbox 1000 561 1063 630; x_wconf 86' lang='lat' dir='ltr'><strong>hos</strong></span> <span class='ocrx_word' id='word_1_20' title='bbox 1079 567 1192 646; x_wconf 83' lang='lat' dir='ltr'><strong>aetus,</strong></span> <span class='ocrx_word' id='word_1_21' title='bbox 1211 561 1241 630; x_wconf 86' lang='lat' dir='ltr'><strong>ei</strong></span> 
     </span>
     <span class='ocr_line' id='line_1_4' title="bbox 69 667 1300 760; baseline 0.001 -25"><span class='ocrx_word' id='word_1_22' title='bbox 69 668 224 738; x_wconf 85' lang='lat' dir='ltr'><strong>eonditio</strong></span> <span class='ocrx_word' id='word_1_23' title='bbox 252 689 321 736; x_wconf 90' lang='lat' dir='ltr'><strong>uon</strong></span> <span class='ocrx_word' id='word_1_24' title='bbox 344 667 475 738; x_wconf 85' lang='lat' dir='ltr'><strong>fuisset</strong></span> <span class='ocrx_word' id='word_1_25' title='bbox 497 669 631 760; x_wconf 85' lang='lat' dir='ltr'><strong>positu,</strong></span> <span class='ocrx_word' id='word_1_26' title='bbox 656 670 768 740; x_wconf 90' lang='lat' dir='ltr'><strong>Deum</strong></span> <span class='ocrx_word' id='word_1_27' title='bbox 790 669 1020 739; x_wconf 82' lang='lat' dir='ltr'><strong>nihilominus</strong></span> <span class='ocrx_word' id='word_1_28' title='bbox 1049 668 1241 738; x_wconf 80' lang='lat' dir='ltr'><strong>certissime</strong></span> <span class='ocrx_word' id='word_1_29' title='bbox 1296 715 1300 725; x_wconf 86' lang='lat'>·</span> 
     </span>
     <span class='ocr_line' id='line_1_5' title="bbox 66 775 1241 870; baseline 0.002 -26"><span class='ocrx_word' id='word_1_30' title='bbox 66 775 291 865; x_wconf 76' lang='lat' dir='ltr'><strong>cogniturum</strong></span> <span class='ocrx_word' id='word_1_31' title='bbox 313 776 424 846; x_wconf 79' lang='lat' dir='ltr'><strong>luisse</strong></span> <span class='ocrx_word' id='word_1_32' title='bbox 446 784 624 870; x_wconf 82' lang='lat' dir='ltr'><strong>temquem</strong></span> <span class='ocrx_word' id='word_1_33' title='bbox 640 778 781 848; x_wconf 86' lang='lat' dir='ltr'><strong>futuros</strong></span> <span class='ocrx_word' id='word_1_34' title='bbox 796 779 861 846; x_wconf 92' lang='lat' dir='ltr'><strong>sub</strong></span> <span class='ocrx_word' id='word_1_35' title='bbox 878 776 1087 860; x_wconf 74' lang='lat' dir='ltr'><strong>conditione,</strong></span> <span class='ocrx_word' id='word_1_36' title='bbox 1107 776 1139 844; x_wconf 89' lang='lat' dir='ltr'><strong>si</strong></span> <span class='ocrx_word' id='word_1_37' title='bbox 1156 775 1241 846; x_wconf 85' lang='lat' dir='ltr'><strong>heeo</strong></span> 
     </span>
     <span class='ocr_line' id='line_1_6' title="bbox 66 884 1240 976; baseline -0.002 -23"><span class='ocrx_word' id='word_1_38' title='bbox 66 885 324 972; x_wconf 76' lang='lat' dir='ltr'><strong>verificaretur3</strong></span> <span class='ocrx_word' id='word_1_39' title='bbox 350 884 481 976; x_wconf 91' lang='lat' dir='ltr'><strong>hooque</strong></span> <span class='ocrx_word' id='word_1_40' title='bbox 503 905 633 976; x_wconf 73' lang='lat' dir='ltr'><strong>negare</strong></span> <span class='ocrx_word' id='word_1_41' title='bbox 656 891 773 956; x_wconf 87' lang='lat' dir='ltr'><strong>eeuset</strong></span> <span class='ocrx_word' id='word_1_42' title='bbox 791 885 1084 954; x_wconf 76' lang='lat' dir='ltr'><strong>amoenissimum</strong></span> <span class='ocrx_word' id='word_1_43' title='bbox 1105 889 1143 952; x_wconf 89' lang='lat' dir='ltr'><strong>et</strong></span> <span class='ocrx_word' id='word_1_44' title='bbox 1165 906 1240 975; x_wconf 87' lang='lat' dir='ltr'><strong>per·</strong></span> 
     </span>
     <span class='ocr_line' id='line_1_7' title="bbox 66 991 1238 1085; baseline 0 -25"><span class='ocrx_word' id='word_1_45' title='bbox 66 991 348 1062; x_wconf 68' lang='lat' dir='ltr'><strong>vanissimum.»</strong></span> <span class='ocrx_word' id='word_1_46' title='bbox 367 992 612 1075; x_wconf 76' lang='lat' dir='ltr'><strong>Quaestionem</strong></span> <span class='ocrx_word' id='word_1_47' title='bbox 627 993 800 1078; x_wconf 86' lang='lat' dir='ltr'><strong>instituit,</strong></span> <span class='ocrx_word' id='word_1_48' title='bbox 820 1013 929 1085; x_wconf 84' lang='lat' dir='ltr'><strong>quere</strong></span> <span class='ocrx_word' id='word_1_49' title='bbox 952 993 1048 1062; x_wconf 91' lang='lat' dir='ltr'><strong>Deus</strong></span> <span class='ocrx_word' id='word_1_50' title='bbox 1070 991 1238 1076; x_wconf 87' lang='lat' dir='ltr'><strong>homines,</strong></span> 
     </span>
     <span class='ocr_line' id='line_1_8' title="bbox 66 1099 1240 1191; baseline -0.001 -23"><span class='ocrx_word' id='word_1_51' title='bbox 66 1099 125 1191; x_wconf 88' lang='lat' dir='ltr'><strong>qui</strong></span> <span class='ocrx_word' id='word_1_52' title='bbox 145 1100 289 1170; x_wconf 74' lang='lat' dir='ltr'><strong>tandem</strong></span> <span class='ocrx_word' id='word_1_53' title='bbox 312 1099 513 1170; x_wconf 87' lang='lat' dir='ltr'><strong>moriuntur</strong></span> <span class='ocrx_word' id='word_1_54' title='bbox 535 1100 573 1170; x_wconf 93' lang='lat' dir='ltr'><strong>in</strong></span> <span class='ocrx_word' id='word_1_55' title='bbox 595 1105 755 1191; x_wconf 63' lang='lat' dir='ltr'><strong>peoomo,</strong></span> <span class='ocrx_word' id='word_1_56' title='bbox 781 1123 851 1169; x_wconf 91' lang='lat' dir='ltr'><strong>nou</strong></span> <span class='ocrx_word' id='word_1_57' title='bbox 877 1099 1049 1191; x_wconf 86' lang='lat' dir='ltr'><strong>eripuerit</strong></span> <span class='ocrx_word' id='word_1_58' title='bbox 1075 1099 1175 1190; x_wconf 89' lang='lat' dir='ltr'><strong>prius</strong></span> <span class='ocrx_word' id='word_1_59' title='bbox 1198 1121 1240 1168; x_wconf 86' lang='lat' dir='ltr'><strong>ex</strong></span> 
     </span>
     <span class='ocr_line' id='line_1_9' title="bbox 65 1205 1240 1299; baseline 0.003 -27"><span class='ocrx_word' id='word_1_60' title='bbox 65 1205 128 1276; x_wconf 85' lang='lat' dir='ltr'><strong>heo</strong></span> <span class='ocrx_word' id='word_1_61' title='bbox 151 1206 245 1292; x_wconf 83' lang='lat' dir='ltr'><strong>vite,</strong></span> <span class='ocrx_word' id='word_1_62' title='bbox 268 1231 373 1277; x_wconf 72' lang='lat' dir='ltr'><strong>noum</strong></span> <span class='ocrx_word' id='word_1_63' title='bbox 396 1207 452 1298; x_wconf 90' lang='lat' dir='ltr'><strong>pie</strong></span> <span class='ocrx_word' id='word_1_64' title='bbox 473 1206 696 1299; x_wconf 85' lang='lat' dir='ltr'><strong>fideliterque</strong></span> <span class='ocrx_word' id='word_1_65' title='bbox 719 1207 894 1294; x_wconf 84' lang='lat' dir='ltr'><strong>viverent,</strong></span> <span class='ocrx_word' id='word_1_66' title='bbox 920 1231 963 1278; x_wconf 94' lang='lat' dir='ltr'><strong>ue</strong></span> <span class='ocrx_word' id='word_1_67' title='bbox 986 1207 1084 1278; x_wconf 86' lang='lat' dir='ltr'><strong>fiotio</strong></span> <span class='ocrx_word' id='word_1_68' title='bbox 1106 1207 1240 1298; x_wconf 82' lang='lat' dir='ltr'><strong>decipe-</strong></span> 
     </span>
     <span class='ocr_line' id='line_1_10' title="bbox 65 1313 1241 1388; baseline 0.002 -6"><span class='ocrx_word' id='word_1_69' title='bbox 65 1319 118 1382; x_wconf 85' lang='lat' dir='ltr'><strong>ret</strong></span> <span class='ocrx_word' id='word_1_70' title='bbox 139 1314 281 1383; x_wconf 84' lang='lat' dir='ltr'><strong>enimus</strong></span> <span class='ocrx_word' id='word_1_71' title='bbox 296 1313 450 1386; x_wconf 90' lang='lat' dir='ltr'><strong>illorum.</strong></span> <span class='ocrx_word' id='word_1_72' title='bbox 466 1341 483 1379; x_wconf 78' lang='lat' dir='ltr'><strong>n</strong></span> <span class='ocrx_word' id='word_1_73' title='bbox 497 1315 642 1384; x_wconf 76' lang='lat' dir='ltr'><strong>Insistit</strong></span> <span class='ocrx_word' id='word_1_74' title='bbox 655 1321 773 1384; x_wconf 89' lang='lat' dir='ltr'><strong>eutem</strong></span> <span class='ocrx_word' id='word_1_75' title='bbox 790 1316 855 1388; x_wconf 83' lang='lat' dir='ltr'><strong>hoe</strong></span> <span class='ocrx_word' id='word_1_76' title='bbox 871 1315 989 1384; x_wconf 81' lang='lat' dir='ltr'><strong>modo:</strong></span> <span class='ocrx_word' id='word_1_77' title='bbox 1009 1319 1159 1382; x_wconf 72' lang='lat' dir='ltr'><strong>autrum</strong></span> <span class='ocrx_word' id='word_1_78' title='bbox 1175 1313 1241 1384; x_wconf 86' lang='lat' dir='ltr'><strong>hoe</strong></span> 
     </span>
     <span class='ocr_line' id='line_1_11' title="bbox 64 1419 1240 1510; baseline 0.003 -24"><span class='ocrx_word' id='word_1_79' title='bbox 64 1419 98 1486; x_wconf 92' lang='lat' dir='ltr'><strong>in</strong></span> <span class='ocrx_word' id='word_1_80' title='bbox 121 1426 302 1510; x_wconf 73' lang='lat' dir='ltr'><strong>potestate</strong></span> <span class='ocrx_word' id='word_1_81' title='bbox 324 1445 392 1490; x_wconf 90' lang='lat' dir='ltr'><strong>uon</strong></span> <span class='ocrx_word' id='word_1_82' title='bbox 415 1421 560 1506; x_wconf 84' lang='lat' dir='ltr'><strong>hebuit,</strong></span> <span class='ocrx_word' id='word_1_83' title='bbox 586 1443 632 1490; x_wconf 85' lang='lat' dir='ltr'><strong>en</strong></span> <span class='ocrx_word' id='word_1_84' title='bbox 654 1443 772 1492; x_wconf 88' lang='lat' dir='ltr'><strong>eorum</strong></span> <span class='ocrx_word' id='word_1_85' title='bbox 796 1422 921 1490; x_wconf 85' lang='lat' dir='ltr'><strong>future</strong></span> <span class='ocrx_word' id='word_1_86' title='bbox 943 1421 1036 1490; x_wconf 84' lang='lat' dir='ltr'><strong>melu</strong></span> <span class='ocrx_word' id='word_1_87' title='bbox 1061 1420 1240 1490; x_wconf 78' lang='lat' dir='ltr'><strong>nescivit?</strong></span> 
     </span>
     <span class='ocr_line' id='line_1_12' title="bbox 64 1527 1238 1620; baseline 0 -26"><span class='ocrx_word' id='word_1_88' title='bbox 64 1527 193 1618; x_wconf 79' lang='lat' dir='ltr'><strong>Nempe</strong></span> <span class='ocrx_word' id='word_1_89' title='bbox 214 1528 310 1594; x_wconf 68' lang='lat' dir='ltr'><strong>nihil</strong></span> <span class='ocrx_word' id='word_1_90' title='bbox 340 1530 458 1596; x_wconf 76' lang='lat' dir='ltr'><strong>horum</strong></span> <span class='ocrx_word' id='word_1_91' title='bbox 486 1530 560 1596; x_wconf 80' lang='lat' dir='ltr'><strong>nisi</strong></span> <span class='ocrx_word' id='word_1_92' title='bbox 578 1532 833 1619; x_wconf 70' lang='lat' dir='ltr'><strong>perversissime</strong></span> <span class='ocrx_word' id='word_1_93' title='bbox 856 1543 890 1620; x_wconf 78' lang='lat' dir='ltr'><strong>et</strong></span> <span class='ocrx_word' id='word_1_94' title='bbox 912 1531 1130 1596; x_wconf 68' lang='lat' dir='ltr'><strong>insanissime</strong></span> <span class='ocrx_word' id='word_1_95' title='bbox 1153 1527 1238 1598; x_wconf 81' lang='lat' dir='ltr'><strong>diei·</strong></span> 
     </span>
     <span class='ocr_line' id='line_1_13' title="bbox 65 1633 1239 1726; baseline 0 -22"><span class='ocrx_word' id='word_1_96' title='bbox 65 1646 149 1698; x_wconf 72' lang='lat' dir='ltr'><strong>euro</strong></span> <span class='ocrx_word' id='word_1_97' title='bbox 176 1635 222 1706; x_wconf 88' lang='lat' dir='ltr'><strong>de</strong></span> <span class='ocrx_word' id='word_1_98' title='bbox 244 1633 403 1725; x_wconf 82' lang='lat' dir='ltr'><strong>Corrept.</strong></span> <span class='ocrx_word' id='word_1_99' title='bbox 427 1641 465 1706; x_wconf 90' lang='lat' dir='ltr'><strong>et</strong></span> <span class='ocrx_word' id='word_1_100' title='bbox 486 1641 583 1726; x_wconf 78' lang='lat' dir='ltr'><strong>gret.</strong></span> <span class='ocrx_word' id='word_1_101' title='bbox 609 1659 640 1706; x_wconf 90' lang='lat' dir='ltr'><strong>o.</strong></span> <span class='ocrx_word' id='word_1_102' title='bbox 661 1636 695 1704; x_wconf 85' lang='lat'><strong>8.</strong></span> <span class='ocrx_word' id='word_1_103' title='bbox 716 1659 752 1705; x_wconf 93' lang='lat' dir='ltr'><strong>u.</strong></span> <span class='ocrx_word' id='word_1_104' title='bbox 779 1635 834 1704; x_wconf 88' lang='grc'><strong>19.</strong></span> <span class='ocrx_word' id='word_1_105' title='bbox 860 1636 912 1705; x_wconf 91' lang='lat' dir='ltr'><strong>De</strong></span> <span class='ocrx_word' id='word_1_106' title='bbox 935 1635 1059 1705; x_wconf 89' lang='lat' dir='ltr'><strong>iisdem</strong></span> <span class='ocrx_word' id='word_1_107' title='bbox 1081 1643 1239 1726; x_wconf 86' lang='lat' dir='ltr'><strong>peooeto-</strong></span> 
     </span>
     <span class='ocr_line' id='line_1_14' title="bbox 63 1741 1235 1834; baseline 0 -24"><span class='ocrx_word' id='word_1_108' title='bbox 63 1741 160 1812; x_wconf 85' lang='lat' dir='ltr'><strong>ribus</strong></span> <span class='ocrx_word' id='word_1_109' title='bbox 183 1743 311 1812; x_wconf 85' lang='lat' dir='ltr'><strong>eoribit</strong></span> <span class='ocrx_word' id='word_1_110' title='bbox 339 1743 447 1828; x_wconf 77' lang='lat' dir='ltr'><strong>alibi,</strong></span> <span class='ocrx_word' id='word_1_111' title='bbox 479 1748 611 1814; x_wconf 80' lang='lat' dir='ltr'><strong>auerte</strong></span> <span class='ocrx_word' id='word_1_112' title='bbox 638 1749 779 1834; x_wconf 84' lang='lat' dir='ltr'><strong>poteret</strong></span> <span class='ocrx_word' id='word_1_113' title='bbox 804 1743 887 1812; x_wconf 86' lang='lat' dir='ltr'><strong>illos</strong></span> <span class='ocrx_word' id='word_1_114' title='bbox 914 1743 1010 1812; x_wconf 85' lang='lat' dir='ltr'><strong>Deus</strong></span> <span class='ocrx_word' id='word_1_115' title='bbox 1040 1745 1235 1832; x_wconf 71' lang='lat' dir='ltr'><strong>praesciens</strong></span> 
     </span>
     <span class='ocr_line' id='line_1_15' title="bbox 64 1849 1233 1944; baseline 0.005 -28"><span class='ocrx_word' id='word_1_116' title='bbox 64 1871 128 1918; x_wconf 75' lang='lat' dir='ltr'><strong>eene</strong></span> <span class='ocrx_word' id='word_1_117' title='bbox 150 1851 326 1940; x_wconf 73' lang='lat' dir='ltr'><strong>lapsuros,</strong></span> <span class='ocrx_word' id='word_1_118' title='bbox 351 1865 536 1944; x_wconf 74' lang='lat' dir='ltr'><strong>antequam</strong></span> <span class='ocrx_word' id='word_1_119' title='bbox 559 1849 598 1919; x_wconf 78' lang='lat' dir='ltr'><strong>id</strong></span> <span class='ocrx_word' id='word_1_120' title='bbox 614 1853 727 1940; x_wconf 78' lang='lat' dir='ltr'><strong>fieret,</strong></span> <span class='ocrx_word' id='word_1_121' title='bbox 752 1851 894 1940; x_wconf 80' lang='lat' dir='ltr'><strong>auferre</strong></span> <span class='ocrx_word' id='word_1_122' title='bbox 917 1850 958 1918; x_wconf 84' lang='lat' dir='ltr'><strong>de</strong></span> <span class='ocrx_word' id='word_1_123' title='bbox 981 1851 1233 1922; x_wconf 71' lang='lat' dir='ltr'><strong>lectitando</strong></span> 
     </span>
     <span class='ocr_line' id='line_1_16' title="bbox 62 1956 1237 2050; baseline 0.001 -25"><span class='ocrx_word' id='word_1_124' title='bbox 62 1956 156 2026; x_wconf 88' lang='lat' dir='ltr'><strong>Dono</strong></span> <span class='ocrx_word' id='word_1_125' title='bbox 179 1979 319 2048; x_wconf 79' lang='lat' dir='ltr'><strong>persev.</strong></span> <span class='ocrx_word' id='word_1_126' title='bbox 337 1980 368 2027; x_wconf 87' lang='lat' dir='ltr'><strong>o.</strong></span> <span class='ocrx_word' id='word_1_127' title='bbox 380 1956 413 2027; x_wconf 88' lang='grc'><strong>9.</strong></span> <span class='ocrx_word' id='word_1_128' title='bbox 432 1981 469 2028; x_wconf 90' lang='grc' dir='ltr'><strong>ιι.</strong></span> <span class='ocrx_word' id='word_1_129' title='bbox 483 1957 539 2027; x_wconf 71' lang='lat'><strong>22.</strong></span> <span class='ocrx_word' id='word_1_130' title='bbox 566 1957 709 2028; x_wconf 79' lang='lat' dir='ltr'><strong>Poterat</strong></span> <span class='ocrx_word' id='word_1_131' title='bbox 731 1957 851 2050; x_wconf 86' lang='lat' dir='ltr'><strong>iteque</strong></span> <span class='ocrx_word' id='word_1_132' title='bbox 874 1957 969 2026; x_wconf 89' lang='lat' dir='ltr'><strong>Deus</strong></span> <span class='ocrx_word' id='word_1_133' title='bbox 993 1957 1057 2026; x_wconf 89' lang='lat' dir='ltr'><strong>hos</strong></span> <span class='ocrx_word' id='word_1_134' title='bbox 1080 1957 1237 2028; x_wconf 86' lang='lat' dir='ltr'><strong>homines</strong></span> 
     </span>
     <span class='ocr_line' id='line_1_17' title="bbox 63 2063 1239 2159; baseline 0.002 -27"><span class='ocrx_word' id='word_1_135' title='bbox 63 2084 183 2155; x_wconf 86' lang='lat' dir='ltr'><strong>rupere</strong></span> <span class='ocrx_word' id='word_1_136' title='bbox 204 2087 250 2134; x_wconf 85' lang='lat' dir='ltr'><strong>ex</strong></span> <span class='ocrx_word' id='word_1_137' title='bbox 266 2063 334 2136; x_wconf 85' lang='lat' dir='ltr'><strong>heo</strong></span> <span class='ocrx_word' id='word_1_138' title='bbox 348 2065 436 2151; x_wconf 81' lang='lat' dir='ltr'><strong>vite,</strong></span> <span class='ocrx_word' id='word_1_139' title='bbox 455 2072 643 2159; x_wconf 73' lang='lat' dir='ltr'><strong>antequam</strong></span> <span class='ocrx_word' id='word_1_140' title='bbox 658 2065 768 2136; x_wconf 87' lang='lat' dir='ltr'><strong>libere</strong></span> <span class='ocrx_word' id='word_1_141' title='bbox 783 2073 986 2157; x_wconf 78' lang='lat' dir='ltr'><strong>peoourent3</strong></span> <span class='ocrx_word' id='word_1_142' title='bbox 1006 2067 1100 2136; x_wconf 86' lang='lat' dir='ltr'><strong>siout</strong></span> <span class='ocrx_word' id='word_1_143' title='bbox 1114 2072 1239 2158; x_wconf 82' lang='lat' dir='ltr'><strong>raptus</strong></span> 
     </span>
     <span class='ocr_line' id='line_1_18' title="bbox 63 2172 1241 2264; baseline 0.002 -24"><span class='ocrx_word' id='word_1_144' title='bbox 63 2177 113 2241; x_wconf 83' lang='lat' dir='ltr'><strong>eet</strong></span> <span class='ocrx_word' id='word_1_145' title='bbox 134 2172 200 2242; x_wconf 90' lang='lat' dir='ltr'><strong>ille</strong></span> <span class='ocrx_word' id='word_1_146' title='bbox 225 2173 309 2264; x_wconf 79' lang='lat' dir='ltr'><strong>Sep.</strong></span> <span class='ocrx_word' id='word_1_147' title='bbox 325 2173 389 2242; x_wconf 91' lang='lat' dir='ltr'><strong>IV.</strong></span> <span class='ocrx_word' id='word_1_148' title='bbox 405 2173 460 2242; x_wconf 93' lang='grc'><strong>11.</strong></span> <span class='ocrx_word' id='word_1_149' title='bbox 478 2195 522 2244; x_wconf 88' lang='lat' dir='ltr'><strong>ue</strong></span> <span class='ocrx_word' id='word_1_150' title='bbox 545 2174 641 2244; x_wconf 83' lang='lat' dir='ltr'><strong>detio</strong></span> <span class='ocrx_word' id='word_1_151' title='bbox 668 2173 845 2264; x_wconf 76' lang='lat' dir='ltr'><strong>deciperet</strong></span> <span class='ocrx_word' id='word_1_152' title='bbox 870 2175 1020 2244; x_wconf 80' lang='lat' dir='ltr'><strong>enimam</strong></span> <span class='ocrx_word' id='word_1_153' title='bbox 1054 2173 1176 2245; x_wconf 90' lang='lat' dir='ltr'><strong>illiue:</strong></span> <span class='ocrx_word' id='word_1_154' title='bbox 1202 2180 1241 2244; x_wconf 88' lang='lat' dir='ltr'><strong>et</strong></span> 
     </span>
     <span class='ocr_line' id='line_1_19' title="bbox 64 2279 1235 2374; baseline 0.002 -26"><span class='ocrx_word' id='word_1_155' title='bbox 64 2279 91 2348; x_wconf 87' lang='lat' dir='ltr'><strong>si</strong></span> <span class='ocrx_word' id='word_1_156' title='bbox 114 2280 169 2350; x_wconf 83' lang='lat' dir='ltr'><strong>ite</strong></span> <span class='ocrx_word' id='word_1_157' title='bbox 194 2281 330 2352; x_wconf 80' lang='lat' dir='ltr'><strong>foetum</strong></span> <span class='ocrx_word' id='word_1_158' title='bbox 354 2287 457 2366; x_wconf 90' lang='lat' dir='ltr'><strong>esset,</strong></span> <span class='ocrx_word' id='word_1_159' title='bbox 483 2304 525 2350; x_wconf 86' lang='lat' dir='ltr'><strong>ex</strong></span> <span class='ocrx_word' id='word_1_160' title='bbox 549 2281 710 2351; x_wconf 85' lang='lat' dir='ltr'><strong>doetrius</strong></span> <span class='ocrx_word' id='word_1_161' title='bbox 732 2281 929 2372; x_wconf 79' lang='lat' dir='ltr'><strong>Augustini</strong></span> <span class='ocrx_word' id='word_1_162' title='bbox 945 2282 1040 2351; x_wconf 88' lang='lat' dir='ltr'><strong>Deus</strong></span> <span class='ocrx_word' id='word_1_163' title='bbox 1056 2303 1165 2374; x_wconf 83' lang='lat' dir='ltr'><strong>aeque</strong></span> <span class='ocrx_word' id='word_1_164' title='bbox 1182 2303 1235 2351; x_wconf 89' lang='lat' dir='ltr'><strong>oo·</strong></span> 
     </span>
     <span class='ocr_line' id='line_1_20' title="bbox 63 2388 1238 2480; baseline 0.002 -25"><span class='ocrx_word' id='word_1_165' title='bbox 63 2388 245 2475; x_wconf 75' lang='lat' dir='ltr'><strong>guovisset</strong></span> <span class='ocrx_word' id='word_1_166' title='bbox 266 2389 385 2460; x_wconf 76' lang='lat' dir='ltr'><strong>eodem</strong></span> <span class='ocrx_word' id='word_1_167' title='bbox 408 2389 523 2458; x_wconf 83' lang='lat' dir='ltr'><strong>omnio</strong></span> <span class='ocrx_word' id='word_1_168' title='bbox 545 2395 689 2480; x_wconf 78' lang='lat' dir='ltr'><strong>peooote</strong></span> <span class='ocrx_word' id='word_1_169' title='bbox 713 2390 824 2459; x_wconf 84' lang='lat' dir='ltr'><strong>fuisse</strong></span> <span class='ocrx_word' id='word_1_170' title='bbox 848 2391 974 2460; x_wconf 84' lang='lat' dir='ltr'><strong>futuro</strong></span> <span class='ocrx_word' id='word_1_171' title='bbox 988 2391 1054 2458; x_wconf 87' lang='lat' dir='ltr'><strong>sub</strong></span> <span class='ocrx_word' id='word_1_172' title='bbox 1069 2388 1238 2459; x_wconf 89' lang='lat' dir='ltr'><strong>oouditio·</strong></span> 
     </span>
     <span class='ocr_line' id='line_1_21' title="bbox 63 2493 1238 2591; baseline 0.002 -27"><span class='ocrx_word' id='word_1_173' title='bbox 63 2493 174 2581; x_wconf 87' lang='lat' dir='ltr'><strong>uibus,</strong></span> <span class='ocrx_word' id='word_1_174' title='bbox 203 2519 295 2590; x_wconf 84' lang='lat' dir='ltr'><strong>queo</strong></span> <span class='ocrx_word' id='word_1_175' title='bbox 318 2519 507 2591; x_wconf 73' lang='lat' dir='ltr'><strong>numquam</strong></span> <span class='ocrx_word' id='word_1_176' title='bbox 531 2499 766 2570; x_wconf 86' lang='lat' dir='ltr'><strong>verifioeudee</strong></span> <span class='ocrx_word' id='word_1_177' title='bbox 789 2503 923 2582; x_wconf 85' lang='lat' dir='ltr'><strong>essent,</strong></span> <span class='ocrx_word' id='word_1_178' title='bbox 950 2498 1045 2568; x_wconf 86' lang='lat' dir='ltr'><strong>siout</strong></span> <span class='ocrx_word' id='word_1_179' title='bbox 1067 2519 1161 2566; x_wconf 90' lang='lat' dir='ltr'><strong>nuno</strong></span> <span class='ocrx_word' id='word_1_180' title='bbox 1185 2518 1238 2566; x_wconf 86' lang='lat' dir='ltr'><strong>eo·</strong></span> 
     </span>
     <span class='ocr_line' id='line_1_22' title="bbox 62 2604 1237 2697; baseline 0.003 -27"><span class='ocrx_word' id='word_1_181' title='bbox 62 2605 198 2691; x_wconf 75' lang='lat' dir='ltr'><strong>gnosoit</strong></span> <span class='ocrx_word' id='word_1_182' title='bbox 220 2604 307 2675; x_wconf 84' lang='lat' dir='ltr'><strong>hese</strong></span> <span class='ocrx_word' id='word_1_183' title='bbox 329 2613 475 2697; x_wconf 60' lang='lat' dir='ltr'><strong>psoomu</strong></span> <span class='ocrx_word' id='word_1_184' title='bbox 497 2613 539 2676; x_wconf 91' lang='lat' dir='ltr'><strong>ut</strong></span> <span class='ocrx_word' id='word_1_185' title='bbox 560 2606 719 2678; x_wconf 82' lang='lat' dir='ltr'><strong>absolute</strong></span> <span class='ocrx_word' id='word_1_186' title='bbox 742 2609 886 2691; x_wconf 85' lang='lat' dir='ltr'><strong>future,</strong></span> <span class='ocrx_word' id='word_1_187' title='bbox 913 2605 996 2676; x_wconf 91' lang='lat' dir='ltr'><strong>dum</strong></span> <span class='ocrx_word' id='word_1_188' title='bbox 1019 2604 1237 2674; x_wconf 75' lang='lat' dir='ltr'><strong>conditiones</strong></span> 
     </span>
     <span class='ocr_line' id='line_1_23' title="bbox 63 2712 1236 2800; baseline 0.003 -23"><span class='ocrx_word' id='word_1_189' title='bbox 63 2724 305 2800; x_wconf 80' lang='lat' dir='ltr'><strong>supponuntur</strong></span> <span class='ocrx_word' id='word_1_190' title='bbox 330 2713 576 2784; x_wconf 77' lang='lat' dir='ltr'><strong>verifloendue.</strong></span> <span class='ocrx_word' id='word_1_191' title='bbox 604 2713 801 2784; x_wconf 79' lang='lat' dir='ltr'><strong>Secundum</strong></span> <span class='ocrx_word' id='word_1_192' title='bbox 824 2713 966 2783; x_wconf 83' lang='lat' dir='ltr'><strong>eundem</strong></span> <span class='ocrx_word' id='word_1_193' title='bbox 990 2712 1160 2781; x_wconf 80' lang='lat' dir='ltr'><strong>ustionem</strong></span> <span class='ocrx_word' id='word_1_194' title='bbox 1184 2712 1236 2780; x_wconf 92' lang='lat' dir='ltr'><strong>iu-</strong></span> 
     </span>
     <span class='ocr_line' id='line_1_24' title="bbox 62 2817 1235 2913; baseline 0 -27"><span class='ocrx_word' id='word_1_195' title='bbox 62 2817 175 2910; x_wconf 78' lang='lat' dir='ltr'><strong>telligi</strong></span> <span class='ocrx_word' id='word_1_196' title='bbox 199 2819 277 2890; x_wconf 89' lang='lat' dir='ltr'><strong>siue</strong></span> <span class='ocrx_word' id='word_1_197' title='bbox 299 2821 405 2890; x_wconf 90' lang='lat' dir='ltr'><strong>dubio</strong></span> <span class='ocrx_word' id='word_1_198' title='bbox 428 2821 530 2892; x_wconf 88' lang='lat' dir='ltr'><strong>debet</strong></span> <span class='ocrx_word' id='word_1_199' title='bbox 552 2821 712 2907; x_wconf 82' lang='lat' dir='ltr'><strong>soieutio,</strong></span> <span class='ocrx_word' id='word_1_200' title='bbox 738 2821 775 2888; x_wconf 93' lang='lat' dir='ltr'><strong>in</strong></span> <span class='ocrx_word' id='word_1_201' title='bbox 799 2841 870 2913; x_wconf 85' lang='lat' dir='ltr'><strong>qus</strong></span> <span class='ocrx_word' id='word_1_202' title='bbox 892 2821 988 2890; x_wconf 91' lang='lat' dir='ltr'><strong>Deus</strong></span> <span class='ocrx_word' id='word_1_203' title='bbox 1002 2821 1140 2888; x_wconf 85' lang='lat' dir='ltr'><strong>ooufert</strong></span> <span class='ocrx_word' id='word_1_204' title='bbox 1155 2839 1235 2909; x_wconf 81' lang='lat' dir='ltr'><strong>grs-</strong></span> 
     </span>
     <span class='ocr_line' id='line_1_25' title="bbox 62 2924 1232 3018; baseline 0 -24"><span class='ocrx_word' id='word_1_205' title='bbox 62 2924 142 2994; x_wconf 81' lang='lat' dir='ltr'><strong>tium</strong></span> <span class='ocrx_word' id='word_1_206' title='bbox 165 2928 450 3018; x_wconf 77' lang='lat' dir='ltr'><strong>praevenientem</strong></span> <span class='ocrx_word' id='word_1_207' title='bbox 474 2927 672 2998; x_wconf 74' lang='lat' dir='ltr'><strong>formaliter</strong></span> <span class='ocrx_word' id='word_1_208' title='bbox 702 2934 744 2998; x_wconf 91' lang='lat' dir='ltr'><strong>ut</strong></span> <span class='ocrx_word' id='word_1_209' title='bbox 766 2949 955 3018; x_wconf 79' lang='lat' dir='ltr'><strong>oougruum</strong></span> <span class='ocrx_word' id='word_1_210' title='bbox 978 2932 1015 2996; x_wconf 89' lang='lat' dir='ltr'><strong>et</strong></span> <span class='ocrx_word' id='word_1_211' title='bbox 1036 2927 1232 2996; x_wconf 84' lang='lat' dir='ltr'><strong>effioooem:</strong></span> 
     </span>
     <span class='ocr_line' id='line_1_26' title="bbox 66 3032 1234 3120; baseline 0.001 -19"><span class='ocrx_word' id='word_1_212' title='bbox 66 3032 192 3102; x_wconf 70' lang='lat' dir='ltr'><strong>eonius</strong></span> <span class='ocrx_word' id='word_1_213' title='bbox 204 3033 393 3103; x_wconf 84' lang='lat' dir='ltr'><strong>miseretur</strong></span> <span class='ocrx_word' id='word_1_214' title='bbox 407 3034 646 3120; x_wconf 80' lang='lat' dir='ltr'><strong>(miseratione</strong></span> <span class='ocrx_word' id='word_1_215' title='bbox 659 3034 901 3104; x_wconf 78' lang='lat' dir='ltr'><strong>infallibiliter</strong></span> <span class='ocrx_word' id='word_1_216' title='bbox 913 3055 1003 3104; x_wconf 85' lang='lat' dir='ltr'><strong>noxe</strong></span> <span class='ocrx_word' id='word_1_217' title='bbox 1016 3056 1093 3103; x_wconf 88' lang='lat' dir='ltr'><strong>oum</strong></span> <span class='ocrx_word' id='word_1_218' title='bbox 1106 3034 1234 3102; x_wconf 86' lang='lat' dir='ltr'><strong>effsotu</strong></span> 
     </span>
     <span class='ocr_line' id='line_1_27' title="bbox 62 3140 1233 3232; baseline 0.002 -24"><span class='ocrx_word' id='word_1_219' title='bbox 62 3141 95 3203; x_wconf 79' lang='lat' dir='ltr'><strong>et</strong></span> <span class='ocrx_word' id='word_1_220' title='bbox 116 3161 195 3210; x_wconf 85' lang='lat' dir='ltr'><strong>eum</strong></span> <span class='ocrx_word' id='word_1_221' title='bbox 218 3140 299 3224; x_wconf 84' lang='lat' dir='ltr'><strong>fine,</strong></span> <span class='ocrx_word' id='word_1_222' title='bbox 325 3141 369 3210; x_wconf 80' lang='lat' dir='ltr'><strong>ed</strong></span> <span class='ocrx_word' id='word_1_223' title='bbox 394 3163 494 3232; x_wconf 92' lang='lat' dir='ltr'><strong>quem</strong></span> <span class='ocrx_word' id='word_1_224' title='bbox 518 3165 580 3232; x_wconf 87' lang='lat' dir='ltr'><strong>per</strong></span> <span class='ocrx_word' id='word_1_225' title='bbox 603 3165 640 3212; x_wconf 87' lang='lat' dir='ltr'><strong>se</strong></span> <span class='ocrx_word' id='word_1_226' title='bbox 661 3149 700 3210; x_wconf 89' lang='lat' dir='ltr'><strong>et</strong></span> <span class='ocrx_word' id='word_1_227' title='bbox 721 3164 763 3210; x_wconf 86' lang='lat' dir='ltr'><strong>ex</strong></span> <span class='ocrx_word' id='word_1_228' title='bbox 787 3147 887 3232; x_wconf 87' lang='lat' dir='ltr'><strong>perte</strong></span> <span class='ocrx_word' id='word_1_229' title='bbox 909 3143 975 3211; x_wconf 90' lang='lat' dir='ltr'><strong>Dei</strong></span> <span class='ocrx_word' id='word_1_230' title='bbox 999 3141 1109 3212; x_wconf 90' lang='lat' dir='ltr'><strong>omnis</strong></span> <span class='ocrx_word' id='word_1_231' title='bbox 1133 3141 1233 3210; x_wconf 83' lang='lat' dir='ltr'><strong>mise·</strong></span> 
     </span>
     <span class='ocr_line' id='line_1_28' title="bbox 64 3235 1304 3341; baseline 0.001 -30"><span class='ocrx_word' id='word_1_232' title='bbox 64 3245 148 3314; x_wconf 81' lang='lat' dir='ltr'><strong>rstio</strong></span> <span class='ocrx_word' id='word_1_233' title='bbox 171 3246 316 3332; x_wconf 84' lang='lat' dir='ltr'><strong>tendit),</strong></span> <span class='ocrx_word' id='word_1_234' title='bbox 342 3247 392 3316; x_wconf 85' lang='lat' dir='ltr'><strong>siu</strong></span> <span class='ocrx_word' id='word_1_235' title='bbox 416 3270 494 3320; x_wconf 82' lang='lat' dir='ltr'><strong>eum</strong></span> <span class='ocrx_word' id='word_1_236' title='bbox 518 3255 633 3334; x_wconf 78' lang='lat' dir='ltr'><strong>voest,</strong></span> <span class='ocrx_word' id='word_1_237' title='bbox 661 3248 823 3341; x_wconf 79' lang='lat' dir='ltr'><strong>quomodo</strong></span> <span class='ocrx_word' id='word_1_238' title='bbox 846 3252 912 3316; x_wconf 77' lang='lat' dir='ltr'><strong>soit</strong></span> <span class='ocrx_word' id='word_1_239' title='bbox 928 3252 960 3316; x_wconf 81' lang='lat' dir='ltr'><strong>ei</strong></span> <span class='ocrx_word' id='word_1_240' title='bbox 983 3273 1176 3340; x_wconf 67' lang='lat' dir='ltr'><strong>conponere,</strong></span> <span class='ocrx_word' id='word_1_241' title='bbox 1194 3261 1233 3314; x_wconf 79' lang='lat' dir='ltr'><strong>ut</strong></span> <span class='ocrx_word' id='word_1_242' title='bbox 1298 3235 1304 3256; x_wconf 63' lang='lat'>⁸</span> 
     </span>
     <span class='ocr_line' id='line_1_29' title="bbox 63 3356 1231 3449; baseline 0.008 -32"><span class='ocrx_word' id='word_1_243' title='bbox 63 3369 229 3422; x_wconf 72' lang='lat' dir='ltr'><strong>uocantem</strong></span> <span class='ocrx_word' id='word_1_244' title='bbox 250 3379 318 3421; x_wconf 74' lang='lat' dir='ltr'><strong>non</strong></span> <span class='ocrx_word' id='word_1_245' title='bbox 340 3371 512 3446; x_wconf 70' lang='lat' dir='ltr'><strong>respuat»</strong></span> <span class='ocrx_word' id='word_1_246' title='bbox 530 3358 575 3426; x_wconf 88' lang='lat' dir='ltr'><strong>ed</strong></span> <span class='ocrx_word' id='word_1_247' title='bbox 593 3356 717 3448; x_wconf 89' lang='lat' dir='ltr'><strong>Simpl.</strong></span> <span class='ocrx_word' id='word_1_248' title='bbox 736 3356 762 3425; x_wconf 93' lang='lat' dir='ltr'><strong>l.</strong></span> <span class='ocrx_word' id='word_1_249' title='bbox 776 3358 807 3426; x_wconf 92' lang='lat'><strong>1.</strong></span> <span class='ocrx_word' id='word_1_250' title='bbox 826 3382 859 3449; x_wconf 93' lang='lat' dir='ltr'><strong>q.</strong></span> <span class='ocrx_word' id='word_1_251' title='bbox 874 3357 908 3426; x_wconf 81' lang='lat'><strong>2.</strong></span> <span class='ocrx_word' id='word_1_252' title='bbox 936 3356 1004 3426; x_wconf 84' lang='lat' dir='ltr'><strong>Sed</strong></span> <span class='ocrx_word' id='word_1_253' title='bbox 1028 3357 1153 3430; x_wconf 82' lang='lat' dir='ltr'><strong>dehao</strong></span> <span class='ocrx_word' id='word_1_254' title='bbox 1171 3378 1231 3426; x_wconf 88' lang='lat' dir='ltr'><strong>vo-</strong></span> 
     </span>
     <span class='ocr_line' id='line_1_30' title="bbox 64 3461 1231 3557; baseline 0.006 -30"><span class='ocrx_word' id='word_1_255' title='bbox 64 3461 206 3531; x_wconf 86' lang='lat' dir='ltr'><strong>oetionis</strong></span> <span class='ocrx_word' id='word_1_256' title='bbox 229 3462 366 3532; x_wconf 79' lang='lat' dir='ltr'><strong>ratione</strong></span> <span class='ocrx_word' id='word_1_257' title='bbox 389 3486 483 3534; x_wconf 89' lang='lat' dir='ltr'><strong>nuno</strong></span> <span class='ocrx_word' id='word_1_258' title='bbox 505 3464 711 3554; x_wconf 74' lang='lat' dir='ltr'><strong>disputandi</strong></span> <span class='ocrx_word' id='word_1_259' title='bbox 734 3486 844 3556; x_wconf 82' lang='lat' dir='ltr'><strong>usque</strong></span> <span class='ocrx_word' id='word_1_260' title='bbox 860 3464 958 3535; x_wconf 84' lang='lat' dir='ltr'><strong>loeus</strong></span> <span class='ocrx_word' id='word_1_261' title='bbox 975 3472 1157 3557; x_wconf 84' lang='lat' dir='ltr'><strong>estusque</strong></span> <span class='ocrx_word' id='word_1_262' title='bbox 1172 3486 1231 3534; x_wconf 88' lang='lat' dir='ltr'><strong>ne-</strong></span> 
     </span>
     <span class='ocr_line' id='line_1_31' title="bbox 65 3569 214 3639; baseline 0.034 -5"><span class='ocrx_word' id='word_1_263' title='bbox 65 3569 214 3639; x_wconf 81' lang='lat' dir='ltr'><strong>ueeeites.</strong></span> 
     </span>
    </p>

    <p class='ocr_par' dir='ltr' id='par_1_3' title="bbox 65 3675 1228 4199">
     <span class='ocr_line' id='line_1_32' title="bbox 121 3675 1227 3748; baseline 0.002 -4"><span class='ocrx_word' id='word_1_264' title='bbox 121 3675 310 3746; x_wconf 76' lang='lat' dir='ltr'><strong>Praetereo</strong></span> <span class='ocrx_word' id='word_1_265' title='bbox 332 3675 423 3746; x_wconf 80' lang='lat' dir='ltr'><strong>hano</strong></span> <span class='ocrx_word' id='word_1_266' title='bbox 446 3677 615 3747; x_wconf 80' lang='lat' dir='ltr'><strong>seleutius</strong></span> <span class='ocrx_word' id='word_1_267' title='bbox 638 3676 956 3747; x_wconf 76' lang='lat' dir='ltr'><strong>conditionatorum</strong></span> <span class='ocrx_word' id='word_1_268' title='bbox 980 3677 1227 3748; x_wconf 74' lang='lat' dir='ltr'><strong>tortitudinem</strong></span> 
     </span>
     <span class='ocr_line' id='line_1_33' title="bbox 65 3777 1226 3878; baseline 0.005 -32"><span class='ocrx_word' id='word_1_269' title='bbox 65 3777 281 3872; x_wconf 81' lang='lat' dir='ltr'><strong>Augustinus</strong></span> <span class='ocrx_word' id='word_1_270' title='bbox 290 3781 453 3876; x_wconf 88' lang='lat' dir='ltr'><strong>proponit</strong></span> <span class='ocrx_word' id='word_1_271' title='bbox 464 3807 532 3853; x_wconf 90' lang='lat' dir='ltr'><strong>uon</strong></span> <span class='ocrx_word' id='word_1_272' title='bbox 542 3785 657 3854; x_wconf 88' lang='lat' dir='ltr'><strong>minus</strong></span> <span class='ocrx_word' id='word_1_273' title='bbox 667 3791 911 3856; x_wconf 77' lang='lat' dir='ltr'><strong>asseveranter</strong></span> <span class='ocrx_word' id='word_1_274' title='bbox 920 3785 1032 3878; x_wconf 83' lang='lat' dir='ltr'><strong>quood</strong></span> <span class='ocrx_word' id='word_1_275' title='bbox 1043 3809 1101 3854; x_wconf 88' lang='lat' dir='ltr'><strong>eos</strong></span> <span class='ocrx_word' id='word_1_276' title='bbox 1113 3791 1226 3870; x_wconf 81' lang='lat' dir='ltr'><strong>notus,</strong></span> 
     </span>
     <span class='ocr_line' id='line_1_34' title="bbox 66 3889 1224 3986; baseline 0.003 -28"><span class='ocrx_word' id='word_1_277' title='bbox 66 3889 118 3978; x_wconf 86' lang='lat' dir='ltr'><strong>qui</strong></span> <span class='ocrx_word' id='word_1_278' title='bbox 139 3891 297 3962; x_wconf 84' lang='lat' dir='ltr'><strong>obsolute</strong></span> <span class='ocrx_word' id='word_1_279' title='bbox 320 3915 509 3986; x_wconf 81' lang='lat' dir='ltr'><strong>numquam</strong></span> <span class='ocrx_word' id='word_1_280' title='bbox 533 3899 618 3962; x_wconf 89' lang='lat' dir='ltr'><strong>sunt</strong></span> <span class='ocrx_word' id='word_1_281' title='bbox 640 3893 776 3982; x_wconf 83' lang='lat' dir='ltr'><strong>futuri;</strong></span> <span class='ocrx_word' id='word_1_282' title='bbox 796 3894 950 3964; x_wconf 85' lang='lat' dir='ltr'><strong>fuissent</strong></span> <span class='ocrx_word' id='word_1_283' title='bbox 964 3901 1080 3962; x_wconf 82' lang='lat' dir='ltr'><strong>tumen</strong></span> <span class='ocrx_word' id='word_1_284' title='bbox 1096 3892 1224 3979; x_wconf 85' lang='lat' dir='ltr'><strong>futuri,</strong></span> 
     </span>
     <span class='ocr_line' id='line_1_35' title="bbox 67 3994 1225 4094; baseline 0.007 -33"><span class='ocrx_word' id='word_1_285' title='bbox 67 3994 256 4070; x_wconf 85' lang='lat' dir='ltr'><strong>eleonditio</strong></span> <span class='ocrx_word' id='word_1_286' title='bbox 278 4000 399 4094; x_wconf 81' lang='lat' dir='ltr'><strong>ulique</strong></span> <span class='ocrx_word' id='word_1_287' title='bbox 414 4001 597 4072; x_wconf 82' lang='lat' dir='ltr'><strong>veritioete</strong></span> <span class='ocrx_word' id='word_1_288' title='bbox 612 4001 751 4072; x_wconf 85' lang='lat' dir='ltr'><strong>fuisset.</strong></span> <span class='ocrx_word' id='word_1_289' title='bbox 772 4001 831 4071; x_wconf 88' lang='lat' dir='ltr'><strong>Sio</strong></span> <span class='ocrx_word' id='word_1_290' title='bbox 846 4023 1015 4094; x_wconf 80' lang='lat' dir='ltr'><strong>quaereus</strong></span> <span class='ocrx_word' id='word_1_291' title='bbox 1033 3999 1069 4070; x_wconf 79' lang='lat' dir='ltr'><strong>S.</strong></span> <span class='ocrx_word' id='word_1_292' title='bbox 1084 4000 1225 4084; x_wconf 85' lang='lat' dir='ltr'><strong>Dootor,</strong></span> 
     </span>
     <span class='ocr_line' id='line_1_36' title="bbox 67 4104 1228 4199; baseline 0.009 -33"><span class='ocrx_word' id='word_1_293' title='bbox 67 4121 120 4170; x_wconf 84' lang='lat' dir='ltr'><strong>our</strong></span> <span class='ocrx_word' id='word_1_294' title='bbox 140 4104 304 4176; x_wconf 82' lang='lat' dir='ltr'><strong>Christus</strong></span> <span class='ocrx_word' id='word_1_295' title='bbox 327 4107 499 4178; x_wconf 89' lang='lat' dir='ltr'><strong>homiuem</strong></span> <span class='ocrx_word' id='word_1_296' title='bbox 514 4108 601 4178; x_wconf 80' lang='grc' dir='ltr'><strong>Ιιιιο.</strong></span> <span class='ocrx_word' id='word_1_297' title='bbox 620 4107 686 4176; x_wconf 86' lang='grc' dir='ltr'><strong>ΙΧ.</strong></span> <span class='ocrx_word' id='word_1_298' title='bbox 704 4109 760 4176; x_wconf 82' lang='grc'><strong>57.</strong></span> <span class='ocrx_word' id='word_1_299' title='bbox 779 4109 947 4199; x_wconf 85' lang='lat' dir='ltr'><strong>seipsum</strong></span> <span class='ocrx_word' id='word_1_300' title='bbox 965 4108 1061 4177; x_wconf 85' lang='lat' dir='ltr'><strong>ultro</strong></span> <span class='ocrx_word' id='word_1_301' title='bbox 1082 4109 1228 4178; x_wconf 84' lang='lat' dir='ltr'><strong>offeren-</strong></span> 
     </span>
    </p>
   </div>
   <div class='ocr_carea' id='block_1_2' title="bbox 69 4209 1228 4520">
    <p class='ocr_par' dir='ltr' id='par_1_4' title="bbox 69 4209 1228 4520">
     <span class='ocr_line' id='line_1_37' title="bbox 69 4209 1228 4305; baseline 0.006 -32"><span class='ocrx_word' id='word_1_302' title='bbox 69 4209 127 4273; x_wconf 80' lang='lat' dir='ltr'><strong>tem</strong></span> <span class='ocrx_word' id='word_1_303' title='bbox 148 4209 240 4280; x_wconf 87' lang='lat' dir='ltr'><strong>inter</strong></span> <span class='ocrx_word' id='word_1_304' title='bbox 263 4210 455 4303; x_wconf 74' lang='lat' dir='ltr'><strong>discipulos</strong></span> <span class='ocrx_word' id='word_1_305' title='bbox 477 4234 546 4280; x_wconf 90' lang='lat' dir='ltr'><strong>uon</strong></span> <span class='ocrx_word' id='word_1_306' title='bbox 568 4212 762 4298; x_wconf 73' lang='lat' dir='ltr'><strong>admiserit,</strong></span> <span class='ocrx_word' id='word_1_307' title='bbox 788 4213 958 4281; x_wconf 80' lang='lat' dir='ltr'><strong>rationem</strong></span> <span class='ocrx_word' id='word_1_308' title='bbox 974 4213 1092 4282; x_wconf 83' lang='lat' dir='ltr'><strong>effert:</strong></span> <span class='ocrx_word' id='word_1_309' title='bbox 1114 4214 1228 4305; x_wconf 76' lang='lat' dir='ltr'><strong>aquis</strong></span> 
     </span>
     <span class='ocr_line' id='line_1_38' title="bbox 69 4310 1227 4412; baseline 0.005 -30"><span class='ocrx_word' id='word_1_310' title='bbox 69 4310 142 4382; x_wconf 74' lang='lat' dir='ltr'><strong>telis</strong></span> <span class='ocrx_word' id='word_1_311' title='bbox 163 4319 333 4408; x_wconf 78' lang='lat' dir='ltr'><strong>magister</strong></span> <span class='ocrx_word' id='word_1_312' title='bbox 356 4323 451 4406; x_wconf 84' lang='lat' dir='ltr'><strong>eret,</strong></span> <span class='ocrx_word' id='word_1_313' title='bbox 484 4321 548 4412; x_wconf 79' lang='lat' dir='ltr'><strong>qui</strong></span> <span class='ocrx_word' id='word_1_314' title='bbox 573 4319 705 4406; x_wconf 79' lang='lat' dir='ltr'><strong>fotura</strong></span> <span class='ocrx_word' id='word_1_315' title='bbox 722 4317 960 4410; x_wconf 77' lang='lat' dir='ltr'><strong>praevideret,</strong></span> <span class='ocrx_word' id='word_1_316' title='bbox 993 4319 1227 4410; x_wconf 84' lang='lat' dir='ltr'><strong>intelligimus</strong></span> 
     </span>
     <span class='ocr_line' id='line_1_39' title="bbox 71 4415 1226 4520; baseline 0.007 -34"><span class='ocrx_word' id='word_1_317' title='bbox 71 4415 164 4491; x_wconf 77' lang='lat' dir='ltr'><strong>istum</strong></span> <span class='ocrx_word' id='word_1_318' title='bbox 185 4423 376 4513; x_wconf 86' lang='lat' dir='ltr'><strong>hominem,</strong></span> <span class='ocrx_word' id='word_1_319' title='bbox 402 4431 436 4494; x_wconf 78' lang='lat' dir='ltr'><strong>ei</strong></span> <span class='ocrx_word' id='word_1_320' title='bbox 457 4441 653 4518; x_wconf 72' lang='lat' dir='ltr'><strong>sequeretur</strong></span> <span class='ocrx_word' id='word_1_321' title='bbox 677 4425 874 4510; x_wconf 71' lang='lat' dir='ltr'><strong>Uiriatum,</strong></span> <span class='ocrx_word' id='word_1_322' title='bbox 899 4451 962 4496; x_wconf 75' lang='lat' dir='ltr'><strong>ouo</strong></span> <span class='ocrx_word' id='word_1_323' title='bbox 991 4429 1226 4520; x_wconf 66' lang='lat' dir='ltr'><strong>quaesitorum</strong></span> 
     </span>
    </p>
   </div>
   <div class='ocr_carea' id='block_1_3' title="bbox 0 0 1641 5076">
    <p class='ocr_par' dir='ltr' id='par_1_5' title="bbox 0 0 1641 5076">
     <span class='ocr_line' id='line_1_40' title="bbox 0 0 1641 5076; baseline 0 0"><span class='ocrx_word' id='word_1_324' title='bbox 0 0 1641 5076; x_wconf 95' lang='lat' dir='ltr'><strong> </strong></span> 
     </span>
    </p>
   </div>
  </div>
 </body>
</html>
