3224 5068
531 389 569 404 -
590 357 651 418 353
671 390 709 403 -

41 465 97 533 bns
118 465 156 533 in
181 465 424 548 indefinitum,
449 469 504 532 est
525 461 695 553 perfectio
717 461 855 530 inclusa
883 461 921 530 in
943 463 1104 533 absolute
1123 489 1206 568 per-

41 575 185 641 fectione
208 572 287 641 Dei.

96 681 193 749 Bene
215 688 331 749 antem
347 680 555 749 advertatur
571 678 616 746 ad
633 678 905 768 praecavendam
929 680 1215 770 ambiguitatem„

39 787 265 877 praesentiam
290 786 360 854 dici
383 810 481 876 posse
497 786 700 876 dupliciter:
719 790 755 872 o)
769 792 809 854 nt
824 794 988 854 connotat
1011 783 1204 856 creaturam

38 892 177 959 realiter
200 891 457 960 coexistentem.
485 892 558 960 Hoc
583 890 680 958 modo
704 890 997 978 omnipraesentia
1020 898 1075 960 est
1105 895 1207 962 attri-

39 1000 155 1066 butum
179 997 369 1066 relativum
393 997 437 1066 ad
461 1007 573 1082 extra,
593 1005 629 1066 et
644 997 779 1066 ratione
802 998 943 1066 termini
968 1001 1207 1089 contingentis

39 1125 100 1170 non
125 1103 253 1170 nisiex
271 1101 457 1192 hypothesi
479 1101 694 1188 necessaria;
711 1101 746 1168 in
764 1100 951 1190 hypothesi
974 1113 1090 1172 eutem
1114 1127 1206 1173 crea·

39 1219 136 1278 turae
152 1209 351 1293 existentis,
362 1211 556 1278 necessario
572 1209 797 1300 consequitur
809 1210 1100 1298 omnipraesentia
1118 1212 1204 1282 rela-

40 1318 110 1384 tiva
128 1339 169 1384 ex
184 1316 347 1385 absoluta
359 1317 570 1406 perfectione
586 1316 678 1384 entis
687 1316 748 1402 (cf.
761 1337 865 1406 supra
876 1341 908 1406 p.
921 1317 1083 1385 357.258.
1095 1318 1203 1406 au).

40 1423 104 1490 Nos
127 1431 246 1491 autem
271 1445 338 1490 non
363 1423 404 1490 de
429 1424 580 1491 relativo
603 1423 663 1491 sed
679 1423 720 1491 de
736 1423 895 1490 absoluto
919 1425 1091 1492 attributo
1114 1449 1205 1496 nunc

42 1531 186 1618 agimus.
200 1530 325 1622 Itaque
337 1531 370 1615 h)
386 1531 585 1619 praesentia
600 1535 716 1619 potest
732 1529 900 1618 intelligi,
916 1538 1026 1598 otest
1041 1532 1207 1620 perfectio

41 1638 201 1706 absoluta
219 1639 257 1704 in
273 1639 355 1706 Deo.
374 1621 453 1706 Hoc¹
472 1639 569 1706 modo
585 1647 639 1705 est
654 1639 768 1727 ipsum
791 1637 988 1705 absolutum
1005 1639 1093 1704 Esse
1116 1635 1207 1708 divi·

42 1767 116 1813 num
139 1744 362 1812 illimitatnm
384 1743 422 1810 in
446 1743 667 1833 praesentia,
694 1765 795 1834 quam
820 1766 881 1810 nos
906 1743 1123 1812 declaramus
1146 1767 1207 1835 per

42 1850 369 1940 adsignificationem
385 1851 633 1919 coexistentiae
649 1849 760 1918 solum
776 1851 953 1940 possibilis
966 1857 1206 1921 creaturarum

42 1959 74 2025 in
94 1959 328 2052 indefinitum.
345 1959 478 2027 Dahae
500 1959 614 2048 igitur
632 1962 834 2047 praesentio
857 1981 917 2026 seu
940 1959 1065 2027 melius
1088 1960 1206 2027 adsen-

45 2071 89 2132 tio
112 2067 271 2132 obsoleto
294 2067 355 2152 (cf.
382 2065 513 2134 Suarez
536 2064 735 2156 Metaphys.
754 2065 844 2155 disp.
860 2066 915 2134 30.
935 2073 1019 2135 sect.
1035 2069 1068 2136 7.
1082 2091 1117 2135 u.
1133 2069 1206 2156 35.)

43 2191 128 2237 nunc
150 2168 308 2253 solliciti,
326 2191 400 2236 earn
415 2169 563 2238 dicimus
578 2191 652 2237 esse
668 2169 825 2237 divinam
848 2169 1126 2256 immensitatem,
1146 2195 1207 2262 per

45 2295 138 2364 quam
146 2275 241 2342 Deus
257 2273 311 2342 ita
325 2274 458 2360 existit,
474 2275 630 2342 utnulla
645 2281 808 2344 creatura
819 2277 868 2345 sit
882 2275 1071 2366 possibilis,
1086 2277 1206 2347 nullus

45 2380 213 2468 possibilis
234 2380 344 2465 locus,
370 2381 505 2448 nullum
527 2381 692 2471 possibile
715 2382 880 2472 spatium,
907 2382 1033 2473 quibus
1058 2384 1152 2452 Deus
1176 2385 1206 2452 si

46 2495 154 2556 creata
169 2487 233 2556 illa
248 2487 454 2579 ubicumque
470 2494 506 2557 et
523 2493 799 2580 quantacumque
815 2490 1017 2574 existerent,
1031 2513 1099 2558 uon
1115 2498 1207 2561 esset

45 2595 158 2664 intime
180 2617 342 2686 praesens
370 2597 499 2687 absque
530 2595 620 2664 ulla'
636 2597 693 2664 sui
724 2597 926 2665 mutatione.
957 2597 1012 2664 Of.
1046 2598 1203 2668 Aneelm.

45 2703 208 2792 Horolog.
227 2726 258 2772 c.
272 2701 328 2772 23.

105 2803 245 2894 In'hac‚
271 2831 372 2902 qnam
396 2809 494 2878 modo
517 2809 685 2895 dedimus,
711 2810 850 2879 notione
872 2810 1118 2881 immensitatis
1140 2813 1206 2882 Dei

47 2918 129 2986 forte
158 2918 400 3008 conquiescere
431 2939 626 3006 possemus,
659 2917 744 3009 quin
767 2939 1010 3008 quaereremus
1034 2919 1203 3007 ulterius,

48 3023 125 3114 quid
145 3048 184 3090 eo
207 3027 266 3093 eit.
292 3025 343 3092 Re
371 3030 488 3092 tumen
510 3045 594 3092 vera
624 3025 713 3094 hanc
736 3025 910 3093 notionem
941 3047 1016 3094 esee
1046 3027 1206 3117 imperfa-

49 3133 239 3214 ctissimam,
258 3130 404 3222 quisque
420 3129 524 3198 facile
541 3131 660 3201 sentit.
680 3131 881 3222 Explicatio
904 3132 994 3200 enim
1014 3135 1087 3203 fere
1109 3153 1206 3224 repe·

49 3239 129 3307 titur
149 3262 192 3308 ex
215 3239 384 3308 relatione
400 3237 548 3305 rationis
563 3239 609 3306 ad
624 3245 803 3307 creaturas
826 3239 1009 3328 possibiles
1026 3241 1095 3326 vel,
1115 3241 1205 3332 quod

50 3347 178 3434 perinde
201 3351 266 3428 est,
292 3345 335 3412 ad
359 3345 434 3413 loca
457 3353 493 3413 et
516 3345 632 3434 spatia
655 3341 836 3434 possibilia
852 3347 1020 3436 (spatium
1036 3347 1206 3437 imagina-
1343 3381 1347 3392 ·

52 3453 131 3520 rium
152 3453 308 3537 dicunt);
334 3451 597 3520 fundamentum
620 3457 735 3519 autem
759 3452 865 3520 huius
888 3453 1089 3538 relationis,
1115 3453 1206 3544 quod

53 3559 150 3627 solum
167 3557 305 3650 proprie
317 3564 372 3625 est
384 3558 595 3625 attributum
611 3558 808 3626 absolutum
822 3559 1080 3644 immensitatis,
1091 3565 1207 3627 manet

54 3665 331 3735 obscurissimum.
363 3664 470 3734 Immo
501 3665 694 3756 periculum
725 3673 804 3750 eet,
838 3688 880 3734 ne
908 3667 1204 3758 (quemadmodum

54 3767 85 3838 S.
106 3773 326 3862 Augustinus
354 3771 422 3838 sibi
452 3771 566 3840 adhuc
596 3771 717 3839 iuveni
746 3772 935 3862 contigisse
966 3779 1090 3841 narrat
1119 3773 1204 3840 Con·

55 3877 213 3948 fess.VlI.
229 3881 280 3964 5.)
297 3879 561 3948 immensitatem
576 3902 618 3947 ex
634 3878 699 3948 hac
716 3865 947 3969 explicatione
971 3879 1205 3970 concipiamus

56 3984 140 4055 velot
159 3985 330 4054 infinitam
353 3985 525 4077 quandam
548 3987 782 4056 extensionem
801 3992 837 4055 et
859 3986 1090 4074 diffusionem;
1111 3985 1204 4053 siuri-

57 4087 126 4160 liter
144 4115 183 4161 ac
206 4092 372 4183 proclivis
394 4098 449 4161 est
463 4115 572 4180 error,
590 4117 657 4186 quo
673 4094 863 4164 aeternitas
887 4093 1083 4183 concipitur
1105 4094 1207 4163 velut

59 4195 214 4268 inlinitum
237 4205 372 4290 tempus
396 4207 433 4269 et
455 4200 595 4270 infinita
618 4202 814 4286 successio,
839 4202 984 4270 dumea
1007 4201 1205 4291 explicatur

62 4326 109 4390 per
128 4308 325 4377 relationem
346 4309 495 4378 rationis
517 4309 561 4380 ad
584 4316 720 4400 tempus
742 4309 905 4400 possibile
922 4309 1012 4396 (sive
1036 4309 1205 4398 imagina-

63 4409 155 4498 rium,
178 4421 219 4483 ut
248 4415 373 4503 aiunt).
399 4415 535 4488 Poterit
565 4418 702 4510 qnidam
733 4417 791 4487 hic
820 4439 918 4488 error
947 4415 1073 4486 indicii
1094 4415 1204 4488 vitari

183 4541 335 4595 &mulin
1021 4543 1056 4596 88
