3262 5076
893 403 931 417 -
953 369 1014 432 530
1034 402 1072 416 -

394 481 489 550 naris
503 478 646 548 humani
661 499 702 548 ac
718 479 871 548 omnium
886 480 1108 569 pereuntium
1121 483 1265 548 mortem
1277 482 1453 546 aeternam
1466 498 1553 568 prae

394 589 639 661 destinaverit.
675 587 803 656 «Tam
834 585 1004 678 frigidum
1035 591 1266 657 commentum
1297 587 1330 656 si
1360 587 1553 678 recipiatur,

306 709 310 716 '
395 701 523 792 inquit,
542 700 603 769 ubi
627 699 697 768 erit
719 697 784 768 illa
806 697 874 766 Dei
896 697 1161 788 omnipotentis,
1188 718 1277 788 quae
1301 696 1489 766 secudum
1509 717 1555 762 ar·

393 831 516 877 canum
541 806 746 890 consilium,
772 805 863 897 quod
887 804 1029 873 aliunde
1053 827 1123 873 non
1145 804 1292 895 pendet,
1318 803 1437 872 omnia
1457 802 1558 870 mode·

391 923 550 986 ratum...
575 915 760 984 Decretum
785 913 965 998 horribile,
993 914 1118 1000 fateor3
1144 913 1299 981 inficiari
1324 918 1444 981 tamen
1469 934 1559 980 nemo
1627 906 1629 908 ’

393 1024 534 1114 poterit,
551 1023 634 1116 quin
650 1021 883 1112 praesciverit
898 1021 1004 1106 Deus,
1020 1043 1118 1114 quam
1132 1021 1266 1090 exitum
1278 1027 1372 1089 esset
1383 1019 1560 1090 habiturus

394 1131 506 1218 bomo,
526 1138 712 1224 antequam
736 1131 852 1221 ipsum
876 1130 1050 1214 conderet,
1068 1135 1105 1199 at
1119 1129 1194 1197 ideo
1217 1130 1461 1218 praesciverit,
1486 1132 1561 1220 puin

395 1239 523 1307 decreto
549 1264 608 1306 auo
632 1243 681 1307 aio
707 1236 883 1306 ordinarit
887 1289 954 1308 .....
982 1239 1055 1307 Nec
1085 1237 1275 1306 absurdum
1307 1235 1426 1305 videri
1455 1237 1558 1320 debet,

395 1350 486 1442 quod
510 1349 612 1434 dico,
638 1347 748 1417 Deum
771 1372 839 1414 non
862 1345 957 1414 modo
975 1349 1086 1438 primi
1110 1348 1258 1413 hominia
1281 1369 1396 1413 cacum
1420 1359 1454 1412 et
1476 1349 1513 1412 ιἰι
1533 1369 1562 1411 eo
1615 1344 1622 1391 ²

388 1473 602 1549 posterorum
622 1461 761 1524 ruinam
783 1455 1006 1546 praevidisse,
1025 1456 1083 1524 aed
1106 1456 1255 1522 arbitrio
1272 1477 1409 1546 quoque
1427 1478 1488 1521 suo
1504 1453 1562 1520 dia-

388 1589 550 1658 penaom
568 1592 584 1628 n
604 1588 634 1634 c.
649 1564 705 1632 23.
726 1587 761 1632 n.
776 1565 809 1632 7.
836 1564 944 1632 Ροιιο
969 1569 1000 1652 o)
1022 1563 1201 1634 exsecutio
1230 1561 1339 1632 huius
1362 1561 1499 1632 decreti
1519 1559 1564 1628 ita

393 1674 510 1758 habet,
537 1677 579 1741 ut
600 1673 696 1742 Deus
719 1695 784 1742 sua
806 1671 1002 1755 voluntate,
1029 1694 1118 1764 quae
1140 1677 1197 1741 est
1218 1694 1336 1741 rerum
1363 1669 1561 1752 necessitas,

394 1777 628 1848 antecedenter
647 1779 763 1847 electis
778 1779 885 1848 donet
901 1778 1117 1848 vocationem
1139 1778 1185 1847 ad
1207 1778 1309 1848 fidem
1333 1783 1371 1848 et
1392 1777 1434 1846 iu
1458 1799 1499 1847 ea
1520 1777 1564 1845 iu·

394 1887 642 1957 stificationem
659 1889 852 1974 (externam
868 1885 1137 1956 declarationem
1152 1885 1348 1972 iustitiae);
1368 1883 1565 1954 anteceden-

392 2003 448 2066 ter
470 1997 666 2086 reprobatis
689 1994 824 2086 gratias
848 2017 964 2064 omnes
987 1999 1113 2084 neget,
1139 2016 1263 2086 eosque
1286 1994 1331 2063 ad
1354 1993 1564 2085 impietatem

394 2104 554 2174 obduret.
573 2103 678 2173 Fides
694 2110 811 2173 autem
836 2109 1019 2196 ceteraque
1043 2103 1134 2174 dona
1157 2103 1194 2172 in
1217 2102 1339 2172 electis
1355 2125 1428 2171 non
1445 2101 1565 2172 babent

394 2213 565 2282 rationem
596 2211 732 2299 meriti,
759 2213 819 2282 sed
843 2219 928 2281 sunt
957 2211 1116 2302 symbola
1137 2232 1179 2280 ac
1201 2211 1407 2280 testimonia
1439 2218 1565 2278 antem·

395 2318 511 2388 dentis
534 2317 726 2388 electionis:
750 2317 886 2407 pariter
908 2319 946 2388 in
969 2317 1125 2408 reprobis
1148 2317 1342 2387 infidelitas
1365 2339 1407 2386 ac
1431 2322 1564 2408 moesta

394 2433 478 2496 sunt
500 2431 602 2495 notae
626 2425 864 2496 antecedentis
886 2425 1153 2516 reprobationis.
1181 2425 1254 2493 «In
1277 2423 1402 2494 electis
1419 2425 1563 2495 vocatio

393 2555 470 2604 nam
493 2541 529 2603 ct
551 2533 836 2604 iustificationum
859 2533 1049 2603 statuimus
1076 2532 1257 2602 electionis
1288 2531 1563 2604 manifestandae

393 2639 633 2711 testimoninm
656 2661 697 2710 ao
721 2639 961 2730 symbolum...
980 2640 1034 2708 ita
1049 2639 1213 2730 reprobos
1235 2638 1294 2708 vel
1317 2661 1339 2707 a
1360 2639 1497 2708 notitia
1516 2635 1563 2706 sui

393 2747 543 2818 nominis
567 2747 623 2818 vel
646 2769 668 2815 a
692 2747 851 2838 Spiritus
879 2747 1002 2818 Sancti
1029 2746 1312 2816 manifestatione
1337 2745 1560 2826 excludendo,

394 2855 496 2948 quale
519 2861 657 2924 maneat
679 2877 738 2924 eoa
761 2854 942 2940 indicium,
961 2854 1042 2924 istis
1058 2853 1173 2924 veluti
1189 2853 1284 2924 notis
1300 2853 1420 2944 aperit
1435 2881 1453 2918 n
1473 2877 1504 2923 c.
1514 2853 1561 2921 21.

394 2987 429 3032 n.
443 2964 475 3031 7.
498 2961 625 3046 «Quos
648 2985 732 3054 ergo
756 2963 792 3030 in
817 2961 913 3032 vitae
944 2961 1188 3032 contumeliam
1211 2969 1248 3031 et
1269 2961 1392 3030 mortis
1423 2961 1563 3032 exitium

395 3071 542 3154 creavit,
562 3077 604 3140 ut
618 3071 692 3140 irae
716 3092 799 3138 suae
823 3091 956 3160 organa
979 3071 1095 3139 forent
1117 3076 1154 3139 et
1175 3069 1382 3139 severitatis
1397 3068 1561 3159 exempla,

394 3199 452 3248 eos
475 3183 517 3245 ut
540 3176 577 3244 in
601 3175 705 3244 finem
730 3199 832 3245 suum
856 3177 1075 3267 perveniant,
1096 3199 1189 3246 nunc
1211 3175 1382 3246 audiendi
1397 3175 1500 3245 verbi
1514 3173 1562 3243 sui
1629 3210 1630 3231 ι

394 3282 566 3352 facultate
590 3283 733 3373 privat,
766 3304 859 3351 nnnc
884 3283 960 3351 eius
985 3281 1244 3373 praedicatione
1267 3281 1382 3373 magis
1405 3285 1562 3351 excaecat

393 3395 430 3459 et
450 3391 716 3482 obstupefacit»
736 3389 959 3460 o.24.n.12.
984 3390 1085 3460 «Nec
1101 3411 1161 3480 per
1179 3412 1215 3458 se
1232 3389 1370 3482 quidem
1390 3385 1561 3480 probabile

393 3501 459 3583 est,
485 3497 560 3566 sola
583 3497 649 3568 Dei
673 3497 910 3589 permissione,
935 3496 1036 3566 nulla
1059 3495 1278 3564 ordinatione
1301 3495 1478 3565 hominem
1501 3495 1559 3563 sibi

393 3605 580 3675 arcessisse
603 3605 844 3674 interitum...
862 3603 940 3674 Non
964 3605 1131 3674 dubitabo
1155 3625 1239 3693 ergo
1262 3627 1341 3673 oum
1363 3604 1559 3694 Augustino

325 3759 331 3774 .
393 3711 449 3800 (de
462 3711 549 3780 Gen.
565 3711 609 3780 ad
621 3711 696 3780 litt.
712 3711 776 3780 VI.
792 3712 866 3798 15.)
889 3711 1098 3802 simpliciter
1121 3710 1239 3796 fetari,
1266 3709 1487 3781 voluntatem
1502 3708 1559 3779 Dei

393 3841 467 3889 esso
482 3841 599 3888 rerum
617 3819 857 3888 necessitatem
871 3845 887 3880 a
907 3817 957 3904 (1)
974 3841 1004 3886 c.
1017 3817 1073 3885 23.
1088 3841 1123 3887 ιι.
1140 3818 1173 3885 8.

458 4029 499 4108 (ι)
517 4035 698 4102 Anaeticus
717 4035 761 4089 ibt
779 4035 842 4100 agit
855 4035 888 4089 de
902 4035 1073 4090 formatione
1086 4035 1172 4104 primi
1185 4035 1308 4089 bomlnis
1321 4051 1357 4089 ax
1376 4035 1447 4090 llmo
1460 4039 1555 4098 utras,

393 4137 450 4176 non
473 4122 508 4175 ds
530 4125 679 4178 voluntate
705 4125 799 4178 libers
821 4125 974 4179 bominum.
999 4125 1030 4179 sl
1054 4126 1086 4178 ln
1107 4125 1175 4178 limo
1193 4129 1288 4178 terrae
1310 4127 1447 4193 primitus
1470 4126 1556 4179 meato

393 4217 456 4266 arat
475 4215 587 4267 tentum
608 4215 799 4282 possibilltns,
818 4216 925 4284 inquit,
947 4231 1003 4268 nun
1017 4219 1112 4269 antam
1131 4218 1297 4284 necessitas,
1312 4220 1346 4270 ut
1365 4231 1400 4270 ex
1414 4221 1491 4271 terra
1510 4217 1555 4268 boc

393 4299 483 4368 modo,
505 4317 560 4368 quo
579 4301 685 4357 factum
704 4307 759 4370 ast,
779 4304 952 4357 formaretur
970 4305 1069 4370 bomo;
1085 4303 1209 4372 profecto
1226 4305 1393 4372 necessitas,
1410 4310 1442 4359 nt
1453 4306 1553 4370 boapo

393 4389 453 4442 tius
467 4404 550 4457 quam
563 4391 622 4446 ullo
635 4391 715 4446 modo
728 4393 908 4460 formaretur,
920 4409 1097 4461 consequens
1109 4397 1173 4447 erat
1184 4393 1221 4448 cd
1235 4415 1248 4442 a
1261 4395 1398 4463 placitum
1413 4394 1550 4458 creatoris,

394 4479 472 4532 euius
490 4483 623 4534 voluntas
640 4499 731 4535 emm
750 4485 896 4538 uacuum·
913 4484 1137 4538 runcinarum
1156 4485 1183 4538 ιι
1202 4485 1277 4540 velit
1300 4486 1375 4540 Dens
1400 4501 1455 4540 uno
1480 4481 1551 4538 modo
