3280 5070
46 515 92 560 ex
116 489 385 584 antiquioribus
415 489 481 560 alii
503 488 607 558 multi
629 491 705 558 tum
736 487 947 558 recentiores
974 487 1120 580 plurimi
1150 489 1234 560 addi

46 603 208 688 possent,
235 602 276 666 nt
298 595 397 688 plene
421 595 575 666 satisfiat
589 595 851 690 requirentibus
866 595 1114 668 austeritatem
1127 595 1232 666 Sobo-

46 706 182 774 larum.
194 705 375 775 Dootioree
391 709 428 773 et
442 703 686 796 prudentiores
700 703 793 772 inter
809 703 1031 776 adversarios
1047 704 1152 795 ipsos,
1172 704 1234 796 qui

46 810 410 902 praedestinationem
432 815 513 878 ante
536 809 698 902 praevisa
713 809 840 878 merite
854 809 1008 902 undique
1024 809 1234 902 conquisitis

46 918 252 988 rationibus
274 918 442 988 aoerrime
465 917 671 1004 defendunt,
697 917 803 986 fateri
827 922 943 986 tammr
964 923 1141 1008 eoguntur
1157 938 1233 984 seu-

44 1027 201 1097 tentiam
213 1031 368 1098 nostram
383 1058 400 1094 a
415 1050 497 1098 vere
510 1049 585 1098 esse
597 1025 836 1118 probabilem»
850 1025 949 1114 (vide
963 1025 1094 1096 Saarna
1102 1025 1230 1117 Opuse.

46 1135 94 1204 de
108 1134 236 1204 Annii.
255 1134 365 1204 1.111.
382 1159 413 1206 o.
430 1135 539 1204 16.ιι.
556 1135 621 1222 8.).

120 1241 331 1332 Speoimiuis
354 1264 460 1312 eausa
483 1241 525 1311 de
548 1239 847 1312 Scholastioorum
871 1240 1047 1310 sententia
1062 1240 1232 1312 audiatur

47 1348 203 1418 'Inlotus
225 1347 252 1416 l.
284 1371 316 1417 o.
340 1349 528 1441 Postquam
563 1347 608 1416 ad
638 1345 850 1438 probandam
880 1346 1234 1438 praedestinationem

46 1459 190 1550 gloriae
202 1463 364 1550 upropter
380 1455 629 1542 benemerita)
639 1453 822 1546 praevisos
834 1459 970 1546 (parum
984 1457 1124 1549 quidem
1136 1459 1235 1530 felici

47 1566 243 1638 ementiore
263 1567 391 1654 fateor)
403 1564 453 1654 (1)
466 1563 611 1633 induxit
624 1564 769 1632 Petrum
781 1563 994 1650 testimonia,
1006 1566 1234 1656 progreditur
1348 1603 1359 1624 .

47 1673 96 1742 ad
109 1673 360 1743 examinandas
377 1671 570 1742 sententies
587 1675 745 1742 veterum
761 1669 1070 1741 Scholastioorum.
1087 1674 1230 1744 «Dioesz

50 1779 267 1852 Scholastioi
290 1779 483 1862 adhaerent
513 1800 627 1848 omnes
657 1777 862 1868 Augustino
885 1778 948 1866 (2).
975 1779 1142 1866 Attende,
1168 1780 1234 1851 Dei

49 1910 183 1974 amore,
207 1910 251 1958 ne
275 1885 472 1978 deoipiaris.
501 1884 538 1954 S.
554 1883 705 1954 'ihomas
728 1888 764 1954 et
780 1883 906 1954 Seotus
921 1884 973 1972 (d)
989 1893 1025 1956 et
1040 1885 1231 1958 Durendus

49 2003 142 2066 sunt
159 1997 234 2084 isti3
252 1993 442 2065 eommunis
459 1993 636 2064 sententia
650 1997 705 2063 eet
718 1989 757 2060 in
773 1993 1002 2080 eontrarium,
1021 1995 1112 2086 quod
1129 1995 1233 2066 multi

49 2127 123 2173 non
141 2102 343 2174 advertunt.
358 2100 537 2192 imprimis
548 2101 619 2169 ista
631 2100 688 2188 (de
703 2100 876 2191 praedest.
891 2106 971 2190 post
986 2106 1151 2193 praevisa
1167 2125 1233 2172 me·

49 2213 149 2298 rita)
172 2215 227 2280 eet
248 2209 424 2279 sententia
445 2206 643 2278 Alexandri
666 2209 709 2278 de
730 2205 817 2276 Ales
840 2207 878 2277 iu
899 2208 930 2278 Ι.
950 2234 984 2301 q.
1002 2209 1066 2298 283
1092 2209 1234 2280 Aibsrti

49 2317 200 2409 blegni3
227 2317 372 2388 Henriei
394 2317 434 2385 in
456 2316 588 2386 Summ.
615 2341 648 2408 q.
673 2316 709 2385 4.
733 2336 766 2384 a.
793 2315 834 2404 93
861 2341 894 2409 q.
916 2317 949 2386 5.
969 2340 1002 2386 a.
1028 2319 1070 2406 ὅς
1098 2319 1233 2410 quodli-

53 2430 114 2496 bet
124 2426 159 2496 4.
174 2451 208 2516 q.
224 2425 278 2495 18.
294 2432 330 2494 et
345 2425 615 2494 Beneventurae
627 2425 661 2492 1.
676 2424 762 2494 diet.
776 2424 834 2494 41.
851 2449 885 2517 q.
899 2424 934 2494 2.
960 2425 1022 2517 qui
1046 2425 1135 2496 dioit
1158 2449 1234 2496 esse

52 2541 201 2627 propter
224 2555 327 2625 opera
349 2531 713 2624 praedestinationem,
738 2531 823 2602 lioet
845 2532 1044 2604 hominibus
1060 2533 1110 2604 eit
1124 2533 1235 2604 ineer-

51 2649 143 2726 tum,
169 2647 311 2731 propter
334 2661 424 2732 quaa
447 2660 552 2730 opera
574 2643 696 2708 nostra
717 2639 812 2708 Deus
836 2639 873 2708 id
897 2639 1019 2710 faeiat.
1044 2640 1141 2710 Idem
1165 2641 1234 2710 Ga·

53 2748 147 2818 briei
162 2749 198 2818 d.
211 2748 268 2818 41.
285 2773 319 2838 q.
341 2749 373 2818 1.
400 2749 462 2840 qui
486 2747 586 2839 ponit
608 2747 960 2837 praedestinationem
983 2748 1137 2840 aliquem
1160 2749 1237 2840 sola

52 2853 122 2923 Dei
144 2853 348 2938 voluntate,
382 2859 424 2921 nt
452 2851 495 2920 B.
528 2850 690 2942 Virginis
720 2858 757 2920 et
783 2850 1052 2943 Apostolorum3
1085 2851 1235 2923 aliorum

120 3051 163 3128 (1)
181 3053 384 3109 dommsnteri
403 3054 434 3106 in
448 3069 493 3120 ep.
505 3053 586 3107 Rom.
598 3067 669 3120 quos
682 3053 800 3106 deletus
813 3052 909 3108 adlert
927 3054 1042 3109 nomine
1052 3055 1232 3124 Hieronymi,

52 3144 210 3212 Ambrosii,
223 3141 353 3197 Anasimi
367 3158 423 3196 nou
443 3145 513 3194 sunt
523 3137 623 3195 borum
634 3140 810 3208 Senatorum,
820 3141 870 3195 sed
888 3143 1011 3210 Pelagii,
1026 3142 1234 3199 Ambrosisetri

52 3235 101 3308 (nt
118 3235 264 3304 appellari
284 3231 383 3304 solet),
403 3231 529 3286 Hervael
549 3232 693 3286 Doleneis.
714 3232 891 3286 'I'estimonia
909 3233 1012 3288 Fausti
1031 3234 1183 3301 Regiensis
1202 3236 1233 3288 in

52 3328 107 3380 hae
126 3341 213 3380 eausa
231 3325 317 3392 parvi
336 3323 539 3391 aestimantur,
559 3323 695 3391 Prosperi
709 3326 739 3376 et
755 3323 865 3377 Hilarii
885 3324 1025 3392 epistolae
1044 3324 1081 3378 ed
1098 3323 1235 3392 Augusti-

53 3429 122 3469 num
141 3415 284 3483 seriptee,
305 3414 339 3467 de
359 3413 464 3482 qulbus
482 3413 515 3466 in
535 3413 579 3467 tir.
591 3413 668 3467 LXI.
684 3411 824 3480 disemus,
846 3413 924 3467 nibil
949 3413 1010 3470 iere
1033 3414 1069 3469 ad
1097 3431 1155 3470 ren
1174 3431 1235 3484 per·

59 3505 169 3558 tinent.

121 3589 167 3668 (a)
185 3591 307 3646 Putavit
319 3593 449 3658 Inlotus,
464 3590 659 3657 augustinum
673 3589 801 3644 tenuisse
814 3590 1109 3659 praedestinationem
1121 3587 1231 3661 glorias

54 3689 123 3739 ante
141 3683 278 3750 praevias
297 3683 410 3748 merita,
426 3701 439 3730 a
455 3681 520 3748 qui,
541 3680 656 3749 iuquIt,
678 3681 757 3734 solue
776 3681 828 3734 hoo
846 3681 1001 3736 induxit·
1022 3684 1236 3740 Demonstrsbi·

53 3791 116 3829 mue
134 3773 289 3839 genuinam
309 3772 486 3825 sententIam
505 3769 664 3836 Augustini
683 3769 808 3824 iniurius
828 3771 872 3824 th.
883 3772 975 3829 LXII.
989 3773 1097 3827 mn.

120 3854 164 3932 (3)
181 3857 211 3912 S.
223 3855 520 3911 'ihomaedootrinam
533 3855 568 3910 de
582 3855 847 3924 praedestinatione
860 3857 896 3912 ad
909 3858 1031 3924 gloriam
1044 3863 1235 3926 ooneeqnsnte

55 3947 266 4018 praevisionem
279 3947 448 4000 meritorum
461 3945 590 4014 gratiae,
605 3947 632 4000 si
644 3947 712 4001 haee
724 3947 954 4016 praedestinatio
968 3949 1077 4014 gloriae
1090 3963 1142 4016 per
1154 3963 1185 4003 se
1205 3951 1236 4002 et

55 4037 222 4092 distinotaa
232 4035 499 4104 praedestinatione
510 4036 623 4102 natiue
636 4039 791 4104 spectetur,
804 4037 1015 4092 vindieabimus
1029 4039 1060 4091 in
1075 4037 1117 4091 th.
1129 4038 1232 4092 uxlv.

56 4123 155 4179 Suetus
174 4124 317 4196 quidquid
336 4126 463 4180 senserit
480 4125 552 4192 ipse,
575 4126 733 4180 nobiliores
752 4129 827 4181 uerte
847 4126 909 4181 eius
929 4125 1066 4193 discipuli
1084 4126 1163 4180 Phil.
1181 4127 1234 4181 iia·

58 4214 107 4266 ber
125 4211 305 4269 Faventinus
323 4217 355 4269 in
376 4217 401 4268 1.
414 4215 484 4269 dlet.
497 4215 541 4268 41.
556 4231 584 4284 q.
599 4217 625 4270 l.
642 4217 718 4284 disp.
730 4217 778 4283 583
794 4217 917 4271 Pontius
930 4215 1013 4270 durs.
1024 4217 1114 4271 theol.
1126 4215 1232 4285 diep'i.

60 4318 87 4370 q.
98 4302 125 4366 3;
138 4301 263 4355 Irassen
276 4305 307 4358 in
321 4304 404 4360 Sueto
415 4303 581 4360 Asademioo
594 4306 628 4361 ¹1¹.
641 4307 665 4360 Ι.
680 4307 776 4361 Iraot.
787 4307 827 4360 11.
840 4305 915 4374 disp.
928 4306 956 4359 e.
967 4321 993 4360 a.
1006 4308 1033 4360 2.
1046 4311 1114 4361 seat.
1129 4308 1155 4361 l.
1166 4323 1195 4376 q.
1206 4307 1234 4360 1.

53 4391 163 4458 aliique
183 4389 252 4446 data
270 4408 357 4459 opera
375 4393 535 4448 deiendunt
561 4395 855 4464 praedestinationem
883 4395 993 4462 gloriae
1013 4399 1079 4464 post
1096 4396 1232 4465 praevias

59 4482 174 4536 merita.
