3394 5056
592 365 628 382 ..
651 335 688 396 41
713 365 751 382 ..

155 439 373 509 Elementnm
395 439 546 508 alterum
569 444 624 507 est
646 445 887 508 creaturarum
911 439 1091 527 perfectio,
1116 459 1158 509 ex
1175 460 1255 531 qna,

100 569 159 638 qno
169 546 309 637 plenius
321 545 551 635 intelligitur,
570 568 608 614 eo
624 546 730 614 etiam
745 545 877 615 clarius
893 547 1123 635 perfectiones
1134 567 1260 615 causeo

100 659 358 745 cognoscuntur.
386 654 515 724 «Coeli
539 660 617 740 (sua
640 653 913 744 magnificentia)
928 661 1094 723 enarrant
1111 653 1260 743 gloriam

100 762 165 844 Dei,
188 771 224 832 et
247 784 354 852 opera
377 783 539 830 manuum
554 760 631 828 eius
647 761 921 850 (imperfectione
937 763 1005 844 sni,
1025 761 1165 830 defectu
1182 781 1256 849 per·

101 867 252 937 lectionis
275 867 471 955 absolutae)
486 867 673 936 annuntiat
688 867 940 936 firmamentum
956 895 971 928 n
987 867 1037 954 (1)
1046 867 1104 936 Ps.
1119 865 1256 936 XVIII.

157 1081 319 1152 Ceterum
335 1082 380 1150 ad
392 1080 545 1171 aliquem
561 1078 685 1149 saltem
702 1083 879 1150 confusam
897 1081 1169 1172 intelligentiam
1190 1081 1260 1150 exi·

101 1191 239 1258 eteutiea
261 1191 331 1260 Dei
353 1214 397 1260 ex
420 1189 591 1259 creaturis
615 1189 854 1270 hauriendam,
873 1211 915 1258 ne
931 1214 1017 1280 opns
1034 1191 1172 1282 quidem
1187 1213 1262 1260 esse

103 1297 272 1383 distincta,
299 1299 437 1383 subtili,
462 1305 499 1366 et
521 1298 761 1389 philosophica
784 1298 1010 1390 inquisitione
1033 1300 1070 1367 in
1087 1303 1262 1368 creatura·

104 1426 169 1474 rum
190 1407 436 1496 perfectionem
463 1406 522 1474 sed
547 1407 856 1478 considerationem
879 1407 984 1474 etiam
1007 1428 1217 1475 communem
1227 1409 1265 1476 et

105 1513 227 1582 obviam
244 1515 419 1598 sufficere,
429 1514 633 1603 Scripturas
649 1537 712 1584 nos
727 1515 851 1584 docent
867 1514 949 1603 Sap.
960 1515 1065 1582 XIII.
1076 1513 1207 1583 Verum
1222 1511 1265 1582 de

106 1617 320 1690 dictinctione
344 1621 440 1689 inter
455 1621 601 1710 primam
618 1623 796 1690 confusam
812 1626 848 1688 et
864 1627 1085 1710 spontaneam
1101 1618 1264 1688 notitiem

106 1723 160 1794 Ilei
180 1737 215 1796 et
229 1729 326 1798 inter
343 1728 574 1817 cognitionem
591 1730 852 1821 subsequentem
868 1728 1108 1818 expolitiorem
1124 1727 1168 1794 in'
1177 1725 1265 1816 ipsis

108 1833 288 1928 Scripturis
313 1839 470 1908 indicate
492 1862 569 1907 mox
594 1837 756 1908 dicemus.

163 1945 307 2016 Interim
330 1969 374 2016 ex
398 1947 594 2037 Scripturis
617 1955 785 2032 tenemus,
812 1947 949 2038 quando
971 1947 1012 2016 da
1033 1947 1145 2036 prima
1160 1965 1266 2014 causa

110 2051 200 2122 huius
221 2055 386 2124 universi
408 2056 591 2147 quaeritur
615 2081 659 2122 on
683 2058 750 2140 eit,
777 2055 921 2145 proponi
944 2054 1115 2123 hnmanae
1135 2049 1266 2121 rationi

110 2161 380 2232 considerandam
415 2171 652 2232 creaturarum
686 2162 979 2252 imperfectionem
1013 2184 1054 2230 nc
1086 2160 1265 2229 limitatio·

112 2289 193 2354 nem;
216 2271 360 2363 quando
383 2294 467 2340 rero
489 2272 671 2363 quaeritur
694 2271 736 2340 de
759 2291 865 2340 causa
887 2271 1071 2354 existente,
1098 2267 1184 2360 quid
1205 2270 1265 2350 eit,

111 2373 248 2446 ridemus
264 2377 414 2469 proponi
431 2387 671 2448 creaturarum
687 2377 996 2469 pulchritudinem,
1015 2377 1182 2460 ordinem,
1197 2395 1266 2442 ma·

113 2481 346 2572 gnificentiam3
363 2486 592 2556 consideratio
605 2493 753 2579 utraque
767 2486 872 2554 simul
889 2485 1075 2560 coniuncta
1092 2484 1265 2573 integram

112 2590 279 2660 constitnit
300 2593 511 2663 existentiae
521 2595 588 2663 Dei
599 2594 939 2664 demonstrationem:
954 2623 971 2657 u
985 2615 1007 2660 a
1022 2589 1268 2682 magnitudine

113 2696 188 2764 enim
208 2699 337 2788 speciei
361 2706 397 2769 et
419 2707 601 2772 creaturae
625 2702 836 2790 (formaliter
859 2707 901 2770 nt
923 2703 1119 2784 creaturae)
1142 2717 1265 2787 cogno·

115 2802 266 2875 uitilitcr
286 2809 423 2898 poterit
445 2817 580 2878 creator
601 2810 725 2879 horum
749 2810 894 2878 viderie
920 2808 946 2878 l.
965 2833 995 2878 c.
1015 2833 1051 2879 v.
1070 2809 1104 2876 5.

167 2911 209 2980 2⁰.
226 2914 425 2985 Historiam
448 2917 605 2987 declarat
621 2918 658 2988 S.
673 2917 806 2986 Paulus
825 2923 900 2985 tum
911 2916 1056 3006 Lystris
1071 2914 1153 2982 Act.
1168 2908 1266 2980 XIV.

117 3019 226 3109 16.17;
250 3033 327 3094 tum
348 3025 501 3096 Athenis
516 3029 598 3096 Act.
617 3027 735 3097 XVII.
754 3027 811 3094 26.
828 3027 884 3094 28.
910 3023 1012 3094 velu't
1033 3021 1270 3092 testimoninm

117 3125 170 3198 Dei
188 3131 229 3202 ad
243 3156 362 3204 omnes
377 3141 511 3225 gentes,
529 3159 572 3205 ex
588 3159 655 3228 quo
671 3136 867 3226 potuissent
883 3141 920 3204 et
936 3133 1137 3204 debuissent
1156 3130 1270 3221 ipsum

119 3255 314 3325 cognoscere.
342 3243 544 3334 Distingnit
567 3251 684 3313 autem
699 3243 892 3334 Apostolus
908 3247 945 3330 o)
962 3263 1085 3312 causas
1102 3235 1271 3309 secundae

121 3343 232 3416 ominis
253 3349 419 3438 physici,
446 3373 593 3443 quarum
617 3351 771 3420 actiones
793 3357 831 3419 et
851 3351 998 3419 effectus
1021 3347 1228 3436 diriguntur
1251 3363 1272 3411 a

121 3443 177 3516 Deo
186 3456 362 3539 provisore
373 3457 418 3526 ad
428 3457 723 3528 conservationem
738 3461 775 3526 et
786 3455 988 3526 beneficium
1004 3454 1193 3539 hominum,
1207 3449 1273 3520 snb

122 3561 327 3644 oneratione
350 3571 594 3655 argumentum
616 3563 822 3634 historicum
845 3587 922 3633 cum
946 3561 1172 3652 cosmologico
1196 3576 1273 3650 pro·

121 3659 196 3733 xine
216 3667 389 3758 cohaeret;
409 3673 442 3756 b)
459 3671 651 3763 distinguit
672 3671 858 3743 historiam
889 3671 1114 3763 populorum,
1141 3687 1229 3759 quae
1251 3685 1273 3731 e

126 3917 182 3988 Ver.
191 3923 222 3977 'l'.
232 3925 266 3982 V.
277 3929 309 3982 P.
321 3929 346 3981 1.
361 3945 389 3996 p.
402 3927 466 3981 527.
481 3928 560 3982 Hanc
575 3929 844 3997 interpretationem
856 3927 1055 3993 praeterimus,
1073 3936 1166 3990 neque
1180 3925 1275 3974 temen

127 4011 230 4074 trierem
246 4019 447 4087 improbemus.
461 4020 515 4084 uui
530 4036 596 4074 raro
615 4035 677 4074 oum
695 4020 779 4073 Petro
798 4015 955 4071 Lomberdo
977 4017 1003 4068 1.
1017 4015 1086 4068 dist.
1098 4013 1132 4079 83
1153 4009 1276 4066 Pseudo·

129 4097 240 4158 tnelno
256 4106 403 4180 (Herveeo
421 4109 555 4164 monacho
574 4103 711 4179 Dolenei)
729 4109 760 4161 in
779 4109 809 4162 ln.
821 4109 853 4172 l.;
868 4111 898 4160 ot
911 4105 939 4159 S.
954 4103 1098 4158 Bernardc
1111 4101 1145 4154 de
1158 4097 1274 4155 Consld.

129 4185 145 4236 l·
153 4189 181 4242 V.
190 4195 238 4248 ct.
250 4197 424 4266 intelligunt
436 4200 555 4253 incisum
567 4199 601 4254 de
611 4200 675 4268 ipso
685 4199 799 4252 homine
809 4199 994 4263 cognoscente
1004 4193 1103 4268 (lianc.
1115 4184 1273 4259 XV1.15.),

131 4271 306 4344 teruncius
323 4292 401 4341 certe
420 4285 529 4341 dicunt.

181 4399 219 4476 (1)
235 4403 353 4497 nup-pp
388 4403 478 4484 ren
508 4405 582 4497 up
604 4397 735 4498 nugor
765 4377 927 4495 sca-nes
952 4401 1105 4493 ueneno,
1137 4383 1276 4488 uturp
