3240 5064
523 399 561 416 -·
582 367 645 430 ets
665 399 703 415 -

43 477 100 550 Deo
114 477 264 564 hebius,
284 474 541 570 plenitudinem
563 474 765 545 divinitatis
780 497 879 547 nemo
894 478 1086 571 conspexit,
1105 503 1203 554 nemo

42 593 139 657 nerto
166 595 234 657 aut
265 586 380 658 oculis
412 583 672 678 comprehendit
685 607 693 672 ;
719 582 811 652 uidit
833 584 925 656 enim
948 587 993 658 ad
1016 596 1204 686 utrumque

42 695 248 767 referendum
271 702 337 766 est.
359 720 376 757 r

98 803 134 874 Si
155 825 246 896 quae
270 825 353 873 vero
384 803 421 874 in
444 799 581 872 Isidoro
610 799 812 893 Hispalensi
836 804 850 887 (
858 800 896 870 in
918 798 1030 872 Exod.
1050 824 1126 896 cap.
1143 805 1201 878 42.

47 909 123 982 Ν.
134 910 270 1002 ρ.389.)
283 909 474 982 difficultas
486 908 653 993 occurrit,
667 931 709 978 ea
722 915 776 978 est
789 907 939 978 alterius
950 911 1099 981 rationis
1112 912 1204 984 nibil

43 1019 204 1110 pertinens
228 1017 275 1088 ad
297 1021 517 1108 praesentem
539 1014 665 1084 locum.
693 1011 902 1108 «Quamvis
936 1038 1045 1109 usque
1076 1019 1121 1089 ed
1144 1043 1203 1112 pa-

44 1127 195 1196 rilitstem
220 1125 418 1218 angelicam
441 1123 595 1192 humana
617 1121 722 1192 etiem
738 1129 818 1214 post
832 1125 1120 1195 resurrectionem
1144 1151 1203 1196 na-

44 1241 111 1304 tura
126 1232 302 1326 proficiet,
320 1240 357 1304 et
368 1231 412 1302 ed
429 1231 729 1322 contemplandum
743 1231 855 1302 Deuru
871 1230 1046 1302 indefesse
1063 1255 1204 1305 consur·

45 1349 104 1431 get,
121 1341 241 1412 videre
256 1347 374 1410 temen
390 1339 466 1410 eius
488 1339 674 1409 essentiam
688 1338 789 1429 plene
804 1361 871 1407 non
888 1339 1081 1430 praevalet,
1100 1363 1204 1435 quum

44 1471 94 1520 rec
118 1451 195 1542 ipss
228 1449 401 1542 perfectio
432 1447 593 1538 angelica
624 1449 663 1514 in
695 1460 765 1513 toto
797 1445 856 1516 vel
887 1449 1022 1537 intepre
1052 1449 1205 1542 attingit

46 1557 118 1626 scire
121 1608 187 1627 .....
215 1556 302 1628 Sole
331 1557 423 1626 eninr
447 1554 516 1624 sibi
539 1556 674 1644 isteque
696 1559 780 1622 nota
802 1558 857 1623 est
881 1553 1053 1642 Trinitas,
1079 1563 1116 1626 et
1139 1557 1203 1628 hu·

48 1665 190 1736 manituti
211 1669 409 1754 susceptas,
435 1684 524 1756 ques
546 1671 601 1732 est
623 1662 732 1732 tertie
754 1661 792 1732 in
816 1661 994 1732 Trinitets
1017 1687 1201 1756 persona.»

48 1771 125 1842 lllud
146 1773 238 1866 quod
262 1771 410 1844 dicitur:
426 1795 494 1838 oon
511 1771 615 1862 plene
625 1819 634 1852 ,
652 1794 720 1836 non
737 1773 774 1836 in
793 1783 862 1838 toto
876 1771 929 1838 oet
946 1773 1079 1864 irrtepre
1093 1772 1204 1844 Deum

51 1881 154 1968 rideri,
172 1887 228 1952 est
243 1879 494 1971 interpretatio
506 1885 543 1948 et
557 1877 687 1969 optima
703 1877 895 1950 declaratio
910 1878 1090 1950 doctrinae
1105 1903 1205 1973 grae·

50 2011 146 2058 corum
166 1989 236 2060 PP.
256 1989 319 2082 qni
342 1987 456 2070 aiunt,
474 1987 586 2055 Deum
602 2008 671 2055 non
688 1985 803 2056 videri
817 2009 894 2074 μετα
911 2010 1013 2062 rarus
1034 1985 1201 2082 ἀκριβειας.

52 2097 217 2167 Inultimo
239 2101 360 2166 autem
383 2095 494 2164 inciso
517 2092 668 2185 Operum
698 2093 829 2164 Isidori
851 2095 1044 2167 editoribus
1067 2097 1205 2168 Grialio

52 2211 79 2272 et
95 2205 207 2275 deinde
223 2203 382 2274 Arevalo
398 2203 514 2271 visum
537 2208 591 2271 est
606 2203 821 2272 abstractum
838 2205 1035 2271 humanitus
1050 2221 1205 2297 suscepto

53 2315 123 2382 suni
143 2314 266 2384 debere
290 2335 353 2406 pro
369 2315 529 2382 concreto
546 2311 640 2376 tomo
658 2309 830 2393 Otr-ierus,
848 2311 908 2404 qui
924 2319 979 2382 est
996 2335 1065 2381 unu
1080 2336 1122 2384 ex
1140 2314 1206 2386 tri·

53 2419 104 2488 bus
112 2421 275 2513 personis.
294 2419 378 2490 Alio
391 2418 467 2488 loco
482 2418 703 2505 (sententiar.
718 2418 744 2486 l.
760 2417 830 2488 111.
844 2441 874 2488 c.
886 2419 920 2490 3.
934 2419 1044 2492 QVI.
1057 2444 1091 2512 p.
1109 2421 1204 2509 120.)

54 2527 185 2600 Isidorus
206 2529 329 2601 eudem
352 2527 460 2598 hebet
482 2527 609 2615 verba5
628 2526 740 2596 sedin
756 2525 880 2596 ultimo
897 2527 1007 2598 inciso
1024 2529 1074 2598 ibi
1090 2551 1204 2600 corre·

57 2639 129 2708 rtiue
141 2638 294 2710 dicitnr:
315 2635 423 2706 usola
444 2635 536 2706 enim
561 2633 721 2704 Trinitas
737 2633 805 2702 sibi
821 2635 959 2725 integre
981 2643 1065 2706 nota
1081 2643 1148 2722 est,
1168 2643 1205 2708 et

57 2743 225 2814 inmanitas
239 2771 266 2814 a
283 2743 422 2816 Gir-isto
437 2759 606 2833 suscepto,
619 2763 707 2834 quae
724 2746 886 2832 (persona
901 2741 1080 2832 Christus)
1096 2745 1204 2816 tertis

58 2854 122 2936 (una
140 2876 179 2923 ex
202 2855 336 2942 tribus)
359 2857 413 2922 est
435 2850 473 2920 in
497 2850 675 2922 Trinitute
698 2871 889 2942 personas
942 2879 946 2888 ·

105 2959 145 3030 i‘.
167 2962 243 3033 Non
267 2962 511 3055 infrequenter
533 2959 656 3028 Petres
682 2957 897 3028 invisibilem
919 2957 1031 3029 Deum
1055 2958 1201 3047 dicunt,

59 3075 200 3158 quatenus
222 3069 337 3142 oeulis
360 3067 535 3159 corporeis
570 3065 684 3136 videri
707 3066 807 3136 nullo
831 3066 929 3138 modo
952 3073 1080 3159 potest.
1107 3067 1205 3140 Solet

59 3169 124 3247 beer
141 3179 327 3271 explicatio
343 3177 444 3248 reiici
459 3174 561 3245 velut
583 3175 702 3265 inepta
719 3175 756 3242 in
772 3175 932 3244 omnibns
955 3175 1002 3244 iis
1024 3175 1123 3262 locis,
1142 3177 1204 3247 ubi

61 3279 145 3354 Deum
164 3286 287 3358 dicunt
309 3286 415 3356 etiam
440 3283 576 3374 angelis
598 3282 825 3371 invisibilem
844 3283 1015 3376 siquidem
1032 3285 1075 3354 da
1092 3285 1205 3355 oculis

63 3394 204 3482 corporeis
225 3393 432 3486 angelorum
456 3392 579 3460 saltem
604 3389 661 3459 illi
684 3391 819 3476 Patres,
839 3390 899 3483 qui
923 3414 981 3462 eos
1003 3415 1110 3482 puros
1130 3392 1203 3485 spi

61 3497 132 3568 ritus
151 3525 218 3572 esse
239 3501 488 3594 agnoscebant,
514 3499 672 3590 cogitare
695 3521 763 3567 non
787 3505 961 3590 poterant.
987 3501 1119 3569 Verum
1143 3501 1203 3572 ed·

64 3608 135 3675 verti
153 3609 269 3696 debet,
297 3609 335 3678 in
357 3607 424 3678 hac
446 3607 591 3677 Petrum
614 3606 774 3677 doctrina
797 3608 891 3678 circa
922 3609 1204 3677 invisibilitatem

64 3708 113 3780 Dei
130 3715 249 3788 directe
272 3724 310 3787 et
331 3739 392 3808 per
407 3739 442 3785 se
458 3739 527 3785 non
544 3716 587 3785 de
602 3715 714 3785 oculis
730 3715 916 3806 corporeis,
937 3715 997 3785 sed
1014 3715 1055 3785 de
1072 3723 1204 3786 ustura

67 3815 114 3887 Dei
137 3824 308 3914 spirituali
329 3829 367 3893 et
388 3822 611 3914 intelligibili
641 3845 830 3893 sermonem
853 3845 948 3912 esse;
975 3824 1127 3916 adeoque
1150 3825 1202 3894 di·

68 3924 149 4014 eitur,
163 3953 220 4003 nec
234 3935 278 4002 ab
295 3931 493 4001 bominibus
507 3955 570 4002 nec
587 3932 630 4000 ab
646 3931 784 4022 engolis
795 3931 907 4001 Deum
924 3953 1022 4022 posse
1039 3931 1203 4022 cognosci

69 4031 145 4105 velut
162 4047 319 4111 usturam
342 4061 540 4131 corpoream
563 4045 600 4110 et
622 4038 832 4124 sensibilem,
851 4038 936 4131 quin
959 4039 1003 4108 de
1022 4039 1204 4133 modoque

72 4141 161 4228 angeli
180 4147 355 4218 sensibilia
370 4153 593 4236 cognoscant,
613 4145 801 4239 quidquem
818 4145 1081 4215 determinetur.
1099 4145 1203 4215 Prae·

73 4249 144 4316 terea
162 4253 366 4344 hypothetice
388 4255 521 4325 dicitur
543 4255 638 4324 Deus
660 4253 856 4323 invisibilis
879 4253 990 4323 oculis
1013 4276 1081 4322 non
1105 4253 1205 4323 modo

75 4347 200 4430 buuuuis
220 4364 276 4434 sed
298 4361 406 4433 etism
429 4361 663 4452 angelicis,'s1
686 4367 820 4450 essent;
839 4384 877 4469 ep
900 4360 1040 4432 dicendi
1063 4383 1201 4451 genere,

77 4479 125 4548 quo
142 4485 214 4539 usus
233 4477 286 4543 est
307 4471 414 4541 etiem
430 4469 621 4562 Apostolus
636 4469 717 4540 Gal.
732 4469 762 4539 1.
777 4471 811 4539 8.
823 4437 897 4540 Hbc
920 4469 1019 4540 modo
1034 4467 1205 4559 Origenes

1041 4594 1059 4635 Ι
