3360 5060
593 383 631 396 -
652 351 713 412 053
734 383 771 398 ..

90 461 196 526 etiam
219 458 255 524 in
279 457 598 546 praedestinatione
622 477 728 524 unum
752 455 913 526 effoetum
937 479 1013 524 esse
1028 455 1197 526 rationem
1214 455 1265 524 al·

91 561 214 632 tarius.
228 562 325 653 Ergo
338 562 466 632 iterum
481 563 576 632 sicat
587 561 813 651 probavimus
825 560 1011 647 (chaun.
1022 561 1050 628 l.
1060 566 1108 648 o.)
1122 561 1158 631 S.
1174 561 1264 630 rho-

91 691 164 738 mas
186 669 330 739 eundem
353 669 455 740 docet
476 691 551 739 esse
574 668 727 740 ordinem
751 667 1081 759 praedestinationis
1104 673 1141 738 et
1169 691 1263 738 exse·

90 776 241 846 cationis
269 781 429 866 respectu
459 777 707 848 antecessionie
737 785 773 846 et
804 775 1059 846 subsecutionis
1082 767 1201 846 meriti
1225 799 1264 846 ac

88 882 256 972 praemii,
289 903 329 951 ac
360 883 505 972 proinde
534 883 684 973 gloriam
718 882 811 952 sicut
842 881 949 951 datur
973 889 1117 974 propter
1141 883 1268 954 marita

88 989 276 1081 acquisita,
302 989 355 1057 ita
376 989 634 1080 praedestinari
657 996 799 1081 propter
823 989 949 1058 merita
971 989 1147 1080 praevisa.
1167 991 1201 1074 b)
1225 989 1264 1060 Si

88 1096 361 1188 praedestinatio
392 1097 631 1174 consideretur
654 1121 737 1188 prae
768 1097 920 1188 singulis
943 1097 1139 1183 effectibus,
1165 1098 1265 1168 docet

87 1203 295 1293 Argolicus,
320 1204 481 1274 effectam
498 1204 648 1294 priorem
664 1229 738 1276 esso
754 1205 925 1274 rationem
941 1207 1131 1273 ulterioris.-
1145 1207 1265 1296 gratia

86 1319 140 1382 est
163 1311 257 1381 ratio
280 1311 409 1398 meriti,
436 1313 596 1382 meritum
620 1313 710 1383 ratio
734 1314 900 1404 praemii3
922 1316 1034 1404 primi
1049 1321 1167 1384 autern
1183 1315 1264 1384 effa·

86 1425 166 1489 ctus
190 1417 290 1487 nulla
312 1425 428 1509 potest
450 1441 524 1488 esse
547 1420 642 1490 ratio
657 1441 700 1489 ex
716 1428 817 1512 parte
833 1421 997 1491 hominis.
1015 1427 1047 1508 c)
1061 1421 1136 1490 Hoc
1152 1420 1264 1490 solum

86 1527 179 1620 quod
201 1527 307 1618 primi
330 1529 477 1598 effectus
500 1549 568 1598 non
591 1528 698 1598 datur
721 1529 825 1614 ratio,
852 1534 1046 1614 causaest,
1072 1551 1134 1598 our
1152 1529 1265 1598 totius

86 1635 418 1726 praedestinationis
443 1635 684 1727 incomplexe
714 1643 890 1728 spectatae
912 1631 1017 1704 'simul
1034 1661 1123 1727 prce
1143 1639 1264 1727 qratia

85 1759 117 1810 et
138 1743 273 1833 plor-ic,
298 1735 399 1812 nulla
422 1751 539 1836 potest
561 1745 672 1814 asseri
696 1745 789 1814 ratio
811 1768 853 1814 ex
877 1751 979 1836 parte
996 1745 1159 1829 hominis,
1178 1743 1263 1836 quin

85 1850 228 1920 dicatur
251 1852 371 1941 gratia
393 1860 534 1943 propter
558 1853 684 1921 merita
705 1857 826 1922 nostra
849 1853 1029 1922 naturalia
1051 1853 1129 1922 dari
1161 1852 1264 1939 (vids

85 1959 137 2027 th.
159 1958 295 2028 LVHI.
308 1961 334 2043 ).
367 1957 488 2048 Igitur
517 1959 628 2028 totius
650 1959 981 2050 praedestinationis
1012 1961 1047 2030 iu
1082 1961 1263 2050 complexu

86 2075 264 2160 spectatae
287 2067 388 2136 nulla
411 2076 466 2138 set
488 2068 581 2138 ratio
605 2076 743 2158 praeter
767 2067 1023 2138 misericordem
1041 2069 1261 2138 voluntatem

84 2176 169 2262 Dei,
203 2173 534 2266 praedestinationis
556 2174 601 2244 ad
625 2173 774 2264 gloriam
797 2174 940 2244 seorsim
964 2180 1140 2266 spectatae
1172 2175 1263 2244 ratio

84 2291 138 2355 est
161 2285 268 2354 etiam
291 2307 333 2353 ex
357 2289 457 2374 parte
482 2282 598 2368 soliti,
625 2289 710 2354 sunt
733 2283 901 2353 videlicet
923 2283 1000 2353 eius
1022 2282 1115 2352 ratio
1140 2282 1264 2352 merita

85 2390 373 2483 supernaturalia
395 2390 572 2481 praevisa.

149 2499 198 2568 δ”.
216 2497 387 2582 Quamvis
401 2497 507 2588 primi
522 2497 669 2566 effectus
686 2495 1018 2587 praedestinationis
1034 2495 1070 2564 h.
1080 2519 1111 2566 e.
1130 2495 1262 2587 primas

84 2607 225 2700 gratias
239 2629 308 2676 non
332 2607 444 2698 possit
465 2627 539 2676 esse
562 2606 655 2674 ratio
678 2628 739 2676 seu
763 2627 870 2676 causa
893 2605 1072 2675 meritoria
1094 2627 1136 2674 ex
1160 2611 1263 2695 purte

85 2715 249 2801 hominis,
276 2720 317 2784 nt
339 2737 459 2805 nempe
482 2713 633 2804 gratiam
658 2713 825 2805 recipiat;
851 2719 1043 2784 esttamen
1072 2713 1174 2782 iuxta
1204 2713 1261 2782 do·

84 2825 236 2895 ctrinam
258 2821 424 2912 Angelici
447 2844 490 2892 sn
513 2821 618 2912 culpa
641 2821 804 2908 hominis,
822 2822 913 2914 quod
936 2823 1098 2892 effectum
1121 2820 1261 2912 praede·

84 2928 290 2999 stinationis
312 2951 381 2997 non
404 2927 554 3018 recipit:
579 2949 620 2996 ac
642 2927 786 3018 proinde
810 2928 847 2998 in
878 2929 1037 2997 omnibus
1066 2927 1263 3018 reprobatis

84 3037 232 3122 samus,
247 3035 338 3128 qnod
352 3057 421 3104 non
433 3035 507 3105 sint
517 3035 783 3124 praedestinati,
798 3035 903 3127 culpa
918 3035 1073 3127 ipsorum
1088 3041 1153 3104 est.
1168 3037 1263 3106 Deus

83 3147 177 3216 enim
201 3144 283 3215 vult
304 3165 421 3213 omnes
443 3144 599 3213 homines
623 3143 740 3212 salvos
763 3143 853 3227 fieri,
878 3151 915 3214 et
937 3165 979 3213 ex
996 3142 1062 3213 hac
1078 3143 1262 3214 volontate

83 3253 165 3324 vult
188 3251 348 3320 omnibus
371 3251 454 3321 dare
477 3250 642 3339 gratiam,
661 3257 702 3318 ut
718 3249 799 3318 sint·
807 3249 1060 3340 praedestinati
1075 3256 1112 3322 st
1125 3250 1261 3322 salven·

83 3365 157 3430 tar:
182 3359 244 3451 qui
268 3381 351 3428 vero
374 3357 512 3447 gratiae
535 3357 672 3426 oblatae
696 3357 852 3426 finaliter
875 3357 1066 3444 resistunt,
1096 3358 1123 3428 ii
1146 3381 1262 3428 omncs

83 3475 118 3537 st
140 3466 209 3538 soli
225 3470 309 3538 suut
323 3466 473 3556 reprobi.
490 3465 638 3534 Proinde
651 3465 745 3534 inter
760 3465 1039 3556 praedestinatos
1051 3472 1088 3536 et
1099 3469 1260 3558 reprobe·

83 3581 139 3646 tos
161 3574 328 3646 discretio
350 3597 419 3642 non
442 3573 484 3643 fio
500 3573 683 3643 voluntate
698 3572 935 3659 antecedente,
953 3596 1023 3667 qna
1036 3573 1133 3644 Dens
1145 3598 1261 3646 omnes

85 3684 165 3754 vult
182 3683 277 3753 inter
303 3683 580 3774 praedestinatos
599 3688 637 3752 et
648 3680 855 3769 salvandos,
871 3683 928 3752 ssd
947 3682 1129 3754 voluntate
1146 3705 1260 3754 conse·

84 3797 211 3885 quante
234 3791 487 3882 praevisionem
511 3789 590 3858 boni
614 3789 731 3860 meriti
754 3789 792 3860 in
809 3790 1075 3882 cooperantibus
1091 3814 1168 3860 cnm
1180 3812 1259 3881 gra·

83 3899 146 3984 tia,
160 3904 198 3968 et
209 3898 292 3967 mali
305 3898 421 3968 meriti
433 3897 469 3966 in
485 3896 733 3967 resistentibus
753 3899 903 3989 matius.
919 3897 1100 3969 Andistur
1120 3897 1157 3966 S.
1170 3899 1260 3968 Tho·

85 4027 168 4076 mae.
191 4005 311 4077 «Cam
334 4007 371 4074 in
394 4005 495 4075 finem
520 4005 683 4075 ultimum
706 4006 837 4100 aliquis
854 4006 963 4096 dirigi
981 4028 1048 4074 ncn
1064 4006 1177 4096 possit
1192 4007 1260 4076 nisi

84 4112 218 4183 anxilio
241 4113 383 4184 divinae
406 4113 557 4205 gratiae,
584 4113 658 4184 sinc
682 4135 751 4206 qna
772 4114 879 4184 etiam
903 4112 1025 4182 nullus
1055 4119 1171 4204 potest
1199 4113 1260 4184 ha·

85 4223 164 4292 bere
195 4244 255 4308 ea,
288 4244 376 4315 quas
407 4227 491 4290 sunt
513 4221 710 4291 necessarie
732 4222 777 4291 ad
801 4222 1012 4293 tendendum
1036 4221 1072 4290 in
1098 4221 1260 4292 ultimum

86 4329 198 4416 finem,
224 4331 318 4402 sicot
338 4337 392 4400 est
414 4329 513 4416 fides,
540 4352 630 4420 spes,
656 4329 817 4415 dilectio,
843 4329 1120 4420 perseverantia,
1146 4335 1261 4420 potest

87 4437 193 4506 alicui
218 4437 344 4523 videri,
371 4437 461 4530 quod
478 4460 544 4505 non
562 4437 611 4505 sit
634 4437 764 4505 homini
788 4437 1042 4527 imputandum,
1068 4437 1099 4504 si
1124 4436 1260 4526 praedi·
