3394 5056
894 337 1052 398 -12-

389 441 553 516 veritatis
569 443 632 534 (1).
658 443 756 526 Dixi,
781 441 917 510 nomine
932 441 1130 530 theologiae
1146 442 1184 505 io
1202 441 1456 530 significatione
1470 441 1558 504 stri-

388 555 493 618 otiore'
523 573 594 620 rem
618 550 759 620 eandem
790 548 988 637 designari,
1021 547 1220 616 eonomine
1243 545 1325 616 fidei
1349 545 1561 632 obiectivae;

389 658 550 752 quamvis
562 657 653 726 enim
675 657 748 726 sint
763 654 868 724 etiam
885 655 1055 723 veritates
1069 651 1297 743 theologicae,
1318 675 1403 745 quae
1418 654 1455 719 in
1468 653 1567 722 obie-

389 765 488 836 otive
510 764 723 836 revelatione
738 785 806 832 non
822 762 1058 846 eontinentur,
1076 783 1136 830 eae
1157 767 1273 830 tamen
1288 761 1332 830 ad
1347 760 1567 850 theologiam

391 873 567 964 pertinent
590 893 693 941 sensu
717 870 831 938 minus
866 869 1014 954 stricto,
1040 875 1213 960 quatenus
1236 892 1313 938 cum
1348 867 1566 937 veritatibus

389 979 558 1051 revelatis
581 984 844 1050 connectuntur.
869 977 943 1045 Hoc
967 999 1071 1044 sensu
1094 975 1217 1044 latiori
1231 983 1268 1044 et
1283 976 1417 1046 ratione
1438 995 1564 1044 eonne-

389 1088 505 1158 xionie
527 1087 620 1156 nihil
651 1087 788 1178 quidem
820 1084 1026 1174 impediret,
1052 1084 1235 1175 quominus
1261 1083 1367 1152 etiam
1390 1083 1435 1152 ad
1457 1082 1564 1150 fidem

390 1195 597 1264 obieotivam
620 1193 795 1284 pertinere
816 1191 1027 1276 dicerentur;
1041 1190 1102 1258 sed
1120 1191 1204 1281 qnia
1220 1189 1318 1274 fides,
1337 1197 1379 1258 nt
1393 1189 1562 1274 diximus,
1681 1219 1682 1222 ¹

389 1325 458 1372 nou
482 1302 645 1392 designat
666 1291 780 1391 ipsum
804 1298 1038 1388 organismum
1061 1319 1101 1366 ao
1116 1321 1242 1367 nexum
1257 1299 1450 1368 veritatum
1466 1297 1566 1366 sicut

389 1409 578 1500 theologia,
604 1409 682 1477 ideo
704 1408 829 1476 merito
868 1404 1067 1474 huiusmodi
1090 1406 1259 1474 veritates
1280 1430 1349 1475 non
1385 1405 1565 1474 revelatae

391 1541 468 1588 oum
491 1515 658 1586 revelatis
673 1520 789 1584 tamen
801 1512 1023 1582 cohaerentes
1039 1512 1208 1582 dicuntur
1221 1515 1397 1604 pertinere
1408 1513 1453 1582 ad
1464 1512 1564 1582 theo·

390 1625 519 1714 logiam
542 1629 611 1692 non
633 1628 750 1690 autem
773 1620 817 1689 ad
840 1619 942 1688 fidem
966 1619 1195 1706 obieotivam;
1221 1625 1327 1712 etque
1349 1621 1434 1688 adeo
1458 1641 1565 1688 seusu
1687 1680 1688 1710 ,

390 1731 455 1802 hoc
478 1730 662 1814 obiectivo,
688 1751 754 1819 quo
777 1751 870 1797 nuno
892 1727 1079 1819 loquimur,
1096 1727 1275 1818 theologia
1291 1727 1497 1818 simpliciter
1511 1726 1564 1794 la·
1688 1770 1689 1798 l

389 1840 465 1910 tius
488 1845 585 1930 patet
609 1858 711 1929 quam
734 1837 832 1905 fides.

457 1946 503 2014 2⁰.
522 1943 746 2012 Potissimum
769 1948 805 2011 et
827 1942 1085 2032 significatione
1112 1944 1225 2033 magis
1247 1943 1389 2035 propria
1418 1941 1504 2011 fides
1526 1949 1565 2010 et

389 2051 578 2141 theologie,
604 2050 741 2142 quando
764 2049 805 2118 de
829 2071 948 2118 earum
970 2073 1063 2118 nexu
1078 2057 1114 2118 et
1129 2051 1331 2121 differentia
1349 2051 1484 2141 agitur,
1504 2071 1562 2117 su-

264 2233 267 2244 ,
390 2165 534 2226 mnntur
557 2157 749 2223 collective.
770 2156 845 2224 Hoo
860 2178 964 2225 sensu
981 2157 1067 2225 fides
1082 2163 1136 2225 est
1152 2157 1210 2226 vel
1225 2157 1370 2227 habitus
1386 2157 1444 2226 vel
1458 2163 1563 2226 actus

391 2264 601 2334 assensionis
625 2263 787 2350 (viribus
810 2263 1138 2353 supernaturalibus
1161 2267 1357 2354 confortata
1386 2271 1498 2333 mente
1520 2285 1562 2332 ac

391 2371 598 2456 voluntate)
629 2370 667 2438 in
701 2369 889 2440 veritatem
919 2371 1111 2438 revelatam
1141 2379 1282 2463 propter
1315 2371 1561 2441 auctoritatem

390 2479 456 2548 Dei
478 2479 683 2549 revelantis.
703 2477 905 2568 Theologia,
931 2486 974 2548 ut
996 2479 1156 2570 superius
1179 2480 1345 2564 diximus,
1371 2485 1425 2548 est
1440 2501 1560 2567 γνωσις,

391 2585 592 2656 intellectus
615 2591 652 2655 et
674 2585 824 2654 scientia
847 2586 1040 2655 veritatum
1062 2585 1146 2655 fidei
1176 2587 1274 2656 modo
1300 2586 1563 2676 proportionato

390 2693 498 2760 menti
522 2692 692 2760 humanae
716 2714 778 2782 per
800 2691 902 2760 fidem
918 2691 1135 2762 illustratae.
1156 2692 1249 2761 Hinc
1266 2691 1445 2780 theologie
1460 2690 1563 2758 fidem

262 2797 266 2810 '
391 2797 556 2890 supponit
578 2805 620 2867 ut
641 2820 743 2868 sunm
767 2799 1055 2884 fundamentum,
1081 2821 1186 2890 super
1216 2799 1317 2867 fidem
1340 2797 1560 2880 aedificatur,

391 2907 482 2998 quod
515 2906 671 2975 Clemens
694 2905 798 2974 Alex.
825 2907 1005 2998 praeclare
1027 2907 1133 2994 dixit,
1158 2915 1259 2977 etex
1281 2907 1349 2976 fide
1379 2905 1564 2974 efflorescit

390 3021 495 3106 atque
518 3014 710 3084 evolvitur.
736 3015 831 3084 Haeo
852 3015 1052 3105 theologiae
1077 3037 1120 3084 ex
1142 3015 1211 3084 fide
1245 3015 1343 3085 velut
1372 3015 1562 3084 immanens

391 3121 563 3212 processio
586 3121 790 3190 distinctius
812 3122 865 3190 ita
886 3121 1064 3191 declarari
1088 3127 1214 3212 potest.

457 3227 500 3294 In
524 3227 591 3296 fide
614 3227 837 3313 (subiectiva,
864 3229 906 3297 de
929 3251 1000 3321 qua
1021 3229 1213 3321 loquimur)
1239 3229 1371 3320 triplex
1387 3237 1487 3298 actus
1510 3229 1563 3298 in·

390 3333 554 3404 tellectue
593 3333 768 3424 distingui
797 3342 936 3426 potest:
970 3337 1150 3426 cognitio,
1190 3337 1301 3406 Deum
1338 3337 1563 3406 infallibilem

391 3461 466 3510 esse
488 3439 666 3527 locutum,
704 3441 881 3530 cognitio,
906 3441 1020 3510 Deum
1050 3441 1279 3512 infallibilem
1310 3443 1375 3513 has
1404 3443 1565 3513 determi-

390 3551 472 3614 nate
502 3547 672 3616 veritates
702 3545 740 3614 iu
771 3547 1003 3616 determinato
1037 3569 1141 3616 sensu
1173 3547 1366 3636 revelasse;
1400 3571 1563 3617 assensus

392 3651 429 3719 in
461 3653 646 3722 veritatem
680 3651 871 3721 revelatam
894 3660 1036 3744 propter
1062 3655 1308 3724 auctoritatem
1337 3655 1561 3724 infallibilem

391 3758 457 3828 Dei
478 3760 666 3852 loquentis,
691 3760 753 3852 qui
776 3767 831 3829 est
853 3759 929 3852 ipse
953 3761 1112 3830 formalis
1134 3767 1236 3831 actus
1257 3763 1351 3831 fidei.

458 3871 494 3953 α)
516 3867 692 3937 Αεεοιιειιε
714 3865 776 3936 ille
788 3867 826 3936 iu
840 3867 1067 3938 existentiam
1090 3869 1329 3954 revelationis,
1349 3870 1409 3962 qui
1424 3869 1564 3939 formali

452 4060 494 4138 (1)
504 4065 536 4120 Si
554 4065 591 4120 ed
609 4066 684 4120 huno
702 4081 815 4120 sensum
834 4082 933 4120 omues
957 4066 1165 4134 attendissent,
1195 4083 1252 4121 non
1272 4068 1379 4122 fuisset
1401 4067 1565 4122 necessarie

390 4169 493 4222 anceps
512 4153 684 4222 disputatio,
699 4155 769 4223 quid
781 4155 810 4209 S.
822 4157 874 4210 Th.
887 4157 913 4209 1.
925 4173 954 4224 q.
967 4157 992 4210 1.
1007 4175 1034 4211 a.
1046 4153 1342 4224 resurrectionne
1355 4173 1451 4211 saeros
1460 4158 1564 4210 doetri-

389 4260 451 4308 nae,
467 4245 580 4312 quando
598 4247 629 4298 in
649 4247 858 4314 prolegomenis
871 4245 907 4300 ud
921 4247 1085 4301 universam
1099 4247 1272 4314 theologiam
1285 4248 1474 4313 demonstret,
1490 4262 1562 4298 uae·

389 4333 535 4386 amorium
552 4333 642 4387 fuisse
661 4339 777 4402 praeter
799 4335 1013 4403 philosophicas
1040 4335 1210 4404 disciplinas
1221 4377 1227 4404 ,
1250 4351 1322 4406 quae
1349 4353 1401 4404 per
1419 4337 1561 4394 rationem

389 4421 614 4492 investigentur,
628 4441 735 4477 accron
747 4424 906 4478 ἀοσενίπαπι
923 4441 974 4494 per
992 4426 1199 4480 revelationem
1219 4427 1333 4484 haberi.
1348 4447 1362 4476 ι
