3262 5076
903 403 940 418 -
961 369 1021 428 516
1042 401 1079 415 -

406 477 517 546 canda
545 475 716 566 praevisis
733 505 749 540 a
764 497 852 543 novo
882 473 1115 543 absurditatis
1144 497 1302 563 genere»
1322 473 1565 543 constituebant

405 583 604 666 terminum,
631 602 714 671 prae
737 603 804 672 quo
831 581 924 649 Deus
941 579 1030 648 velit
1045 579 1244 648 infantibus
1260 579 1411 648 salutem
1438 580 1493 648 vel
1507 581 1566 670 pri·
1614 581 1615 600 ¹

407 689 581 757 rationem
605 687 732 756 salutis
755 687 822 773 (th.
840 686 979 774 XLV).

475 797 514 866 Si
538 797 651 886 igitur
674 797 711 862 in
735 816 860 884 genere
883 801 919 862 et
941 793 1173 863 abstrahendo
1189 815 1211 861 a
1226 794 1337 862 modis
1353 801 1391 863 et
1406 795 1569 864 adiunctis
1615 851 1616 856 ,

408 905 619 996 specialibus
635 909 853 994 spectaretur
868 903 1049 986 terminus,
1070 903 1256 971 secundum
1274 925 1376 994 quem
1392 903 1569 994 distingui-

407 1017 468 1077 tur
487 1007 648 1075 voluntas
672 1005 799 1074 salutis
822 1004 1018 1072 antecedens
1042 1005 1283 1072 universalius
1299 1005 1486 1074 voluntate
1509 1033 1570 1073 ecn-

409 1129 564 1206 sequente
580 1113 806 1204 particulari,
821 1135 996 1202 possemus
1008 1111 1134 1194 dicare,
1149 1111 1337 1180 terminum
1349 1135 1427 1182 esse
1439 1115 1570 1184 eunden

409 1223 521 1315 quoad
545 1221 751 1289 infantesac
775 1219 887 1312 quoad
911 1218 1050 1290 adultos
1075 1219 1225 1287 rationis
1248 1223 1571 1312 compotas,prsevi-

408 1353 483 1398 sum
506 1329 642 1397 scilicet
665 1339 792 1392 stntvan
809 1327 951 1414 ‚aneson
973 1325 1110 1416 gratiae
1134 1325 1189 1394 vel
1214 1327 1362 1416 peccati.

474 1436 519 1504 2⁰.
548 1435 586 1502 Si
611 1435 677 1502 iam
702 1433 738 1501 in
764 1441 923 1502 concreto
955 1433 1193 1504 consideratur
1218 1433 1357 1517 modus,
1385 1457 1458 1526 quo
1481 1437 1520 1504 fit
1541 1447 1571 1506 nt

407 1547 506 1614 homo
521 1543 557 1610 in
572 1540 690 1630 gratia
708 1547 920 1630 perseveret,
938 1547 975 1609 et
991 1563 1057 1633 quo
1080 1539 1286 1610 antecedens
1308 1541 1375 1610 Dei
1402 1544 1569 1627 voluntas,

408 1656 574 1744 quantum
598 1671 640 1716 ex
665 1671 700 1716 se
723 1654 788 1733 est,
818 1649 895 1719 vult
919 1650 1068 1718 omnium
1097 1649 1394 1734 iustificationam,
1427 1675 1572 1743 perseve-

407 1757 555 1828 rantiam
571 1755 607 1823 in
631 1755 749 1845 gratis
772 1756 1168 1846 etsalntem31nagnnm
1192 1762 1246 1824 est
1272 1755 1466 1826 discrimen
1492 1760 1573 1828 inter

407 1867 561 1934 infantes
576 1883 616 1930 ac
635 1861 785 1930 adultos.
805 1863 1015 1932 Adulterum
1034 1863 1239 1931 iustificatio
1265 1869 1302 1932 et
1317 1867 1573 1953 perseverantis

406 1975 441 2042 in
466 1971 608 2040 iustitia
631 1993 699 2038 non
722 1977 933 2060 potestesse
958 1972 1031 2038 sine
1055 1993 1171 2038 eorum
1199 1969 1310 2038 libera
1341 1975 1573 2063 cooperatione

406 2103 482 2150 cum
506 2077 642 2168 gratiae
674 2077 869 2162 adiutorio,
896 2078 1087 2147 detectioa
1115 2076 1376 2167 perseverantia
1407 2101 1451 2148 ac
1482 2081 1573 2150 finale

407 2195 584 2280 peccatum
597 2193 704 2254 estex
717 2209 834 2254 eorum
848 2185 970 2256 liberis
982 2185 1278 2255 commissionibus
1285 2192 1321 2254 et
1333 2187 1572 2258 omissionibus

407 2293 527 2376 malis,
554 2314 641 2384 quas
670 2292 766 2360 Deus
788 2315 856 2361 non
881 2292 961 2361 vult
991 2293 1049 2361 sed
1074 2291 1249 2382 permittit
1271 2293 1340 2380 (cf.
1369 2292 1427 2362 th.
1447 2295 1570 2364 XLIII.

406 2427 440 2472 a.
459 2400 539 2484 H.).
566 2397 665 2468 Unde
699 2399 793 2467 Deus
824 2423 891 2468 uon
922 2407 1037 2490 potest
1065 2398 1221 2488 intelligi
1250 2399 1432 2468 cotronense
1456 2419 1571 2468 antae

406 2507 505 2578 dense
527 2515 563 2578 et
586 2513 751 2600 quantum
777 2529 818 2577 ex
844 2531 879 2576 ee
901 2515 974 2594 est,
1000 2507 1090 2578 velle
1121 2507 1272 2575 omnium
1298 2506 1474 2592 alutam,
1499 2511 1570 2602 quin

406 2617 565 2688 omnibns
588 2617 715 2683 offerat
741 2615 1011 2706 possibilitatem
1039 2614 1321 2700 iustificationis,
1352 2639 1569 2706 perseveras·
1622 2643 1623 2706 p

406 2725 476 2796 tiae
501 2731 537 2792 et
556 2723 681 2792 salutis
705 2723 919 2792 concedendo
941 2723 1077 2814 gratias
1100 2722 1324 2806 necessarias,
1352 2723 1433 2795 eine
1456 2726 1571 2817 quibus

406 2831 506 2900 nulla
528 2839 582 2900 est
605 2828 735 2898 salutis
765 2829 993 2918 possibilitas.
1021 2829 1108 2897 Vide
1132 2827 1336 2897 Bellarmin.
1355 2830 1399 2899 de
1425 2831 1527 2900 Grat.
1543 2837 1570 2898 et

407 2939 468 3008 lib.
487 2938 561 3006 arb.
581 2936 606 3004 l.
624 2935 674 3004 II.
693 2959 723 3005 c.
742 2937 775 3003 5.
795 2935 917 3018 Quoad
940 2933 1080 3005 adultos
1096 2955 1179 3024 ergo
1206 2935 1392 3020 terminus,
1412 2959 1571 3030 praeque

408 3047 570 3116 voluntas
593 3045 752 3114 salvifica
776 3043 989 3114 universalis
1020 3049 1177 3132 spectate
1205 3065 1246 3110 cx
1276 3043 1418 3134 integro
1450 3046 1571 3116 dicitnr

407 3152 621 3236 antecedens,
647 3151 799 3220 includit
821 3151 924 3220 etiam
957 3151 1155 3240 praevisum
1187 3151 1310 3218 bonnm
1342 3173 1445 3220 usum
1479 3151 1570 3221 liberi

406 3261 547 3334 arbitrii
570 3261 684 3330 adiuti
709 3283 768 3350 per
791 3261 942 3349 pretinm
968 3258 1022 3326 vel
1041 3259 1299 3348 praecognitum
1325 3259 1456 3330 nudum
1482 3285 1568 3330 nsum

406 3369 557 3442 eiusdem
583 3367 721 3436 arbitrii
746 3389 812 3434 non
839 3365 1059 3458 obsequentis
1075 3367 1204 3454 gratiis
1231 3365 1359 3434 oblatis
1375 3369 1439 3454 (cf.
1456 3368 1494 3438 S.
1508 3371 1570 3436 An·

407 3483 501 3572 gast.
521 3497 627 3565 snpra
643 3475 696 3542 th.
715 3475 775 3543 LI.
796 3474 905 3558 LH.).
924 3474 1053 3543 Contra
1069 3495 1152 3542 varo
1176 3471 1220 3540 ad
1242 3473 1527 3545 iustificationem
1540 3483 1569 3544 et

408 3582 698 3678 perseverantiam
725 3581 915 3650 infantium
947 3580 1092 3649 liberum
1123 3601 1239 3648 eorum
1267 3579 1457 3648 arbitrium
1487 3581 1568 3650 nibil

407 3693 543 3762 omnino
566 3690 641 3781 egit
665 3713 727 3759 nec
750 3713 855 3780 agere
878 3695 1004 3780 potest,
1023 3693 1143 3779 utpote
1167 3687 1258 3778 quod
1274 3686 1310 3754 in
1333 3695 1419 3758 actu
1443 3689 1567 3758 unllnu

406 3811 470 3870 est.
507 3797 658 3868 Medium
689 3819 755 3889 quo
786 3797 937 3866 efficitur
969 3817 1084 3864 eorum
1119 3792 1346 3876 iustificatio‚
1373 3795 1568 3884 (privilagio

408 3907 570 4000 martyrii
589 3911 745 3997 excepto)
757 3913 811 3974 cst
822 3904 1016 3995 baptismus
1030 3901 1181 3970 collatus
1197 3902 1325 3993 absque
1337 3901 1414 3969 ulle
1425 3903 1566 3994 ipsorum

406 4017 592 4088 infantium
619 4013 730 4082 libera
754 4011 1001 4102 cooperatione;
1029 4006 1289 4100 perseverantia
1312 4029 1396 4076 vero
1418 4017 1473 4078 cst
1487 4031 1565 4078 merc

406 4125 542 4216 passive
571 4123 765 4192 consistens
788 4120 824 4188 in
856 4119 933 4208 ipsa
962 4119 1080 4208 gratia
1110 4115 1232 4182 mortis
1262 4123 1340 4206 post
1368 4114 1564 4184 sacramcmi

404 4231 670 4324 susaeptionem,
698 4249 785 4320 quae
809 4247 899 4292 mors
922 4223 1006 4291 lieet
1029 4245 1090 4313 per
1106 4245 1143 4291 se
1159 4228 1366 4312 spectatast
1382 4223 1564 4311 entologioe

404 4345 480 4430 (seu
493 4337 696 4421 entitative)
713 4337 761 4403 eit
775 4331 963 4414 naturalis,
978 4329 1131 4398 includit
1146 4333 1261 4396 tanum
1279 4329 1430 4419 gretiam
1448 4331 1562 4395 intrin-

404 4473 473 4518 seca
495 4443 815 4538 supernaturalem,
842 4437 872 4506 ei
896 4443 1076 4528 spectatur
1107 4434 1279 4525 complexe
1311 4459 1398 4501 marr
1419 4439 1455 4498 in
1477 4447 1563 4500 stass
