3394 5056
899 341 938 360 -
959 309 1000 372 34
1020 340 1058 360 ..

390 419 481 494 sciat
495 439 532 490 ee
546 416 648 502 soire;
666 436 746 484 nam
762 414 911 484 seientia
925 413 1026 484 debat
1040 435 1115 484 esse
1130 414 1323 504 perfectum
1343 411 1572 484 intellectua-

392 529 426 600 le
448 527 583 608 lumen,
619 523 710 616 quod
734 523 885 612 seipsum
916 519 1332 608 manifestissimum
1362 519 1569 611 Hetaphye.

391 635 481 726 disp.
501 633 532 704 1.
549 637 634 702 sect.
650 631 685 702 4.
701 637 715 718 )
729 629 793 717 (1).
807 630 927 699 Potest
948 635 1064 698 tamen
1081 629 1236 718 cognitio
1257 626 1387 696 reflexa
1401 627 1575 698 veritatis

392 739 513 834 pertici
535 744 572 808 et
595 737 696 808 reddi
718 736 921 806 distinctior
944 735 1085 825 enalysi
1108 739 1406 826 argumentorum.

457 847 515 918 Ad
537 844 750 936 theologiam
765 851 881 914 autem
894 845 958 914 sub
975 843 1116 914 formali
1131 843 1207 914 eius
1223 843 1360 911 ratione
1375 843 1449 912 eine
1461 841 1576 912 dubio

393 954 584 1050 pertinebit
605 951 775 1022 indicium
799 953 842 1021 de
865 951 984 1020 valore
1008 950 1314 1022 demonstrationis
1330 949 1516 1018 rationalis
1531 957 1576 1018 et

392 1065 435 1134 de
458 1061 495 1132 vi
518 1059 669 1130 rationis
692 1058 862 1128 humanae
885 1059 930 1128 ad
953 1059 1064 1128 Deum
1098 1059 1306 1128 existentem
1328 1081 1371 1127 ex
1395 1055 1576 1127 creaturis

392 1168 501 1240 insito
524 1167 592 1238 sibi
617 1165 749 1236 lumine
761 1166 1047 1255 cognoscendum,
1073 1167 1104 1234 ei
1127 1166 1165 1234 in
1188 1166 1294 1235 verbo
1309 1165 1375 1234 Dei
1398 1163 1570 1248 revelato.

394 1275 487 1370 quod
510 1273 709 1364 theologiae
730 1279 785 1344 est
806 1275 984 1364 proprium
1007 1274 1216 1344 obiectivum
1239 1271 1450 1364 cognitionis
1471 1271 1573 1362 prin·

394 1382 537 1476 oipium,
562 1380 729 1472 explicite
753 1380 837 1450 haec
860 1381 1009 1450 rationis
1032 1381 1150 1450 virtus
1172 1380 1365 1451 affirmetur
1381 1386 1445 1448 ant
1464 1400 1571 1470 nege-

394 1499 478 1577 tnr;
505 1488 562 1558 vel
586 1493 678 1558 certe
709 1489 747 1556 in
778 1487 992 1558 revelatione
1023 1489 1270 1558 contineantur
1300 1487 1497 1578 principia,
1524 1509 1570 1555 ex

394 1597 522 1692 quibus
545 1595 630 1687 qnid
654 1595 905 1680 affirmandum,
932 1596 1016 1688 quid
1039 1597 1236 1687 negandum
1260 1595 1320 1680 sit,
1339 1595 1499 1686 legitime
1514 1591 1570 1662 da

393 1707 558 1776 ducatur.
575 1703 691 1796 Atqui
713 1709 789 1773 tum
814 1706 851 1774 in
874 1705 979 1776 verbo
1002 1705 1068 1774 Dei
1087 1707 1218 1796 scripto
1231 1711 1306 1776 tum
1322 1703 1571 1775 inuniversali

394 1835 435 1882 ao
458 1810 634 1881 constanti
658 1809 811 1880 eiusdem
828 1811 928 1880 verbi
941 1812 1087 1882 revelati
1107 1813 1399 1904 interpretatione
1413 1833 1436 1878 a
1449 1809 1569 1880 catho-

393 1919 475 1990 licis
497 1917 676 1987 Ecclesiae
698 1917 907 1988 Doctoribue
929 1919 1064 1988 eredita
1087 1921 1198 1990 multu
1221 1925 1317 2006 sunt,
1343 1940 1431 2011 quae
1454 1925 1569 1988 osten·

393 2029 482 2099 dunt
505 2027 614 2096 Deum
630 2033 807 2096 auctorem
822 2026 1007 2098 rationalis
1021 2028 1166 2098 luminis
1185 2029 1290 2098 etiarn
1306 2025 1571 2118 supernaturali

393 2135 609 2206 revelatione
632 2157 694 2202 noe
717 2134 875 2204 docuisse
898 2135 940 2206 de
963 2135 1098 2206 virtute
1128 2135 1316 2226 congenita
1337 2142 1374 2204 et
1396 2136 1438 2204 de
1468 2133 1570 2203 modo

395 2265 456 2334 per
479 2241 570 2310 hanc
593 2241 762 2312 vimutem
785 2241 981 2312 naturalem
1005 2243 1233 2334 cognoscendi
1265 2264 1363 2326 enm,
1389 2242 1568 2312 cuiusce

395 2347 510 2442 gnitio
532 2356 587 2418 eet
609 2348 691 2418 finis
717 2347 862 2418 ultimus
886 2349 1046 2435 rationis,
1072 2349 1290 2420 necessarius
1311 2371 1353 2419 ac
1375 2347 1567 2418 naturalia.

396 2453 566 2540 Quamvis
588 2455 680 2522 euim
704 2476 826 2524 verum
848 2461 951 2540 esset,
978 2457 1068 2548 qnod
1092 2455 1248 2546 theologi
1272 2455 1434 2525 nonnulli
1450 2477 1568 2525 recen·

344 2556 349 2562 ’
394 2564 503 2634 tiores
525 2561 834 2646 animadvertunt,
859 2563 898 2630 in
929 2563 1125 2654 Scripturie
1146 2571 1183 2633 et
1205 2563 1420 2634 revelatione
1446 2585 1567 2654 snper-

395 2667 553 2740 natnrali
568 2667 759 2758 genemtim
783 2690 852 2736 non
874 2675 945 2737 tam
961 2671 1179 2760 argumentis
1192 2669 1396 2760 persuaderi
1409 2669 1485 2740 veri
1500 2670 1569 2740 Dei

394 2775 618 2847 existentiam
641 2795 742 2866 quem
767 2775 1002 2863 plenissimam
1025 2775 1102 2846 eins
1124 2777 1194 2845 iam
1210 2777 1358 2867 supponi
1374 2777 1568 2867 persuasio·

395 2907 484 2970 nem,
511 2883 596 2954 haec
619 2889 734 2950 umen
758 2882 835 2972 ipsa
859 2884 1053 2974 suppositio
1076 2883 1248 2974 imprimis
1272 2884 1480 2968 ostenderet,
1512 2907 1566 2954 oo

395 2991 587 3083 gnitionem
610 2997 646 3062 et
669 2991 924 3080 persuasionem
947 2992 1013 3060 Dei
1036 2992 1222 3062 existentis
1255 2993 1410 3085 aliquam
1433 3015 1508 3061 esee
1530 3001 1568 3062 et

395 3100 543 3192 supponi
558 3099 815 3168 antecedentem
840 3123 879 3168 ac
902 3099 1187 3191 independentem
1202 3123 1224 3170 a
1238 3100 1501 3192 supernaturali
1513 3123 1566 3170 re·

394 3205 581 3276 velatione.
607 3207 792 3276 Praeterea
814 3207 983 3276 revelatio
1006 3207 1135 3293 eadem
1154 3209 1374 3298 potissimum
1390 3211 1452 3279 nbi
1468 3212 1566 3300 igno-

394 3315 565 3384 rationem
577 3314 801 3404 reprehendit
812 3315 870 3384 vel
879 3316 1099 3406 negationem
1111 3317 1188 3386 veri
1204 3317 1281 3402 Dei,
1295 3325 1370 3386 turn
1388 3319 1568 3384 theoretice

395 3421 532 3490 modurn
555 3421 701 3505 indicat,
727 3444 794 3514 quo
811 3422 966 3492 homines
989 3427 1118 3492 natura
1140 3423 1227 3493 duce
1250 3424 1295 3492 ad
1314 3424 1424 3493 Deum
1441 3445 1565 3514 cogno

395 3529 559 3600 scendum
590 3531 773 3622 pervenire
803 3531 1000 3622 potuissent
1021 3539 1059 3601 et
1081 3531 1293 3621 debuissent;
1318 3539 1393 3603 tum
1411 3535 1567 3622 practice

394 3643 430 3708 et
451 3637 604 3708 exercite
627 3637 938 3709 demonstrationes
964 3640 1154 3708 rationales
1184 3639 1393 3710 existentiae
1414 3639 1480 3710 Dei
1503 3641 1564 3709 dn-

394 3753 469 3816 otas
491 3769 533 3816 ex
558 3747 651 3816 lacto
674 3747 882 3818 existentiae
898 3748 1005 3817 hnins
1022 3747 1180 3816 universi
1194 3754 1371 3839 tamquam
1387 3747 1566 3837 legitimas

393 3859 430 3923 et
451 3853 763 3924 sufficientissimas
775 3855 959 3947 Scriptura
982 3855 1060 3946 ipsa
1082 3877 1150 3923 non
1174 3877 1244 3923 nnc
1266 3855 1304 3924 in
1319 3855 1395 3924 loco
1409 3854 1563 3939 exhibet,

393 3979 481 4050 quaa
502 3959 680 4030 Ecclesiae
702 3961 826 4031 Patres
849 3961 1083 4054 Doctoresque
1099 3983 1236 4030 mnsum
1252 3959 1515 4051 Scripturarurn
1527 3967 1566 4030 et

393 4089 435 4136 ex
459 4089 498 4135 eo
521 4067 719 4139 derivatum
742 4069 961 4140 intellectum
991 4067 1199 4138 catholicum
1230 4067 1438 4158 diligentius
1467 4091 1565 4138 exeo

394 4173 507 4242 lentae
536 4173 650 4264 plenis
684 4175 844 4267 deinceps
878 4175 1175 4266 disputationibus
1206 4173 1444 4245 vindicarunt.
1469 4175 1565 4245 Haeo

458 4317 501 4392 (1)
520 4339 534 4366 ι
546 4318 600 4372 Per
618 4323 707 4374 lucem
729 4323 835 4375 mentia
855 4322 990 4388 intelligo
1003 4337 1073 4376 rere
1087 4337 1159 4388 eree,
1177 4337 1249 4389 quac
1260 4321 1338 4376 dieta
1354 4327 1433 4388 sunt,
1454 4325 1484 4373 et
1495 4322 1564 4375 haec

397 4426 439 4464 ιο
459 4411 624 4476 intelligere
642 4427 694 4479 per
712 4413 784 4465 hanc
803 4427 904 4465 rurene
922 4413 1058 4478 intelligo
1073 4435 1086 4458 ι
1106 4411 1135 4464 S.
1147 4412 1219 4477 eug.
1233 4413 1267 4464 de
1286 4425 1355 4464 vera
1373 4412 1458 4477 relig.
1476 4428 1505 4464 n.
1517 4413 1562 4465 97.
