3464 5058
896 400 932 413 -
954 369 1014 430 668
1037 401 1073 413 -
1169 368 1173 376 ’

402 497 469 542 nus
492 485 545 542 est
568 473 612 542 ad
637 473 798 563 gloriam,
826 498 890 538 non
909 472 1122 540 antecedenti
1144 473 1202 541 sed
1228 476 1443 564 consequenti
1458 472 1569 538 solun-

404 584 472 646 tati
495 580 668 666 ealoificoe
690 581 888 662 tribuitur,
916 587 991 648 tota
1014 577 1078 646 illa
1101 581 1312 669 comparatio
1342 577 1433 646 nihil
1469 576 1572 645 officit

403 687 580 754 doctrinae
602 687 645 754 de
668 687 984 776 praedestinatione
1008 686 1052 753 ad
1076 686 1221 775 gloriam
1248 708 1289 754 ex
1316 687 1449 754 meritis
1481 707 1574 775 prae-

402 794 502 878 visis,
529 793 683 862 sedeam
709 794 826 884 potius
849 793 1045 862 confirmat.

468 901 579 992 Atqui
597 907 629 988 a)
644 902 762 966 electio
779 901 815 968 iu
832 900 908 968 illis
925 900 1013 990 ipsis
1030 900 1195 969 articulis
1211 921 1232 966 a
1249 900 1285 968 S.
1300 899 1432 967 Thema
1447 899 1576 968 diserte

401 1008 533 1076 dicitur
548 1031 615 1075 non
633 1008 743 1075 solum
758 1008 802 1076 ad
816 1007 977 1098 gloriam,
1004 1007 1061 1075 sed
1086 1005 1132 1072 od
1154 1009 1307 1096 qratiam
1331 1006 1484 1072 simulet
1506 1003 1576 1095 plo-

400 1117 502 1181 rians.
524 1142 540 1178 ι
559 1113 736 1196 Quaedam
758 1115 849 1183 'bona
871 1115 934 1183 dat
956 1115 1080 1202 (Deus)
1104 1113 1294 1206 aliquibus,
1323 1135 1410 1206 qnae
1433 1135 1502 1180 non
1519 1112 1579 1181 dat

403 1223 495 1310 aliis;
522 1230 558 1292 et
580 1225 631 1292 sio
655 1225 690 1292 iu
716 1223 899 1289 collatione
921 1228 1060 1312 psallas
1083 1237 1115 1289 et
1137 1223 1273 1312 qloriue
1295 1220 1491 1288 attenditur
1522 1220 1578 1286 ele

402 1334 468 1396 ctio
483 1358 499 1390 n
526 1329 558 1398 1.
577 1355 610 1421 q.
628 1329 685 1396 23.
705 1351 737 1396 a.
755 1331 788 1396 4.
805 1330 890 1398 adl.
910 1357 926 1392 ιι
945 1329 1081 1397 Eleutio
1094 1328 1217 1397 divina
1230 1329 1328 1417 facit
1346 1327 1579 1396 diversitatem

400 1439 551 1527 qratiae,
577 1437 670 1506 sicut
685 1436 868 1526 dispositio
884 1437 1035 1523 (divina)
1053 1436 1294 1506 diversitatem
1311 1444 1441 1504 natura
1457 1435 1576 1502 facit»

402 1545 434 1612 1.
453 1545 535 1613 dist.
554 1545 610 1613 41.
631 1571 664 1636 q.
685 1545 717 1611 1.
737 1567 768 1610 a.
784 1545 817 1612 2.
837 1543 881 1612 ad
897 1543 930 1611 2.
950 1543 1023 1613 Hoc
1046 1566 1130 1632 ergo
1154 1543 1251 1612 modo
1275 1543 1451 1633 complexe
1467 1543 1511 1610 de
1527 1563 1578 1608 sa·

401 1650 476 1717 luto
511 1648 677 1718 inchoata
711 1671 773 1738 per
803 1649 952 1737 gretiam
989 1656 1023 1716 et
1055 1655 1291 1717 consummata
1333 1669 1394 1737 per
1430 1646 1578 1735 gloriam

401 1752 438 1820 S.
457 1751 586 1820 Ductor
617 1752 777 1842 intelligi
802 1752 926 1836 debet,
953 1752 1090 1844 quaudo
1114 1753 1177 1819 ait:
1208 1783 1223 1814 ι
1240 1752 1334 1820 Deus
1358 1751 1440 1820 vult
1463 1773 1579 1820 eorum

401 1860 573 1943 salutem,
599 1860 642 1928 ad
675 1861 765 1951 quod
802 1860 954 1949 pertinet
988 1859 1113 1927 electio
1145 1865 1182 1926 et
1211 1859 1388 1927 dilectior
1416 1859 1449 1926 l.
1470 1883 1504 1949 q.
1522 1856 1576 1924 23.

402 1991 433 2035 a.
448 1967 480 2034 4.
496 1967 529 2034 Ο.
547 1967 696 2032 Dilectio
714 1990 796 2035 vero
812 1967 877 2034 Dei
894 1969 968 2033 sive
981 1965 1146 2034 voluntas
1159 1966 1435 2034 communicandi
1454 1967 1577 2033 bonnm

284 2075 289 2085 '
401 2075 555 2142 refertur
578 2075 622 2141 ad
647 2076 734 2142 bona
757 2074 898 2156 eadem,
937 2073 979 2142 ad
1019 2094 1106 2163 quae
1137 2074 1293 2163 pertinet
1322 2072 1470 2159 electio;
1497 2093 1577 2160 ergo

400 2178 447 2245 ud
468 2182 621 2270 qratiam
645 2195 677 2246 et
698 2181 862 2268 plor-icen:
886 2179 1010 2247 electio
1034 2181 1125 2246 enim
1149 2200 1255 2268 supra
1279 2179 1504 2247 dilectionem
1543 2176 1576 2245 id

400 2286 511 2354 solum
534 2287 646 2370 addit,
673 2286 763 2377 quod
787 2285 880 2354 Deus
904 2283 1086 2351 dilectione
1108 2285 1190 2352 vult
1214 2287 1335 2352 bonum
1361 2285 1474 2353 alicui
1503 2284 1577 2352 aba·

400 2415 467 2484 que
492 2394 747 2484 comparatione
771 2416 847 2460 cum
872 2392 967 2474 aliis,
988 2393 1148 2458 electione
1170 2391 1235 2461 hoc
1258 2394 1381 2460 bonurn
1408 2392 1493 2460 vult
1515 2390 1575 2458 ali-

401 2501 528 2591 quibus
551 2524 636 2589 prae
658 2501 756 2580 aliie,
781 2507 823 2568 ut
839 2499 864 2568 l.
885 2523 914 2568 c.
936 2499 1129 2586 Angelious
1153 2499 1323 2568 declarat.

470 2613 500 2693 a)
516 2606 570 2674 Ex
595 2607 756 2674 doctrina
779 2606 913 2674 diserta
936 2605 972 2673 S.
994 2605 1145 2673 Thomas
1159 2607 1288 2684 electio,
1307 2608 1513 2696 praesertim
1538 2611 1575 2674 ut

399 2709 596 2778 includitur
608 2709 731 2778 electio
744 2709 786 2776 ad
799 2710 960 2798 gloriam,
973 2709 1127 2798 pertinet
1139 2710 1182 2778 ad
1196 2710 1410 2778 voluntatem
1419 2710 1488 2779 Dei
1501 2731 1574 2778 con·

399 2824 609 2906 sequentem,
626 2837 693 2882 non
708 2815 752 2882 ed
768 2815 1037 2900 antecedentem
1054 2815 1236 2884 voluntate
1248 2817 1339 2884 enim
1351 2817 1573 2886 antecedente

399 2928 494 3009 (ante
510 2945 642 2991 omnem
658 2923 909 3011 praevisionem
937 2945 1124 2991 consensus
1154 2922 1210 2990 vel
1239 2922 1431 3007 dissensus,
1460 2923 1573 2992 meriti

399 3029 478 3096 boui
494 3027 551 3096 vel
567 3027 665 3111 mali)
678 3029 780 3096 iuxta
796 3028 832 3096 S.
845 3027 1011 3096 Thomam
1024 3029 1119 3096 Deus
1134 3051 1201 3096 non
1220 3028 1325 3119 eligit
1340 3029 1478 3121 aliquos
1494 3051 1571 3120 praa

397 3135 498 3219 aliis3
529 3135 587 3203 aed
618 3135 697 3202 vult
723 3157 838 3203 omnes
866 3135 984 3203 salvos
1007 3135 1096 3203 lieri.
1129 3136 1184 3204 Ad
1209 3135 1299 3204 hanc
1323 3136 1566 3204 obiectionem:

401 3271 416 3305 ι
428 3243 551 3310 electio
562 3241 732 3333 quandam
745 3242 987 3310 discretionem
1000 3243 1180 3333 importat,
1195 3243 1254 3311 sed
1264 3245 1357 3310 Deus
1370 3231 1570 3311 vult'omnes

398 3348 554 3416 homines
570 3349 688 3417 salvos
711 3349 801 3432 fieri,
820 3371 904 3437 ergo
920 3350 1193 3438 praedestinatio
1208 3357 1262 3419 est
1285 3352 1414 3442 absque
1433 3349 1567 3420 electio·

399 3478 475 3538 ne‚n
491 3454 687 3544 Angelicus
701 3456 886 3544 respondet
904 3457 935 3524 1.
948 3483 980 3549 q.
993 3455 1048 3524 23.
1060 3477 1093 3525 a.
1103 3458 1137 3526 4.
1149 3457 1194 3526 ad
1206 3457 1239 3524 ὃς
1257 3489 1273 3521 ι
1285 3457 1469 3526 dicendum
1482 3455 1569 3549 qnod

399 3561 493 3628 Deus
511 3560 591 3628 vult
606 3582 721 3628 omnes
738 3560 855 3628 salvos
871 3561 947 3630 lieri
962 3563 1216 3644 antecedenter,
1233 3563 1323 3654 quod
1339 3585 1407 3630 non
1423 3569 1479 3632 est
1494 3565 1568 3631 sim·

398 3668 540 3757 pliciter
563 3667 655 3736 velle
679 3667 746 3752 (ita
769 3675 810 3735 ut
833 3669 881 3736 sit
904 3671 980 3757 ipse
1003 3670 1163 3753 effectus)
1188 3671 1247 3738 sed
1271 3671 1461 3738 secundum
1487 3667 1567 3762 quid

399 3774 679 3861 (conditionate),
696 3797 763 3842 non
779 3785 896 3843 autem
909 3784 1169 3866 consequenter,
1184 3777 1273 3868 quod
1290 3783 1345 3846 est
1361 3777 1566 3867 simpliciter

399 3883 537 3952 vellen
564 3882 725 3949 Affirmat
759 3905 866 3971 ergo:
903 3884 996 3950 Deus
1027 3885 1210 3953 voluntate
1245 3886 1468 3954 antecedente
1492 3883 1566 3953 vult

396 4013 514 4058 omnes
537 3991 654 4058 salvos
677 3990 767 4071 fieri,
794 4011 881 4082 quae
905 4015 971 4058 non
996 3998 1051 4059 est
1073 3993 1189 4060 adhuc
1212 3993 1345 4075 electio,·
1359 4000 1395 4060 et
1411 3994 1491 4061 vult
1507 3991 1563 4060 ali·

398 4119 484 4187 quos
508 4119 591 4185 pree
613 4099 696 4166 aliis
715 4098 832 4166 salvos
853 4098 929 4166 fieri
952 4099 1128 4166 volontate
1144 4116 1373 4190 consequente,
1391 4123 1479 4189 quae
1494 4103 1564 4190 ipsa

398 4217 446 4270 est
463 4204 593 4272 electio.
614 4205 760 4274 Iterum:
777 4205 835 4272 usi
850 4207 969 4273 electio
986 4207 1198 4297 accipiatur,
1210 4208 1396 4276 secundum
1414 4208 1502 4300 quod
1516 4209 1565 4275 eet

396 4309 433 4376 in
457 4310 632 4400 proposito
656 4311 767 4401 ipsius
790 4312 867 4394 Dei,
895 4313 945 4381 sic
968 4320 1111 4382 aeterna
1144 4321 1220 4397 est,
1247 4314 1330 4404 quie
1361 4314 1404 4380 al
1435 4331 1562 4382 aeterno

397 4419 506 4484 notuit
520 4419 620 4484 bonos
636 4443 659 4484 a
672 4419 775 4484 malis
791 4443 971 4508 seqreqare
994 4425 1030 4484 in
1055 4421 1237 4508 ploriama
1257 4423 1288 4488 1.
1308 4421 1391 4489 dist.
1408 4421 1466 4489 41.
1483 4445 1514 4510 q.
1529 4419 1557 4486 l.
