3394 5056
906 364 944 378 ..
963 331 1004 394 28
1024 363 1063 378 ..

400 461 482 507 num
512 437 746 527 personalium
771 430 818 526 (rs
842 429 954 510 ἱδιαζον
979 458 1035 500 των
1060 432 1287 527 γκωρισματων)
1319 435 1523 506 contundat.
1545 463 1562 496 ι

400 545 681 614 Praeclarissime
703 545 729 612 l.
744 567 775 613 c.
793 543 987 633 Gregorius
1008 544 1272 614 Nazianzenus:
1294 574 1311 609 a
1328 545 1418 613 bauo
1432 544 1499 612 tibi
1522 543 1568 612 do

399 653 512 722 totius
535 653 631 722 vitas
654 653 782 722 sociam
804 659 841 721 et
862 659 1055 741 patronam,
1081 675 1185 721 anam
1207 653 1374 722 deitatem
1395 658 1432 720 at
1453 652 1568 720 virtu·

294 771 299 794 ·
400 765 481 843 tem,
507 759 648 851 quaein
663 759 778 828 tribus
800 760 982 828 invenitur
1004 759 1245 849 singulariter,
1265 769 1302 830 et
1322 760 1395 830 tria
1416 759 1509 828 inter
1531 780 1571 826 sa

401 866 598 936 distinctim
622 867 880 958 comprehcndit
905 861 948 958 (ἐν
964 889 1023 939 τοις
1042 889 1136 958 τρισιν
1156 867 1364 958 ἒυρισκσμενην
1381 865 1492 945 meana,
1516 887 1570 929 και

401 996 440 1038 τα
463 997 530 1066 τρια
553 970 827 1060 συλλαμβανονσαν
848 972 1049 1066 μεριστως)...
1079 975 1188 1043 trium
1211 974 1428 1042 infinitorum
1451 971 1571 1040 infini-

400 1088 472 1151 tam
496 1081 668 1168 unionem,
692 1083 803 1152 Deum
826 1105 1113 1175 unumquemque,
1132 1083 1241 1172 siper
1263 1105 1300 1152 se
1317 1082 1568 1164 consideretur,

400 1195 443 1256 ut
462 1189 603 1258 Patrem
619 1191 670 1259 sic
684 1190 828 1277 Filium,
847 1197 888 1260 nt
902 1191 1034 1262 Filium
1050 1193 1101 1261 sic
1113 1190 1286 1281 Spiritum
1301 1189 1480 1272 Sanctum,
1497 1207 1570 1254 ser·

401 1303 485 1365 vata
507 1297 632 1389 cuique
655 1321 719 1366 sna
741 1301 966 1390 proprietate,
991 1300 1101 1368 Deum
1123 1321 1249 1368 rursus
1271 1299 1343 1366 tria
1358 1297 1454 1380 haec,
1473 1295 1505 1362 si
1520 1293 1570 1362 si·

399 1405 471 1474 mul
487 1407 696 1495 cogitantem
715 1407 806 1476 illud
829 1415 968 1498 propter
982 1406 1392 1490 consubstantialitatem,
1409 1403 1474 1472 boo
1489 1423 1570 1492 pro-

398 1517 475 1602 pter
497 1513 718 1603 principatus
749 1514 931 1584 unitatem.
956 1514 1026 1582 Vix
1049 1515 1087 1582 ie
1110 1513 1200 1603 quod
1223 1535 1331 1581 unam
1352 1517 1426 1594 cst,
1451 1510 1570 1576 animo

398 1619 549 1708 concepi,
575 1642 653 1688 eum
675 1620 797 1688 statim
820 1621 936 1689 tribus
958 1620 1241 1710 circumfulgeon
1267 1621 1330 1689 vix
1352 1617 1424 1686 tria
1439 1615 1567 1684 distin·

399 1747 506 1811 gnere
528 1726 680 1816 incipio,
707 1751 785 1796 cum
808 1727 853 1796 ad
875 1727 913 1796 id
936 1727 1026 1819 quod
1049 1751 1156 1796 unum
1186 1733 1264 1811 ast,
1290 1724 1469 1794 reducorn
1495 1730 1566 1792 etc.

465 1831 565 1914 Quod
577 1832 771 1921 Dionysius
786 1834 941 1924 appellat
956 1837 1090 1902 unitam
1108 1831 1153 1924 (το
1170 1829 1343 1919 meipsam),
1360 1831 1397 1900 id
1409 1831 1569 1899 Basilius

397 1936 485 2007 dicit
500 1941 790 2008 continuationem
812 1955 958 2010 natnroe
972 1943 1010 2011 in
1025 1944 1141 2012 tribus
1159 1937 1204 2028 (το
1221 1962 1346 2028 συνεχὲς
1357 1962 1410 2011 της
1421 1935 1566 2030 civetate),

397 2045 580 2136 Nysaenus
595 2069 673 2116 cum
689 2049 814 2117 ceteris
834 2053 1093 2116 communionem
1112 2043 1302 2136 (accamanus),
1319 2046 1567 2117 Nazianzenus

399 2177 502 2219 anam
518 2153 679 2221 deitatem
695 2159 733 2222 in
746 2158 856 2222 tribas
870 2159 1100 2246 einpnlcriter
1118 2151 1159 2241 (ἐν
1171 2177 1230 2228 τοις
1246 2176 1340 2244 τρισιν
1356 2153 1567 2246 ἐυρισκομενην

398 2256 509 2346 braca)
518 2261 695 2330 ·Vicissim
704 2261 793 2353 quod
803 2263 975 2352 Dionysio
984 2272 1038 2335 est
1046 2264 1246 2331 distinctum
1262 2260 1306 2346 (rs
1316 2255 1564 2353 διακεκριμενον),

396 2368 489 2457 apud
505 2368 677 2442 Basiliam
692 2375 748 2438 est
766 2375 947 2460 propriam
966 2371 1010 2461 (rc
1026 2363 1168 2458 ἱδιαζον),
1187 2369 1279 2459 apud
1294 2367 1493 2458 Nyssennm
1511 2374 1565 2434 a'n-

395 2475 671 2546 communicabile
686 2475 731 2564 (no
747 2472 967 2566 ἀκοινωνητον),
984 2480 1077 2570 apud
1099 2478 1357 2548 Nazianzenum
1377 2483 1462 2546 suut
1477 2479 1563 2558 tric,

395 2607 484 2674 qnae
498 2583 691 2650 distinctim
713 2611 783 2653 ann
806 2585 916 2654 deitas
939 2589 1172 2679 complectitur
1192 2581 1242 2678 (τα
1253 2607 1320 2676 τρια
1333 2583 1473 2658 ἤθεσι-τις
1489 2582 1566 2650 συλ-

396 2684 595 2776 λαμβανουσα
611 2697 782 2782 pepercere).

460 2795 571 2866 Aliud
593 2797 713 2890 itaque
735 2805 789 2868 est
810 2822 863 2886 ea,
890 2823 976 2894 quae
999 2803 1177 2894 pastinant
1200 2803 1244 2872 ad
1269 2795 1563 2891 tieoloqicmnnt·

396 2916 466 2969 tom
488 2903 718 2990 considerare,
744 2907 830 2997 quin
853 2907 957 2976 simul
973 2907 1139 3000 explicita
1154 2909 1415 2978 considerentur
1438 2907 1563 2977 distin·

393 3016 470 3079 ctae
493 3031 679 3100 personae,
705 3009 803 3082 aliud
828 3021 985 3104 spectare
1008 3037 1048 3083 ea
1071 3015 1168 3099 sola,
1194 3037 1282 3106 qnae
1316 3015 1495 3104 pertinent
1516 3014 1564 3083 ad

393 3137 497 3186 unam
519 3123 681 3184 naturam
704 3117 910 3205 absolutam,
935 3129 972 3190 et
993 3130 1133 3212 propter
1156 3122 1329 3191 defectum
1357 3121 1563 3190 sufficientis

394 3221 642 3311 propositionis
657 3222 831 3311 ignorare,
850 3248 938 3318 quae
953 3228 1132 3316 pertinent
1146 3227 1191 3296 ad
1208 3227 1359 3297 relativa
1378 3233 1415 3296 et
1433 3229 1477 3296 ad
1493 3227 1562 3296 dis·

391 3325 598 3395 tinctionem
620 3350 857 3419 personarum
883 3317 981 3402 eliud
1005 3333 1154 3426 danique
1177 3334 1401 3404 velletenere
1417 3334 1559 3420 casola,

392 3453 480 3525 quae
502 3431 755 3522 intelliguntur
778 3435 820 3505 de
843 3460 914 3506 una
936 3447 1065 3510 natura
1086 3439 1258 3524 absoluta,
1278 3449 1314 3510 et
1329 3463 1457 3531 negare
1473 3463 1561 3532 quae

390 3537 429 3606 in
451 3538 664 3610 revelatione
687 3543 900 3614 sufficienter
922 3547 1100 3638 proposita
1122 3557 1210 3617 suut
1233 3549 1275 3617 de
1297 3549 1503 3639 pluralitate
1526 3557 1564 3620 et

392 3644 616 3716 distinctione
638 3671 862 3738 personarum
885 3653 923 3720 in
953 3678 1023 3722 una
1052 3661 1193 3723 natura.
1219 3655 1375 3726 Primum
1403 3665 1458 3726 est
1487 3657 1562 3726 sina

393 3773 510 3820 errore
533 3760 571 3822 et
593 3754 798 3826 instituitur
819 3760 865 3828 ad
887 3761 1080 3830 faciliorem
1103 3767 1139 3830 et
1161 3762 1416 3833 distinctiorem
1430 3764 1561 3833 intelli-

393 3861 560 3948 gentiam,
579 3863 679 3932 cuius
694 3866 899 3955 partitionis
915 3869 972 3937 vel
987 3871 1105 3959 potius
1128 3871 1287 3938 formalis
1313 3871 1561 3940 abstractionis

392 3968 581 4037 necessitas
593 3973 816 4063 consequitur
828 3995 870 4042 ex
886 3974 1148 4065 imperfectione
1164 3977 1324 4047 naturali
1341 3979 1453 4046 nostri
1468 3979 1562 4048 modi

389 4070 624 4164 intelligendi
638 4077 931 4150 altarumestsine
946 4103 1061 4152 errore
1070 4084 1129 4153 sed
1140 4084 1360 4164 coniunctum
1372 4109 1450 4154 oum
1461 4086 1561 4174 iguo·
1579 4121 1583 4128 ¹

390 4179 519 4266 rautia,
541 4189 578 4252 et
603 4207 665 4274 pro
689 4187 800 4255 veteri
822 4187 1042 4258 Testamento
1060 4190 1163 4260 iuxta
1184 4200 1398 4282 praesentem
1417 4192 1560 4261 divinae

388 4287 630 4376 providentiae
663 4294 891 4362 oeconomiam
925 4298 1139 4387 supponebat
1166 4299 1324 4368 futuram
1357 4299 1560 4370 ulteriorem

389 4391 586 4486 theologiae
599 4397 864 4489 explicationem
881 4425 942 4494 per
953 4426 1063 4474 novar
1078 4405 1322 4496 revelationes,
1340 4406 1486 4476 tertium
1505 4413 1561 4476 eet
