3224 5068
896 335 1074 396 ..300-

400 445 567 532 queretur
593 441 697 525 euim,
724 441 755 508 si
778 441 914 510 sincera
936 447 1030 508 esset
1051 463 1170 508 eorum
1192 440 1382 528 professio,
1407 440 1444 506 in
1467 439 1568 504 Patre
1603 463 1604 484 ³

399 552 539 636 praeter
562 548 794 616 substantiam
809 548 907 616 alind
931 570 1005 617 esse
1028 548 1072 614 ab
1095 570 1136 648 ea
1159 545 1378 629 distinctum,
1401 551 1508 636 atque
1522 545 1568 610 ita
1603 583 1604 594 κ

399 653 510 720 Deum
526 654 600 721 fore
616 655 854 743 compositum.
876 655 1063 722 «Dixistis
1079 675 1122 720 ex
1136 654 1208 722 Deo
1223 675 1298 721 esse
1320 651 1467 734 Filium,
1492 671 1568 736 ergo
1603 695 1604 700 κ

401 758 469 824 iam
482 781 524 828 ex
537 761 735 828 substantia
747 759 866 828 Patris
877 783 951 830 esse
963 760 1106 829 dixistis
1120 787 1136 820 n
1152 761 1214 846 (l).
1228 759 1285 826 Ex
1297 759 1415 826 eadem
1427 757 1568 846 denique

400 866 537 934 ratione
560 867 801 957 simplicitatis
825 868 966 936 divinae
990 868 1058 936 PP.
1078 869 1262 936 confutant
1278 867 1451 934 Ariauam
1467 862 1567 951 tergi·
1603 915 1604 920 1

400 975 644 1061 versationem,
664 997 732 1066 qua
747 975 878 1042 Filium
895 976 997 1044 Patri
1021 976 1086 1044 alii
1109 975 1256 1044 similem
1281 974 1346 1042 alii
1369 971 1566 1041 dissimilem

400 1078 574 1148 dicebant.
594 1082 721 1173 Atqui,
740 1082 907 1174 inquiunt
922 1083 1141 1150 Athanasius
1157 1105 1209 1171 ep.
1229 1081 1274 1150 ad
1289 1081 1405 1148 Afric.
1424 1085 1463 1146 et
1477 1077 1566 1144 Basi-

399 1185 471 1254 lius
486 1210 540 1277 ep.
553 1188 631 1272 141,
650 1190 681 1256 si
695 1190 811 1258 Filius
823 1190 924 1258 Patri
939 1189 1250 1259 consubstantialis
1272 1211 1341 1256 non
1363 1193 1429 1270 est,
1450 1184 1566 1253 similis

400 1301 463 1362 aut
485 1296 669 1370 dissimilis
692 1297 790 1365 Patri
814 1298 885 1366 dici
907 1299 1018 1366 solum
1041 1305 1158 1388 posset
1180 1297 1316 1365 ratione
1346 1295 1563 1387 qualitatum,
1603 1347 1604 1353 κ

400 1403 431 1471 si
455 1424 538 1470 vero
561 1403 598 1470 iu
619 1403 692 1472 Deo
715 1405 905 1496 qualitates
927 1428 1002 1474 esse
1024 1405 1163 1489 dicitis,
1189 1405 1301 1474 Deum
1323 1403 1466 1492 fingitis
1489 1423 1565 1469 com·

356 1519 357 1522 ’
400 1509 574 1600 positum:
603 1513 727 1580 «absit
743 1511 819 1599 hoo;
845 1513 990 1602 simplex
1015 1520 1069 1581 est
1091 1513 1182 1580 euim
1206 1510 1418 1594 substantia,
1445 1510 1484 1576 in
1507 1530 1565 1599 qna
1603 1534 1604 1538 ¹

400 1639 468 1684 nou
492 1618 583 1686 inest
606 1618 759 1709 qualitas
774 1645 789 1680 n
804 1620 867 1706 (2).
884 1619 940 1688 Ex
964 1620 1086 1708 paucis
1109 1641 1197 1711 quae
1220 1619 1481 1708 descripsimus,
1500 1638 1564 1682 cou-
1603 1643 1604 1680 ;

402 1730 487 1808 stat,
507 1748 610 1816 quam
626 1733 722 1794 certa
744 1727 854 1795 fucrit
875 1727 986 1796 totius
1011 1727 1224 1796 christianae
1247 1725 1477 1816 antiquitatis
1499 1745 1564 1813 pro·
1603 1781 1604 1786 ,

401 1829 519 1912 fessio,
537 1830 629 1898 nihil
645 1831 686 1900 de
700 1831 772 1900 Deo
788 1831 970 1900 dicendum
984 1855 1070 1918 esse,
1082 1833 1172 1925 quod
1190 1831 1448 1922 compositionis
1464 1828 1563 1918 suspi-

402 1937 532 2006 cionem
549 1938 675 2006 habere
691 1938 814 2028 possit,
832 1945 869 2008 et
885 1962 988 2030 quam
1004 1961 1169 2030 graveac
1186 1939 1337 2029 capitale
1353 1938 1418 2008 hoc
1433 1938 1563 2006 divinae
1603 1997 1604 2004 ,

402 2045 645 2135 simplicitatis
666 2046 792 2134 dogma
816 2047 879 2114 SS.
895 2047 1062 2115 Doctores
1085 2046 1364 2115 aestimaverint.

468 2151 517 2220 H.
544 2153 621 2220 Nou
644 2159 716 2220 tam
739 2153 885 2222 solliciti
908 2177 1028 2222 sumus
1051 2154 1088 2222 in
1112 2154 1178 2223 hec
1201 2153 1294 2222 thesi
1318 2153 1360 2221 de
1375 2175 1413 2220 re
1436 2151 1562 2240 ipsane

401 2263 462 2340 sit,
480 2281 582 2350 quam
599 2259 714 2348 potius
731 2259 773 2327 de
790 2259 927 2328 ratione
942 2261 1018 2328 eius
1033 2261 1237 2344 intrinseca,
1256 2259 1375 2351 qualis
1390 2262 1437 2324 sit
1452 2257 1561 2325 diviua

402 2361 623 2451 simplicitas3
644 2363 811 2453 quomodo
832 2385 953 2452 nempe
977 2363 1079 2432 iuxta
1096 2364 1358 2454 Scripturarum
1382 2363 1561 2431 docuinam

401 2473 438 2537 et
453 2468 724 2558 praedicationis
746 2469 1005 2538 ecclesiasticae
1029 2471 1296 2561 explicationem
1321 2471 1427 2560 paulo
1449 2467 1560 2538 distin·

402 2575 496 2644 otius
518 2599 559 2644 ea
575 2575 732 2665 intelligi
755 2577 868 2665 possit
890 2578 1087 2669 quaerendo
1110 2601 1152 2646 ex
1177 2577 1244 2646 fide
1269 2578 1498 2647 intellectum.

470 2680 514 2750 1⁰.
535 2679 770 2770 Supponimus
793 2679 852 2748 hic
868 2679 968 2749 velut
984 2703 1045 2770 per
1062 2703 1098 2749 ae
1114 2682 1337 2750 manifestam
1353 2683 1391 2750 iu
1407 2683 1478 2750 Deo
1499 2703 1557 2748 ean

403 2785 677 2879 simplicitatem,
697 2809 784 2878 quaa
807 2792 926 2878 partes
950 2788 1202 2859 substantiales
1225 2788 1385 2858 excludit
1400 2789 1474 2856 sive
1495 2809 1558 2856 con·

402 2897 592 2964 stituentes
615 2894 690 2962 sive
721 2895 959 2982 integrantes,
986 2895 1180 2964 cuiusmodi
1205 2896 1348 2964 suntin
1372 2895 1555 2985 corporibus

403 3000 461 3070 vel
484 3001 520 3068 iu
543 2999 605 3084 iis,
632 3019 720 3089 quae
744 2997 867 3066 saltem
890 2997 997 3066 etiam
1022 2999 1196 3066 materiali
1219 2998 1340 3090 aliqua
1362 3007 1464 3090 parte
1485 3019 1556 3066 com·

403 3113 593 3198 ponuntur.
619 3105 795 3188 Quomodo
818 3105 910 3172 euim
933 3127 994 3195 per
1027 3127 1063 3173 se
1091 3105 1235 3175 evidens
1265 3106 1429 3190 nonsit,
1467 3107 1558 3174 Deum

402 3211 649 3304 perfectionem
672 3211 867 3280 absolutam
896 3233 966 3279 nou
996 3233 1094 3301 posse
1126 3212 1295 3281 constitui
1318 3219 1383 3281 aut
1414 3205 1557 3302 compleri

402 3341 463 3404 eo,
489 3318 579 3410 quod
603 3339 645 3386 ex
668 3318 861 3388 intrinseca
892 3339 956 3386 sua
983 3319 1119 3387 ratione
1149 3319 1393 3409 imperfectum
1415 3326 1470 3389 est
1496 3325 1556 3384 tum

403 3427 517 3516 gradu
539 3432 576 3493 et
598 3425 718 3494 ordine
742 3425 835 3494 entis
860 3449 921 3516 per
944 3449 980 3494 se
1004 3433 1182 3516 spectato,
1207 3431 1282 3494 tum
1306 3433 1465 3516 spectata
1486 3446 1555 3493 eou-

402 3534 574 3624 positione
598 3533 764 3624 partium,
790 3533 917 3624 quibus
941 3533 1106 3602 constat?
1133 3533 1332 3602 «Materiae
1355 3533 1492 3602 hebetes
1509 3549 1556 3596 na·

402 3649 486 3710 tara
500 3641 565 3710 illa
579 3664 645 3708 non
670 3641 807 3730 recipit,
834 3663 944 3731 neque
959 3664 1001 3710 ex
1017 3641 1169 3710 diversis
1194 3647 1331 3709 constat
1346 3646 1388 3708 ut
1405 3643 1552 3708 maneatr

403 3745 439 3813 S.
451 3743 745 3814 Hilar.'l¹rin.VI.
756 3745 901 3834 Propter
917 3743 1008 3812 hanc
1023 3743 1076 3812 rei
1093 3744 1306 3812 evidentiam
1322 3743 1360 3810 in
1378 3739 1553 3833 Scripturis

402 3849 509 3918 etiam
525 3849 655 3917 veteris
672 3847 898 3932 Testamenti,
918 3846 979 3915 ubi
994 3846 1111 3916 cautio
1128 3848 1236 3916 maior
1251 3848 1447 3916 necessaria
1467 3845 1554 3914 fuisse

404 3956 519 4026 videri
542 3961 676 4046 posset,
702 3956 830 4046 passim
855 3955 930 4022 sine
954 3953 1110 4044 periculo
1137 3961 1355 4044 usurpantur
1384 3953 1552 4024 locutiones

404 4053 785 4152 anthropomorphioae,
804 4061 931 4154 quibus
943 4061 1008 4130 Dei
1024 4060 1243 4151 operationes
1268 4069 1304 4130 et
1326 4060 1504 4130 relationes
1517 4053 1550 4121 ad

468 4223 511 4304 (1)
527 4225 663 4299 Ἐιρηκατι
681 4231 708 4282 δι
729 4225 804 4300 daur
822 4223 850 4281 ia
869 4246 914 4280 roc
934 4223 997 4280 θιου
1012 4247 1056 4279 τον
1078 4225 1140 4290 irco,
1159 4230 1279 4284 δηλονοτι
1301 4220 1330 4278 ix
1352 4245 1398 4288 της
1418 4222 1551 4282 doctum

405 4336 463 4390 τρος
479 4335 560 4370 actor
580 4336 708 4388 ιιρηκατι.

467 4402 511 4481 (2)
529 4411 574 4464 Ma
593 4425 706 4477 procuro,
727 4405 803 4464 ἀπλη
821 4425 874 4477 *γαρ
895 4402 966 4460 ianr
987 4401 1074 4470 ὅυσια,
1093 4405 1118 4459 ir
1138 4403 1154 4477 ᾖ
1175 4399 1222 4458 dua
1243 4399 1280 4457 in
1300 4423 1418 4465 ποιοτης.
