3280 5070
887 403 926 418 -
945 369 1007 432 553
1028 403 1066 418 -

392 483 446 546 est
467 499 531 546 nec
554 475 711 567 intelligi
735 482 851 566 potest
873 475 945 544 nisi
968 495 1179 566 consequens
1195 475 1239 544 ed
1255 475 1510 565 praevisionem
1523 473 1558 542 li·

392 583 484 652 nalie
506 583 652 674 peccati.
675 583 778 666 chi
801 583 937 650 alienae
960 607 982 648 a
996 583 1119 671 qratia
1135 583 1222 671 finit
1239 583 1326 648 bano
1340 585 1464 664 citans,
1480 581 1561 673 quid

391 691 462 758 nisi
484 690 522 758 in
537 689 768 780 perditionem
784 689 903 759 cadit?
919 689 1020 772 Quod
1036 688 1119 781 quia
1131 688 1197 757 Dei
1213 689 1484 779 praescientiam
1504 710 1564 756 nec

390 797 533 882 fefellit,
559 799 634 867 siue
658 799 763 867 dubio
787 797 893 866 talem
917 822 1101 889 numquam
1123 798 1242 887 clepit,
1256 821 1444 889 numquam
1466 819 1563 886 prae

390 905 599 986 destinavit,
630 911 666 975 et
687 905 884 995 periturum
915 929 1099 996 numquam
1130 906 1174 972 ad
1203 919 1343 972 aeterna
1365 905 1565 994 perditione

391 1009 597 1080 diaeresim
626 1012 759 1094 «Quod
781 1012 820 1080 in
843 1011 928 1082 haec
958 1011 1113 1103 prolapsi
1141 1011 1233 1078 mala
1261 1014 1336 1078 sine
1359 1013 1566 1079 medians

388 1122 622 1208 poenitenciae
645 1121 870 1205 deiecerunt,
895 1141 963 1188 non
986 1142 1029 1188 ex
1051 1141 1091 1188 eo
1121 1117 1364 1188 nenessitatem
1395 1120 1565 1209 pereundi

393 1228 601 1312 habuerunt,
628 1228 711 1318 quia
733 1227 985 1317 praedestinati
1001 1234 1180 1311 nonsart,
1198 1227 1258 1296 sed
1275 1225 1349 1294 ideo
1371 1225 1565 1316 praedesti·

393 1339 472 1403 naci
492 1361 561 1402 non
583 1349 676 1417 eant,
700 1339 787 1427 qnia
811 1335 897 1402 tales
914 1336 1040 1424 saturi
1056 1359 1097 1402 eon
1119 1335 1320 1402 noluntaria
1341 1339 1565 1424 praeconica

394 1447 486 1510 tione
501 1445 670 1533 praesciri
691 1456 813 1512 sanc.»
834 1443 941 1512 «Non
956 1443 1074 1512 relicti
1096 1449 1180 1512 eunt
1194 1463 1217 1509 a
1231 1443 1314 1528 Deo,
1333 1447 1376 1510 nt
1390 1442 1564 1534 relinque

392 1557 471 1619 rent
492 1551 626 1636 Daum;
652 1547 712 1618 sed
734 1549 950 1640 reliquerunt
973 1563 1005 1615 et
1027 1549 1144 1616 relicti
1165 1564 1265 1632 cant,
1290 1555 1327 1618 et
1348 1571 1393 1618 ex
1416 1549 1506 1616 bomo
1529 1547 1564 1614 in

393 1656 521 1724 malum
536 1657 678 1746 proprie
704 1655 887 1726 voluntate
914 1655 1042 1725 mutati
1067 1661 1168 1743 snnt;
1194 1661 1300 1747 atque
1324 1655 1364 1722 od
1391 1655 1465 1735 noe,
1482 1653 1565 1721 licet

334 1773 336 1780 ⁴
393 1765 529 1832 fuerint
543 1765 669 1848 musti,
689 1764 824 1833 fuerint
838 1763 1036 1846 iustificati,
1052 1763 1096 1830 ab
1111 1785 1151 1831 eo
1165 1769 1282 1831 umen
1298 1763 1361 1852 qui
1378 1761 1462 1827 illos
1480 1760 1565 1826 cales

387 1873 588 1961 praescivit,
612 1895 679 1938 non
702 1887 782 1938 eant
796 1871 1062 1960 praedestinati.
1079 1897 1096 1934 n
1117 1869 1253 1939 cVires
1268 1871 1391 1962 itaque
1406 1871 1562 1940 obedien·

392 1978 463 2046 tiae
487 1999 555 2046 non
578 1977 655 2047 ideo
678 1978 838 2070 cuiquem
861 1979 1050 2064 subtraxit,
1077 1979 1161 2070 quia
1183 1999 1260 2046 eum
1283 2003 1352 2044 non
1369 1977 1562 2068 prutina-

392 2085 511 2166 naoie5
534 2083 594 2152 ead
618 2085 691 2150 ideo
716 2108 788 2150 enm
809 2109 876 2152 non
895 2085 1182 2174 praedestinavit,
1200 2087 1286 2176 quia
1300 2109 1506 2152 nereensem
1520 2083 1561 2150 al

394 2193 472 2282 ipsa
495 2189 688 2259 odedientia
711 2215 778 2260 ecoe
795 2193 1019 2281 praecidit.»
1047 2192 1270 2262 «voluntate
1294 2193 1478 2276 exierunt,
1506 2213 1560 2260 vo

393 2299 532 2369 lunate
554 2299 772 2388 ceciderunt3
797 2285 834 2370 et
856 2305 941 2392 qaia
955 2303 1124 2390 praesciti
1146 2315 1227 2367 sant
1249 2305 1376 2382 camni,
1393 2325 1463 2367 non
1485 2313 1560 2366 nnnc

390 2404 663 2494 praedestinati.-
686 2411 938 2477 assentantem
966 2407 1228 2498 praedestinati,
1248 2407 1279 2476 si
1304 2414 1422 2476 essent
1446 2427 1556 2476 never·

392 2513 469 2581 suri
490 2521 526 2581 et
548 2512 585 2580 in
608 2515 794 2583 sanctitate
817 2515 1097 2585 mensuri.n1ta
1119 2514 1155 2584 S.
1173 2515 1322 2604 Prosper
1344 2513 1384 2582 ll.
1405 2536 1457 2582 cc.

459 2621 631 2688 Scholion.
657 2621 826 2712 Theologi
856 2622 913 2690 illi
944 2623 1147 2714 quibuscum
1178 2623 1215 2690 in
1238 2622 1304 2692 hac
1326 2621 1421 2692 thesi
1442 2621 1554 2711 dispu-

391 2733 520 2813 temus,
545 2726 699 2796 ordinem
722 2727 976 2818 reprobationis
998 2729 1053 2796 ita
1075 2729 1316 2812 constituunt,
1342 2735 1384 2796 nt
1405 2729 1501 2796 Dens
1521 2729 1555 2793 in

392 2833 503 2924 primo
526 2833 626 2924 signo
649 2835 706 2919 (ut
727 2833 798 2902 dici
822 2833 924 2920 solet)
948 2834 1103 2904 voluerit
1124 2857 1253 2926 negare
1268 2833 1553 2924 prwdeetinstio·

391 2963 468 3010 nem
491 2941 535 3009 ed
558 2939 706 3030 gloriam
728 2939 864 3030 angelis
886 2948 922 3011 et
944 2941 1155 3026 hominibus,
1180 2948 1216 3012 et
1237 2942 1329 3010 hanc
1343 2966 1412 3008 non
1428 2941 1554 3008 aetio

254 3086 257 3101 ·
390 3073 465 3116 nem
487 3071 560 3131 eeu,
585 3055 626 3115 nt
646 3045 737 3116 alios
757 3047 871 3117 dicere
888 3049 1101 3134 andivimus,
1119 3047 1209 3118 hono
1227 3049 1453 3116 &dationem
1467 3071 1485 3114 e
1497 3071 1553 3112 ns·

392 3180 478 3224 mero
490 3153 825 3245 praedestinatorum
840 3155 886 3224 od
900 3157 1051 3247 planiam
1068 3157 1261 3227 intenderit
1273 3171 1448 3247 tamqnam
1457 3157 1553 3245 finan·

392 3261 460 3347 vel,
486 3269 528 3330 ut
551 3263 681 3331 Suaren
704 3263 859 3353 mitigat,
884 3271 1061 3355 tamquam
1076 3287 1144 3332 non
1161 3265 1355 3332 eiectionem
1379 3260 1426 3329 cd
1441 3265 1552 3350 fineen

392 3369 515 3439 deinde
537 3370 575 3438 in
597 3371 699 3460 signo
721 3369 833 3440 altero
855 3379 1031 3463 tamquam
1054 3371 1199 3438 medinm
1222 3371 1270 3438 ad
1284 3373 1403 3460 fineen,
1421 3393 1483 3440 ssu
1497 3371 1551 3437 mi·

391 3477 466 3546 tius
498 3485 674 3570 tamquam
704 3481 919 3568 repertionem
949 3479 1135 3546 mediorum
1164 3479 1359 3569 efficaciam
1386 3479 1434 3547 ad
1456 3482 1551 3568 finon

391 3585 485 3654 Deus
508 3585 662 3654 voluerit
675 3585 893 3675 negationem
916 3586 1054 3676 gratiae
1069 3585 1217 3656 efficacis
1240 3585 1298 3656 vel
1321 3587 1460 3676 gratiae
1482 3609 1551 3655 con·

390 3711 511 3781 grues,
537 3712 684 3782 quacum
707 3691 885 3783 praevidit
902 3692 1120 3763 coniunctam
1144 3693 1548 3778 fore‚eiconcede1etnr,

390 3799 685 3889 perseverantiam
714 3807 751 3868 et
778 3800 1029 3869 assecutionem
1060 3800 1207 3889 gloriae.
1240 3800 1332 3870 Hinc
1362 3823 1481 3871 omnes
1502 3797 1551 3867 illi

389 3908 532 3992 dicunt,
558 3907 777 3998 negationem
801 3909 938 3999 gratioe
968 3910 1117 3980 efficacis
1140 3911 1198 3979 vel
1228 3931 1404 4000 congruae
1426 3919 1464 3982 et
1484 3933 1550 4002 per

390 4015 587 4085 missionem
603 4016 735 4106 peccmi
758 4037 946 4110 numquam
963 4018 1164 4088 remittendi
1185 4039 1260 4088 esee
1283 4017 1437 4105 effectam
1458 4017 1550 4087 illins

389 4122 625 4192 antecedentis
647 4125 898 4213 reprobationis
922 4129 1104 4216 nequiioae
1125 4147 1153 4194 a*
1169 4129 1244 4194 oica
1263 4141 1416 4196 aecana.

456 4231 501 4298 1⁰.
526 4229 569 4299 In
591 4230 683 4301 thesi
707 4255 769 4301 nos
792 4233 894 4304 unice
916 4234 1054 4324 agimus
1076 4235 1119 4304 de
1141 4235 1382 4324 reprobatione
1394 4235 1547 4324 nepetino

389 4360 411 4402 a
433 4335 551 4426 plocio
573 4352 731 4420 aecana,
756 4343 792 4408 et
814 4337 904 4408 bano
927 4339 1076 4410 dicimus
1098 4363 1166 4409 non
1197 4361 1273 4409 esee
1301 4363 1344 4410 ex
1374 4339 1546 4409 voluntate

388 4443 454 4512 Dei
477 4445 698 4515 antecedente
720 4446 974 4535 praevisionem
997 4447 1114 4516 finalis
1137 4448 1292 4538 pecmth
1317 4446 1457 4516 minime
1471 4465 1543 4514 vcro
