3394 5056
621 369 660 386 ..
684 339 722 400 13
743 371 781 386 -

110 442 206 514 actui
232 442 325 513 fidei
340 442 648 535 praesupponitur,
667 450 779 514 estex
796 415 994 537 cognitione
1011 445 1134 516 saltem
1151 447 1296 516 confuse

110 559 145 622 et
165 551 348 644 cuiusque
362 551 507 642 ingenio
522 553 738 622 accommoda
753 555 963 624 motivorum
985 555 1234 624 credibilitatis
1255 577 1295 624 ao

108 661 308 745 rationum,
328 681 416 751 quae
440 660 574 728 factum
596 660 822 729 revelationis
845 662 954 731 menti
976 662 1106 732 sistant
1121 662 1295 752 cognosci·

107 873 404 965 supernaturalis
416 881 453 942 et
463 874 682 960 elementum,
698 874 791 943 sieut
806 882 951 965 oportet,
966 875 1165 966 ingrediens
1180 874 1296 965 ipsum

106 989 229 1050 actum
240 980 344 1066 fidei,
369 1002 509 1050 necesse
531 987 585 1049 est
603 981 745 1051 elicitus
768 982 817 1050 sit
832 981 971 1052 viribus
998 981 1137 1072 gratiae
1161 983 1294 1051 confor-

105 1090 224 1158 tantis
242 1089 469 1158 intellectum
492 1094 529 1157 et
551 1089 781 1174 voluntatem,
806 1089 842 1157 h.
861 1111 891 1159 e.
911 1113 953 1158 ex
971 1090 1046 1180 ipso
1068 1089 1199 1158 lumine
1213 1089 1296 1158 fidei

107 1195 343 1264 firmissimus
367 1195 417 1264 sit
439 1217 602 1264 assensus
617 1196 655 1264 in
675 1197 900 1266 existentiam
922 1196 1162 1266 revelationis.
1181 1197 1296 1282 (Vide

105 1305 284 1394 aualysin
308 1309 412 1374 aetus
435 1302 518 1372 fidei
533 1303 571 1372 in
586 1305 734 1394 append.
753 1305 798 1374 ad
814 1311 972 1376 nostrum
988 1305 1108 1374 Tract.
1128 1305 1169 1374 de
1186 1304 1293 1373 Trad.

109 1419 145 1481 et
168 1411 313 1502 Script.
340 1411 395 1480 cf.
422 1410 525 1480 Card.
551 1411 593 1481 de
615 1411 716 1502 Lugo
739 1412 780 1482 de
802 1413 890 1482 Fide
915 1413 1005 1504 disp.
1020 1413 1066 1482 V.
1091 1417 1175 1481 sect.
1202 1411 1236 1480 3.
1259 1417 1298 1480 et

109 1519 205 1610 disp.
224 1519 317 1607 XI.)

177 1628 261 1696 Iam
284 1649 371 1696 vero
393 1626 572 1717 theologia
594 1628 786 1698 subiective
802 1634 959 1720 spectata
974 1651 1052 1698 cum
1068 1627 1116 1696 sit
1130 1651 1173 1696 ex
1190 1627 1296 1698 dictis

110 1735 195 1804 fidei
220 1735 421 1804 obiectivae
444 1735 645 1805 intellectus
668 1743 704 1805 et
726 1736 919 1806 scientifica
948 1735 1157 1826 explicatio,
1182 1740 1293 1825 patet,

114 1865 205 1934 quae
238 1865 326 1934 pars
360 1841 558 1932 theologiae
581 1851 618 1912 et
640 1845 807 1935 quomodo
833 1843 1081 1914 «aedificari»
1119 1843 1231 1934 possit
1252 1864 1294 1912 ac

114 1951 242 2020 debeat
264 1951 305 2018 in
328 1949 394 2018 illa
418 1939 673 2020 fundamentali
696 1952 895 2042 cognitione
919 1951 1128 2021 motivorum
1145 1951 1290 2020 credibi-

115 2053 247 2138 litatis,
275 2074 366 2145 quae
389 2053 428 2121 in
451 2054 526 2144 ipso
548 2060 630 2123 actu
645 2054 727 2124 fidei
743 2055 801 2125 vel
824 2055 1036 2146 supponitur
1059 2053 1116 2124 vel
1141 2055 1294 2124 contine·

116 2167 189 2230 tur.
214 2163 312 2230 Dum
335 2159 474 2229 seilicet
495 2161 696 2230 firmissima
718 2161 913 2231 christiana
945 2161 1125 2252 persuasio
1157 2161 1199 2230 de
1222 2161 1294 2230 cxi·

118 2271 251 2339 stantia
271 2267 505 2338 revelationis
527 2268 726 2358 explicatur
748 2277 784 2339 et
800 2269 999 2338 elucidatur
1013 2291 1077 2360 per
1093 2268 1295 2336 distinctam

118 2375 459 2468 comprehensionem
483 2377 692 2446 motivarum
714 2377 974 2462 credibilitatis,
1000 2384 1105 2468 atque
1120 2376 1173 2445 ita
1195 2376 1295 2443 intel·

120 2486 272 2575 iipeatia
295 2483 476 2554 rationum
499 2506 541 2553 ex
565 2485 692 2578 quibus
730 2487 862 2554 factum
893 2485 1035 2555 divinae
1069 2483 1295 2556 revelationis

119 2594 264 2678 relucet,
290 2591 473 2662 extensive
496 2599 532 2662 et
554 2593 730 2664 intensive
756 2594 1006 2686 amplificatur,
1031 2593 1190 2662 exoritur
1212 2615 1295 2683 pars

119 2699 181 2768 illa
203 2698 418 2788 theologiae,
445 2719 533 2790 quae
556 2699 690 2769 dicitur
714 2701 941 2791 apolopetioa.
966 2701 1062 2768 Haec
1083 2703 1200 2766 autem
1226 2721 1295 2766 non

119 2815 271 2876 meretur
294 2827 419 2874 nomen
444 2806 636 2897 theolopiae
659 2809 883 2889 christianae,
907 2807 979 2876 nisi
1012 2813 1185 2898 quatenus
1211 2805 1294 2875 niti·

119 2922 178 2984 tur
199 2923 244 2983 ut
266 2936 331 2982 suo
355 2912 582 2982 fundamento
605 2913 809 3005 primitivae
832 2913 1052 3005 persuasioni
1087 2919 1293 3003 supernatu-

120 3023 187 3092 rali
208 3045 253 3091 ex
276 3022 410 3090 lumine
433 3021 526 3108 fidei,
553 3022 611 3092 hic
633 3023 726 3091 enim
748 3045 860 3092 nexus
883 3047 961 3092 cum
987 3022 1211 3114 persuasione
1237 3043 1293 3090 su·

120 3129 340 3220 pernaturali
363 3129 395 3198 si
417 3130 520 3216 desit,
545 3131 677 3221 poterit
693 3153 768 3200 esse
782 3131 1004 3222 philosophia
1019 3130 1242 3222 praeambula
1258 3135 1295 3200 et

121 3235 338 3327 paedagogia
352 3236 398 3304 ad
413 3236 626 3328 theologiam
641 3237 883 3323 christianam,
902 3238 1080 3329 theologia
1099 3237 1294 3307 christiana

121 3342 260 3433 proprio
295 3365 400 3410 sensu
434 3365 503 3411 non
529 3343 610 3412 erit.
636 3343 692 3412 Ex
714 3344 781 3414 hac
804 3344 967 3430 ratione,
994 3345 1085 3437 quod
1115 3343 1294 3434 theologia

121 3449 349 3540 apologetica,
374 3455 546 3540 quatenus
562 3452 710 3521 scientia
725 3459 780 3522 est
796 3455 1002 3536 christiana,
1019 3451 1151 3520 nititur
1167 3461 1203 3521 et
1217 3453 1294 3521 fun-

121 3556 225 3624 datur
246 3555 287 3623 in
300 3556 485 3646 primitiva
505 3559 730 3648 persuasione
754 3559 1014 3650 supernaturali
1036 3557 1078 3628 de
1103 3558 1295 3628 existentia

122 3661 360 3747 revelationis,
387 3664 543 3754 colliges,
569 3689 632 3734 cur
655 3665 847 3736 dixerimus
866 3667 1140 3755 intelligentiam
1156 3667 1293 3758 quidem

122 3771 331 3840 motivorum
355 3772 603 3842 credibilitatis
625 3774 800 3844 intensive
823 3779 859 3843 et
874 3773 1054 3843 extensive
1069 3772 1290 3864 amplificari,

124 3878 203 3968 quin
225 3883 345 3946 tamen
367 3877 449 3948 inde
472 3901 683 3971 consequens
706 3880 767 3966 sit,
787 3881 878 3973 quod
902 3879 1075 3951 certitudo
1090 3886 1128 3950 et
1142 3881 1293 3950 firmitas

124 4005 281 4054 assensus
304 4006 346 4054 ac
369 3984 452 4054 fidei
475 3977 688 4056 christianae
711 4009 773 4077 per
796 3989 978 4058 scientiam
1000 3989 1232 4078 theologicam
1255 3988 1293 4056 in

124 4113 156 4160 se
176 4099 371 4182 spectatam
393 4099 577 4181 augeatur.
602 4092 658 4160 Ex
681 4094 739 4161 his
761 4117 863 4185 porro
885 4102 996 4185 patet,
1015 4117 1118 4188 quam
1133 4094 1294 4186 graviter

121 4201 318 4270 erraverint
339 4200 486 4269 Hermes
509 4200 652 4293 aliique,
678 4201 740 4292 qui
764 4209 973 4272 censuerunt
995 4203 1129 4272 firmam
1149 4201 1293 4272 certitu·

120 4305 229 4377 dinem
245 4308 289 4377 de
311 4307 504 4376 existentia
517 4315 554 4376 et
566 4307 719 4378 veritate
737 4309 966 4380 revelationis
985 4310 1200 4380 christianae
1215 4307 1293 4378 nul·

119 4411 184 4484 lam
199 4437 277 4486 esee
289 4437 391 4508 posse
403 4419 486 4484 ante
495 4415 771 4506 philosophicam
794 4441 931 4484 namen
949 4418 1158 4488 motivorum
1182 4415 1292 4486 credi·
