3230 5072
872 389 909 402 -
933 359 993 420 392
1013 390 1051 404 ..

388 459 580 552 quantiam,
595 481 766 554 unumque
778 461 936 530 universi
948 463 1239 554 conspirationem
1251 471 1288 533 et
1299 463 1549 534 consonantiam
1612 477 1613 507 ³

387 568 594 637 edorneuen
621 567 685 657 (1).

453 677 606 747 scientia
624 683 739 746 autem
754 680 898 744 visionis
910 684 1054 768 acceptu
1070 701 1175 748 seusu
1193 680 1356 770 superius
1368 681 1548 764 declarato,

385 807 455 852 non
478 785 616 876 quidem
639 785 864 854 existentiam
885 786 955 854 ium
970 787 1107 856 actione
1121 793 1326 856 transeunte
1340 788 1549 878 productam,
1612 801 1613 838 ³

386 892 594 962 existentiae
617 899 733 962 tamen
755 892 945 962 veritatem
961 915 1024 982 pro
1040 893 1160 985 aliqua
1176 895 1343 984 temporis
1358 893 1552 962 differentia

387 999 552 1089 supponit
573 999 709 1068 ratione
736 1000 898 1089 priorem.
916 999 1011 1068 Haeo
1034 1022 1118 1089 ergo
1148 1003 1295 1068 scientia
1317 1003 1466 1068 visioni·
1492 1023 1552 1070 uon
1612 1016 1613 1055 1

386 1105 431 1173 ud
447 1107 657 1197 operandam
672 1107 839 1194 refertum
854 1107 914 1176 sed
931 1108 1114 1198 supposita
1129 1109 1328 1199 operatione
1342 1117 1398 1178 cst
1407 1111 1552 1178 existen·

386 1214 458 1283 tiae
482 1215 595 1304 operis
619 1215 777 1284 intuitio.
795 1215 890 1284 Idem
914 1216 987 1284 iere
1019 1216 1061 1284 de
1091 1219 1238 1284 sciencia
1269 1215 1382 1284 media
1411 1219 1491 1286 sive
1517 1217 1552 1284 dc
1612 1233 1613 1266 ³

386 1322 576 1392 intuitione
599 1329 711 1408 actas,
731 1323 792 1415 qui
817 1323 998 1409 existeret,
1013 1323 1044 1392 si
1060 1323 1180 1417 eliqua
1192 1330 1380 1416 poneretur
1392 1323 1551 1407 conditio,
1611 1345 1613 1383 2

386 1429 569 1500 dicendum
581 1437 646 1500 est.
656 1430 731 1498 Hoc
745 1437 860 1498 tamen
873 1453 942 1499 nou
953 1431 1111 1522 impedit,
1126 1432 1310 1524 quominus
1322 1439 1398 1500 turn
1410 1431 1554 1500 scientie

385 1535 534 1606 visionis
556 1544 631 1604 tum
655 1537 861 1626 praesertim
892 1536 1042 1606 scientia
1070 1559 1207 1622 eorum,
1233 1559 1322 1630 quae
1345 1538 1409 1607 sub
1442 1537 1553 1630 eliqua

386 1643 581 1713 conditione
608 1644 744 1728 forent,
774 1666 842 1711 nou
871 1644 1010 1736 quidem
1037 1667 1100 1736 per
1127 1645 1264 1716 modum
1293 1645 1384 1715 artis
1411 1645 1474 1714 sed
1500 1667 1553 1735 per
1612 1671 1613 1707 i

386 1752 522 1820 modam
539 1751 780 1842 providentius
796 1750 943 1820 mediate
957 1757 1113 1842 practica
1124 1775 1198 1822 esse
1210 1752 1334 1844 possit.
1349 1753 1455 1822 Licet
1470 1753 1552 1821 enin
1608 1809 1609 1812 η

385 1858 423 1926 in
445 1859 517 1928 Deo
540 1881 608 1927 uon
631 1859 679 1928 sit
700 1881 772 1928 uua
796 1860 923 1930 volitio
950 1868 1092 1952 propter
1115 1860 1275 1945 alterum,
1301 1883 1378 1930 cum
1403 1883 1497 1930 uuus
1511 1861 1553 1930 sit
1610 1885 1613 1924 a

385 1965 666 2056 simplicissimus
689 1976 809 2052 actus,
836 1991 903 2060 qno
934 1969 1014 2037 vult
1044 1969 1178 2056 omnia,
1205 1989 1442 2061 quaecumque
1466 1967 1550 2052 vole
1612 2023 1613 2026 η

385 2071 615 2142 nihilominus
637 2096 781 2166 eaquae
803 2075 898 2144 Deus
914 2075 1006 2160 vult,
1024 2076 1160 2145 suntin
1177 2083 1300 2145 mutua
1313 2075 1550 2166 dependentia.
1612 2135 1613 2138 ,

386 2179 533 2272 vultque
550 2187 591 2250 at
606 2203 711 2248 unum
729 2181 778 2248 sit
793 2189 936 2272 propter
951 2181 1112 2252 alterum.
1130 2181 1231 2251 Unde
1245 2184 1332 2249 cisio
1348 2182 1551 2251 existentiae
1612 2209 1613 2247 2

386 2287 492 2356 anius
514 2287 567 2355 rei
591 2291 705 2377 potest
719 2297 838 2354 nostro
863 2287 961 2356 modo
977 2287 1195 2378 concipiendi
1210 2287 1410 2378 praelucere
1424 2287 1551 2356 divinis
1612 2319 1613 2354 ;

385 2394 543 2464 consiliis
566 2396 611 2464 ad
635 2395 820 2464 volendum
842 2395 954 2482 aliud,
978 2419 1085 2490 eoque
1108 2419 1212 2466 seusu
1237 2419 1314 2465 esse
1336 2395 1551 2464 direotrixin
1612 2424 1613 2463 ἢ

384 2502 567 2592 operando.
583 2502 774 2573 Scieutium
787 2503 934 2572 mediam
945 2503 1088 2573 divinae
1100 2501 1342 2594 providentiae
1354 2502 1551 2570 nominatim

385 2608 422 2678 in
445 2609 668 2698 disponendis
691 2610 863 2694 ¹creaturis
886 2609 1125 2680 rationalibus
1147 2609 1360 2701 praelucere,
1378 2608 1485 2678 facile
1505 2609 1550 2676 iu·
1612 2616 1613 2679 ξ

384 2714 576 2806 telligitur.

450 2823 553 2894 Patet
567 2847 651 2915 ergo
663 2825 844 2896 scientiam
856 2825 922 2896 Dei
931 2827 1125 2896 universim
1137 2831 1330 2916 spectatum
1344 2827 1409 2894 sub
1422 2825 1549 2894 rationo
1612 2857 1613 2894 ;

385 2932 520 3025 quaed
543 2933 774 3023 operationem
798 2934 964 3020 refertur,
984 2933 1154 3004 distribui
1181 2933 1305 3003 merito
1320 2932 1359 3001 iu
1374 2933 1549 3004 scientiam
1612 2963 1613 3000 1

385 3039 631 3130 speculativam
653 3047 689 3108 et
709 3044 913 3130 practicam.

449 3147 496 3216 4⁰.
521 3147 737 3238 Approbatio
760 3155 795 3218 et
817 3149 1024 3239 improbatio
1046 3150 1185 3240 proprie
1207 3171 1276 3218 nou
1299 3149 1345 3218 ad
1375 3147 1547 3218 scientiam
1612 3209 1613 3216 ,

385 3254 540 3346 pertinet
562 3255 621 3324 sed
644 3255 688 3325 ad
712 3255 939 3326 voluntatem.
957 3256 1100 3325 Dicitur
1122 3258 1243 3349 itaque
1266 3257 1413 3324 scientia
1435 3277 1547 3345 appro
1612 3289 1613 3324 r

385 3357 536 3426 battonis
562 3359 715 3448 cognitio
738 3360 914 3445 bonorum,
934 3381 1021 3452 quae
1043 3360 1186 3430 divinae
1203 3360 1382 3430 voluntati
1402 3359 1544 3451 placent

383 3465 530 3532 scientia
562 3466 825 3554 improbationis
855 3466 1009 3556 cognitio
1032 3467 1217 3552 malorum,
1243 3488 1331 3558 quae
1354 3465 1543 3556 displicent.

388 3569 553 3640 aeNotitiu
567 3571 842 3662 approbationis,
860 3572 978 3664 inquit
992 3572 1029 3642 S.
1043 3571 1481 3658 Bonaveuture(iu1.dist.
1494 3568 1543 3638 db.

385 3696 419 3745 a.
450 3675 483 3746 1.
511 3701 544 3768 q.
573 3677 636 3765 2.),
662 3683 827 3747 connotat
848 3677 1131 3768 complacentium
1155 3678 1363 3747 voluntatis.
1389 3677 1464 3747 Hac
1483 3697 1545 3744 uon

385 3785 564 3876 cognoscit
585 3783 679 3854 Deus
701 3785 834 3870 omnia,
860 3785 943 3877 quia
965 3808 1028 3854 nee
1051 3785 1143 3854 mula
1164 3807 1227 3854 neo
1250 3785 1371 3870 malos,
1397 3784 1457 3854 sed
1475 3789 1544 3852 tan·

384 3895 460 3960 tum
483 3893 571 3960 bona
592 3898 629 3961 et
652 3891 803 3964 bonoan
829 3883 929 3962 Unde
952 3899 1061 3984 patet,
1087 3893 1269 3962 scientiam
1280 3892 1347 3962 Dei
1369 3887 1544 3983 speculati·

449 4067 492 4148 (1)
510 4075 601 4128 Karrea
616 4095 658 4128 aaa
676 4069 704 4128 ia
722 4073 923 4130 sacrosacrae
941 4091 1076 4145 procreat·
1091 4075 1162 4133 αὐτη
1173 4096 1226 4148 γαρ
1240 4071 1306 4138 ἔστι,
1324 4095 1395 4128 κατα
1415 4093 1442 4124 ro
1453 4078 1541 4139 λογων,

385 4165 402 4224 ei
424 4183 525 4218 {astar
550 4185 688 4230 aerariae,
705 4185 748 4218 aar
774 4160 816 4218 a'a
837 4185 926 4218 auara
942 4163 1117 4237 α’ρμοζουσα,
1136 4185 1179 4220 aar
1200 4185 1245 4227 της
1265 4165 1367 4218 &barac
1389 4183 1433 4216 rav
1449 4177 1540 4216 ww

385 4248 541 4324 ι’φαρμογης
561 4275 604 4307 aaa
627 4256 723 4320 ταξως
736 4254 820 4318 derra,
841 4275 884 4308 aaa
902 4252 943 4308 cicc
958 4274 993 4308 ra
1011 4259 1075 4311 τιλη
1096 4276 1141 4309 rar
1162 4273 1290 4328 apocopen
1310 4265 1539 4308 cavannacum

385 4337 483 4413 α’ρχαις
498 4361 545 4394 των
563 4346 693 4420 devergat,
709 4365 753 4398 aaa
775 4364 820 4402 rur
840 4363 904 4414 μων
927 4363 973 4398 του
993 4365 1093 4407 farrae
1113 4364 1261 4417 συμπνοιαν
1282 4365 1325 4397 και
1345 4341 1464 4417 ἑρμυιυ
1480 4341 1539 4420 aab·

384 4437 537 4502 λιιργουσα.
