3224 5068
892 389 931 404 ..
951 359 1011 419 290
1031 390 1070 404 ..

388 461 529 530 divinae
556 461 764 552 perfectioni
794 467 831 530 et
860 461 1083 552 simplicitati
1113 485 1182 530 non
1212 469 1385 553 repugnet
1416 461 1548 554 quaevis
1608 487 1609 510 ³

387 568 569 637 distinctio
593 568 863 658 perfectionum,
890 591 978 660 quae
1002 569 1050 638 sit
1072 577 1211 638 tantum
1234 569 1424 639 secuudum
1454 569 1547 636 ratio
1608 582 1609 618 ³

387 700 464 745 nem
488 683 524 746 et
545 686 702 746 nostrum
726 678 862 746 modum
886 678 1121 769 intelligendi,
1141 685 1315 770 repugnat
1336 686 1453 747 tamon
1474 677 1547 746 haec

388 783 572 852 distinctio
594 807 656 873 per
678 785 834 852 rationes
856 809 898 854 ex
923 807 987 855 sua
1010 785 1204 856 intrinseca
1226 785 1345 854 indole
1367 785 1546 868 limitatas,
1608 799 1609 837 ³

389 889 510 982 quales
533 897 617 958 sunt
638 891 676 958 in
699 891 945 980 compositione
961 915 1003 960 ex
1020 915 1146 983 genere
1167 899 1206 962 et
1228 893 1441 962 differentia.
1458 891 1546 958 Prae

389 1004 486 1066 terea
515 1021 628 1087 genus
649 1004 685 1066 et
716 997 849 1088 species
879 1000 916 1066 in
940 1022 1005 1068 sua
1035 1001 1172 1069 ratione
1204 999 1344 1069 formali
1376 998 1548 1067 includunt
1608 1019 1609 1056 1

389 1105 715 1195 multiplicationem
740 1128 802 1175 seu
825 1106 1197 1197 multiplicabilitatem
1220 1107 1259 1176 in
1281 1106 1490 1189 individuis,
1504 1107 1547 1173 ita

390 1218 433 1282 nt
447 1213 568 1282 unitas
584 1214 724 1302 generis
739 1221 775 1282 et
792 1215 920 1303 speciei
934 1215 984 1283 sit
998 1239 1041 1284 ex
1064 1215 1140 1306 ipso
1164 1239 1227 1284 suo
1249 1221 1419 1304 conceptu
1442 1214 1546 1282 unitas

389 1326 527 1389 tantum
539 1320 654 1410 logica
666 1328 703 1390 et
715 1322 903 1391 secundum
916 1323 1099 1407 rationem,
1111 1323 1434 1413 multiplicabilitas
1443 1330 1544 1390 auten

388 1428 615 1518 perfectiouis
637 1435 673 1497 et
695 1437 867 1514 naturae,
893 1430 995 1499 ouius
1018 1430 1115 1498 notio
1139 1451 1265 1520 gauere
1287 1438 1325 1498 11
1346 1429 1459 1519 specie
1480 1451 1545 1496 con·
1606 1454 1609 1490 J

388 1536 535 1621 tinctur,
555 1537 606 1604 sit
621 1537 818 1627 ontologice
840 1545 876 1606 et
899 1537 1088 1606 ssoundum
1111 1559 1184 1606 ram
1207 1537 1330 1628 ipsam.
1344 1537 1458 1626 Atqui
1471 1535 1546 1603 mul·
1608 1561 1609 1598 ;

388 1641 637 1732 tiplioabilitas
660 1649 696 1712 et
712 1645 854 1735 negatio
878 1645 1090 1714 omnimodae
1113 1644 1379 1735 singularitatis
1394 1641 1545 1712 111111111-

389 1749 466 1817 nito
490 1757 675 1840 repugnat.
701 1751 797 1841 Ergo
820 1775 862 1820 ex
885 1751 950 1822 hoc
972 1752 1078 1822 etiam
1102 1753 1218 1843 capite
1242 1753 1463 1821 manifestum
1483 1756 1544 1832 ost,
1608 1809 1609 1816 ,

390 1858 561 1926 rationem
584 1859 723 1948 generis
753 1866 790 1928 11
813 1859 940 1950 speciei
970 1861 1207 1930 essentialiter
1237 1859 1382 1930 fundari
1404 1859 1442 1926 in
1470 1857 1548 1925 eutis
1608 1886 1609 1906 1

389 1965 614 2034 limitatione.
630 1966 761 2035 Nullus
783 1989 867 2057 ergo
889 1966 973 2036 huic
995 1967 1217 2037 distinctioni
1234 1990 1274 2038 ao
1291 1967 1436 2058 proinde
1457 1965 1546 2034 etiam

390 2071 511 2140 nullus
533 2073 616 2144 huic
640 2075 880 2164 compositioni
903 2075 940 2144 iu
964 2075 1035 2144 Deo
1066 2076 1302 2146 essentialiter
1324 2098 1395 2144 ouo
1425 2074 1547 2142 unitate

391 2178 658 2268 singularitatis
681 2179 779 2249 locus
801 2203 876 2249 esse
900 2189 1026 2271 potest.

459 2285 701 2356 Corollariam.
717 2287 934 2378 Simplicitas
950 2289 1113 2359 absoluta
1127 2297 1262 2359 nonest
1274 2288 1470 2358 formaliter
1483 2309 1546 2376 per·
1608 2349 1609 2356 ,

392 2397 498 2466 lectio
510 2417 552 2463 ex
564 2397 762 2488 negatione,
778 2396 869 2490 quod
882 2397 1029 2488 simplex
1041 2398 1158 2466 nullas
1175 2398 1281 2466 habet
1297 2403 1428 2488 partes3
1445 2395 1499 2465 sed
1511 2417 1546 2462 ex

392 2503 548 2594 positiva
571 2504 767 2574 intensione
783 2506 1019 2596 perfectionis,
1034 2507 1124 2598 qnod
1140 2507 1256 2596 ipsum
1271 2507 1362 2574 Esse
1382 2512 1437 2573 est
1451 2501 1545 2572 omnia
1608 2547 1609 2568 2

391 2611 553 2680 absoluta
575 2611 744 2702 perfectio
759 2613 888 2682 ntideo
910 2613 1002 2681 nihil
1019 2613 1068 2681 ibi
1084 2613 1219 2704 concipi
1234 2618 1350 2703 potest
1371 2612 1546 2680 limitatum
1608 2643 1609 2646 ¹

392 2717 531 2788 defectu
555 2719 736 2788 ulterioris
759 2719 987 2810 perfectionis
1009 2721 1200 2811 possibilis.
1217 2719 1313 2789 Haeo
1336 2727 1453 2786 autern
1473 2713 1547 2783 lini·
1608 2748 1609 2785 1

392 2829 482 2896 tatio
505 2836 560 2897 est
589 2827 789 2898 essentialis
820 2829 972 2898 conditio
998 2832 1117 2919 partis
1139 2835 1176 2897 et
1198 2831 1303 2920 quasi
1324 2829 1455 2917 portia.
1477 2823 1546 2892 ldeo

393 2942 536 3027 propter
563 2935 792 3006 intensionem
822 2935 1049 3025 perfectionis
1078 2935 1179 3004 nulla
1201 2937 1252 3005 ibi
1282 2941 1400 3026 potest
1430 2928 1546 3018 concipi

391 3067 476 3134 para
492 3044 550 3115 vel
567 3046 669 3135 quoni
686 3069 773 3134 pore
790 3043 1001 3134 perficienda
1023 3067 1085 3135 per
1106 3044 1212 3112 aliam
1231 3059 1369 3134 portem
1385 3050 1448 3111 aut
1461 3039 1547 3133 peuri

391 3167 537 3242 purten.
555 3151 654 3221 Unde
669 3151 741 3221 dici
763 3159 889 3242 potest:
907 3151 1117 3242 simplicitas
1138 3175 1208 3221 non
1224 3160 1278 3220 est
1292 3150 1461 3242 perfectio
1479 3165 1546 3240 qua

393 3267 497 3330 tenus
520 3261 667 3351 simplex
682 3283 758 3342 ,uon
780 3260 886 3330 habet
908 3269 1046 3351 partes,
1072 3261 1132 3330 sed
1155 3267 1328 3353 quatenus
1351 3281 1421 3328 non
1448 3257 1546 3349 potest

394 3391 469 3440 1111
486 3394 575 3460 pare
598 3369 655 3440 vel
677 3372 781 3462 quasi
798 3395 885 3459 pure
907 3371 972 3459 (1).

460 3564 601 3640 (1)811111
619 3574 761 3636 repugnat
780 3570 867 3624 Deum
887 3585 950 3624 1111
972 3569 1158 3636 1111111111
1180 3584 1217 3622 ex
1236 3569 1386 3636 partibus,
1411 3568 1456 3620 ita
1476 3564 1544 3618 etiae

396 3663 547 3728 repugnat,
568 3661 602 3712 ut
617 3659 691 3711 Deus
711 3663 855 3726 tamquam
872 3675 939 3726 pars
959 3659 1059 3712 veniat
1070 3659 1101 3712 in
1114 3658 1345 3726 compositionem
1365 3659 1493 3712 alterius.
1505 3651 1544 3705 111

398 3764 452 3817 que
472 3749 546 3801 enim
566 3764 633 3816 pars
655 3763 718 3802 esse
737 3753 841 3816 potest,
866 3751 925 3803 niel
942 3749 1026 3803 sitin
1045 3749 1177 3816 potentio
1195 3747 1230 3802 ad
1249 3747 1461 3816 perlectionem,
1480 3755 1544 3810 qm

397 3837 519 3904 recipiat
541 3837 792 3890 communicatione
812 3839 934 3892 alterius
953 3837 1057 3905 partie.
1081 3835 1245 3904 composita
1263 3835 1379 3903 quidem
1397 3835 1453 3889 diei
1471 3835 1546 3900 pono

398 3931 429 3979 et
439 3941 457 3978 a
474 3926 648 3980 PP.dic1tur
665 3926 832 3994 hypostasis
851 3925 962 3980 Christi
982 3924 1023 3996 (h.
1036 3941 1060 3977 1.
1075 3925 1241 3992 hypostasis
1254 3919 1412 3994 christus),
1424 3937 1477 3976 non
1488 3912 1546 3986 quod

398 4014 566 4082 hypostasis
588 4015 677 4068 Verbi
689 4030 740 4081 par
753 4031 782 4067 se
802 4015 843 4068 eit
862 4016 1017 4082 composita
1030 4015 1077 4067 rel
1097 4021 1238 4080 tamquam
1251 4030 1320 4078 pure
1339 4011 1440 4066 reniet
1453 4011 1546 4063 11111·

398 4105 569 4174 positionam
590 4122 651 4160 oum
672 4109 777 4158 natura
795 4105 934 4172 humana,
958 4119 1050 4172 neque
1073 4105 1149 4158 euim
1169 4108 1309 4156 enatura
1333 4103 1456 4156 humana
1473 4095 1545 4166 perte

397 4195 520 4248 ctionem
538 4197 664 4262 aliquam
683 4195 805 4264 aecipit3
832 4195 882 4248 aed
908 4195 1015 4248 dicitur
1039 4194 1173 4248 christus
1203 4181 1371 4262 hypostasis
1392 4187 1544 4258 conposite,

398 4291 541 4352 quatenus
557 4301 614 4338 uns
634 4285 800 4352 hypostasis
826 4291 860 4338 ut
879 4301 958 4339 suam
977 4285 1065 4338 habet
1082 4289 1216 4338 naturam
1234 4283 1377 4352 duplicem
1396 4275 1546 4335 dirnanet

400 4375 561 4442 humanam,
575 4391 647 4443 quae
666 4375 808 4444 posterior
820 4375 852 4428 in
872 4375 990 4428 christo
1004 4379 1050 4428 est
1060 4391 1111 4442 per
1121 4374 1232 4428 modum
1242 4375 1346 4442 partia,
1359 4377 1390 4426 et
1403 4369 1543 4440 qaudam·

400 4465 442 4518 De
461 4463 508 4518 his
526 4464 651 4518 diximus
669 4464 701 4518 lu
723 4463 866 4520 ’11111111
883 4463 1230 4523 mam-tnesxxxvl.
