3240 5064
553 389 592 403 -
613 357 673 420 277
695 390 732 405 -

127 462 220 532 Unde
242 469 424 533 creaturae
441 485 508 532 non
524 463 726 548 suntnihil,
746 486 813 532 uon
833 470 917 532 sunt
938 485 1033 534 mero
1054 483 1226 554 perceptum

72 570 121 640 sed
141 571 268 640 hebent
292 594 359 638 esse
381 570 560 662 proprium
576 595 598 637 a
614 571 683 638 Deo
699 593 761 662 per
777 570 996 657 creationem,
1016 595 1083 638 non
1101 570 1141 639 de
1156 573 1226 640 Deo

69 701 214 768 persnas
230 683 379 748 naturae
396 679 738 748 communicationem
754 677 818 764 (1).
837 680 924 748 Sunt
947 701 1043 770 ergo:
1062 681 1121 750 sed
1146 683 1228 773 quie

72 787 131 853 olis
144 786 246 876 plone
262 793 317 856 est
332 787 423 855 ratio
439 810 481 855 ex
498 786 603 855 dictis
626 810 694 854 esse
717 789 931 876 participati
953 793 989 855 et
1011 789 1124 878 ipsius
1140 789 1228 857 Eece

72 921 88 960 ι
102 919 144 976 sc,·
154 896 232 965 ideo
243 896 286 965 de
298 896 370 966 Deo
382 901 533 985 negetur
549 918 629 977 esse,
643 895 673 963 si
686 902 862 986 spectetur
871 897 1059 964 secundum
1074 899 1224 983 modum,

73 1026 127 1094 quo
147 1026 208 1071 nos
229 1025 292 1071 eus
315 1010 351 1072 et
366 1027 433 1071 esec
455 1003 667 1093 concipimus
689 1026 731 1071 ox
756 1003 940 1072 creaturis.
956 1004 1121 1074 Vicissim
1145 1027 1227 1074 vero

72 1109 152 1176 Deus
168 1109 265 1178 solus
282 1095 400 1178 meet
422 1115 604 1178 creaturae
627 1108 975 1195 concordiensem,
995 1111 1132 1202 quondo
1152 1135 1226 1202 spe·

72 1223 172 1286 utatur
182 1217 272 1286 Esse
282 1218 483 1307 principale
497 1216 533 1285 et
548 1217 662 1307 Ipsum
678 1217 766 1284 «Est
778 1215 1015 1306 purissimum,
1031 1219 1123 1311 quod
1134 1219 1226 1287 nihil

74 1323 161 1394 habet
175 1325 217 1394 de
234 1350 302 1392 non
319 1349 429 1410 essen,
442 1334 477 1394 et
491 1327 604 1394 «Esse
619 1325 789 1405 totaliter,
803 1347 823 1392 a
835 1347 903 1418 quo
920 1328 1077 1393 totaliter
1089 1328 1228 1395 obsistit

73 1459 124 1498 noc
136 1457 201 1500 esse
211 1460 243 1519 n,
254 1441 295 1502 ut
307 1433 344 1502 S.
356 1433 604 1503 Boncventure
615 1439 651 1502 et
664 1432 855 1501 senonas
870 1433 1063 1526 loquuntur
1075 1441 1224 1524 (supra).

74 1540 174 1629 Igitur
192 1570 208 1604 a
223 1541 278 1610 ite
301 1541 362 1609 ille
378 1547 443 1625 est,
461 1547 504 1609 ut
525 1542 562 1607 in
586 1540 662 1608 eius
685 1540 940 1629 comparatione
964 1563 1005 1611 ec
1021 1563 1107 1633 quoe
1132 1544 1228 1612 facte

74 1654 150 1732 sont,
163 1671 232 1716 non
244 1648 328 1716 sint.
340 1647 402 1716 Illi
413 1670 480 1716 uon
494 1653 704 1737 comparate,
716 1653 810 1734 sunt3
823 1647 983 1738 quonium
996 1649 1039 1716 cb
1052 1648 1114 1716 illo
1128 1655 1222 1718 sunt:

74 1755 115 1823 illi
135 1763 249 1825 eutem
273 1762 484 1846 comparatu,
510 1779 578 1824 nou
602 1763 695 1842 suut;
716 1754 799 1846 quio
823 1777 942 1824 verum
960 1780 1027 1824 esec
1041 1758 1225 1828 incommu-

74 1863 163 1933 tabile
186 1888 254 1930 esse
275 1869 341 1948 est,
367 1864 457 1956 quod
479 1863 542 1933 ille
565 1863 661 1933 solue
683 1871 736 1932 est
757 1890 772 1924 ι
798 1865 893 1954 Aug.
913 1863 948 1931 in
965 1865 1022 1932 Ps.
1042 1865 1119 1935 134.
1137 1889 1172 1934 n.
1189 1867 1223 1935 4.

74 1969 144 2038 Nam
162 1970 290 2040 celiud
305 1979 459 2056 estesse,
479 1971 576 2040 eliud
594 1971 844 2062 principaliter
861 1996 939 2056 eese;
956 1971 1053 2040 eliud
1077 1974 1225 2042 mutabi-

72 2076 149 2162 liter,
166 2078 267 2148 eliud
283 2079 551 2148 immutabiliter
565 2101 650 2148 esse.
669 2079 761 2148 Sunt
776 2079 867 2147 enim
885 2078 970 2148 haee
987 2080 1099 2147 omniu
1117 2085 1225 2168 (cree-

74 2189 126 2270 tc),
148 2187 206 2254 sed
231 2187 481 2277 principaliter
507 2209 574 2254 non
599 2196 693 2271 sunt,
713 2187 796 2279 quia
811 2188 848 2254 iu
865 2188 1061 2277 semetipsis
1086 2189 1224 2258 minime

75 2292 258 2363 subsistunt
273 2299 329 2383 (ex
350 2295 492 2385 propria
507 2294 756 2385 independente
779 2295 940 2380 virtute);
959 2301 995 2363 et
1007 2295 1078 2363 nisi
1101 2297 1224 2385 guber·

73 2401 175 2469 mutis
187 2423 292 2468 monn
307 2406 505 2486 teneantur,
517 2423 591 2470 esse
606 2421 822 2493 nequaquem
836 2407 1007 2490 possunt»
1019 2401 1165 2491 Gregor.
1176 2401 1223 2470 Μ.

73 2504 178 2576 IIorul.
200 2507 226 2576 l.
236 2508 336 2578 XVI.
355 2532 385 2578 c.
401 2509 441 2596 ὃς
464 2509 603 2578 XVIII.
621 2532 650 2577 c.
664 2509 718 2576 17.
745 2508 810 2577 His
837 2511 975 2576 omnino
1001 2510 1139 2598 gemine
1165 2509 1225 2577 he·

73 2616 140 2685 bert
153 2623 227 2686 tum
242 2617 468 2706 Augustinus
483 2616 606 2685 multis
621 2615 719 2700 locis,
738 2624 813 2684 tum
829 2615 996 2706 Origenes
1014 2617 1049 2684 in
1065 2617 1090 2685 1.
1110 2617 1222 2706 Regu.

73 2723 148 2793 hom.
162 2725 194 2793 1.
208 2749 244 2794 n.
264 2725 319 2811 123
335 2725 574 2814 Hieronymus
590 2724 627 2792 in
642 2723 733 2814 Eph.
747 2724 814 2792 III.
832 2731 867 2794 et
881 2748 934 2815 ep.
946 2725 1001 2792 25.
1021 2723 1064 2792 sd
1080 2723 1224 2792 Marcel·

72 2829 140 2919 lem;
156 2831 349 2920 DIonysius
364 2837 400 2900 et
422 2831 498 2900 eius
522 2830 695 2920 interpres
718 2829 904 2914 Maximus,
923 2830 1054 2921 aliique
1078 2853 1222 2921 quorum

72 2939 164 3006 verbe
183 2937 257 3028 legi
273 2945 421 3028 possunt
441 2939 535 3029 epod
558 2939 680 3008 Peter.
696 2937 721 3006 1.
737 2938 767 3007 Ι.
784 2961 812 3008 e.
829 2939 862 3006 6.
878 2962 912 3006 ιι.
929 2937 961 3006 6.
977 2961 1052 3030 sqq.
1070 2943 1106 3006 et
1128 2939 1222 3028 apud

73 3043 323 3115 'Ihomossinum
344 3045 371 3114 l.
389 3045 459 3115 III.
475 3068 505 3114 c.
521 3044 553 3113 1.
570 3067 644 3136 sqq.

127 3296 165 3373 (1)
178 3322 190 3349 ι
201 3301 329 3356 Dteirnns
347 3302 445 3369 itaque
465 3299 696 3354 iucommutabils
716 3298 818 3351 bonum
838 3313 980 3366 nonense,
996 3298 1055 3351 nisi
1073 3311 1158 3351 unum
1178 3313 1223 3352 ve·

73 3402 125 3442 mu
140 3393 223 3445 Deum
241 3393 372 3458 bustum
393 3407 427 3444 ec
445 3405 512 3444 vero
532 3406 605 3458 quse
624 3391 704 3457 tecit,
721 3392 796 3443 bono
808 3391 919 3458 quidem
932 3406 994 3455 erse,
1017 3389 1092 3457 qood
1111 3391 1145 3441 ab
1159 3389 1222 3453 illo,

74 3487 251 3537 verumtanem
271 3483 433 3546 mutabilia,
459 3481 534 3548 quod
552 3497 611 3534 noo
637 3481 670 3532 de
689 3480 757 3544 illo,
785 3479 834 3534 sed
854 3479 888 3533 ds
909 3481 1002 3534 nihilo
1025 3481 1102 3534 fecte
1129 3483 1221 3532 sunt·

73 3571 135 3638 Δις.
147 3571 267 3630 etmihi
286 3573 384 3628 1.x11.
397 3587 421 3626 c.
435 3572 460 3624 l.
883 3577 886 3586 '
