3280 5070
586 395 623 408 -
644 361 706 424 003
726 395 764 408 -
1054 424 1056 432 .

86 467 130 538 de
147 467 326 536 Praedest.
344 471 428 536 sect.
446 467 481 536 4.
495 491 529 558 p.
542 466 597 553 10,
615 491 704 560 sqq.;
719 492 753 557 p.
764 466 821 535 71.
834 490 923 558 sqq.;
939 465 1085 536 Carolus
1096 467 1154 537 Du
1166 466 1259 537 Ples-

85 578 137 646 sis
161 574 393 666 d’Argentree
416 576 453 644 in
476 574 729 644 Commentario
752 573 924 646 historico
947 575 989 644 de
1012 575 1191 645 Praedest.
1225 583 1261 644 et

84 683 276 774 Reprobat.
302 683 500 774 (reperitur
522 683 628 752 etiam
644 682 681 751 in
698 683 899 773 Appendice
916 681 957 750 Τ.
975 682 1045 750 m.
1064 682 1151 773 Opp.
1169 681 1260 750 llar-

84 789 158 860 tini
182 789 341 858 Grandin
363 788 466 858 Paris
489 789 619 877 1710.);
645 787 814 858 Claudius
829 789 981 858 Frassen
997 789 1034 856 in
1051 789 1156 858 Scoto
1172 789 1258 858 Aca·

84 897 220 968 demico
243 897 285 967 Τ.
311 897 342 983 Ι,
369 897 430 989 qni
452 897 490 966 in
513 895 578 966 hoc
592 895 706 987 capite
722 903 808 986 opts
822 895 998 986 prolixum
1015 895 1209 966 Tricassini
1225 896 1260 964 in

86 1004 326 1095 compendium
350 1005 498 1095 redegit.
524 1003 615 1072 Vide
638 1002 743 1072 etiam
766 1001 887 1072 Meffei
910 1003 1006 1072 Hist.
1033 1003 1141 1073 theol.
1167 1003 1193 1072 l.
1211 1003 1258 1072 X.

86 1119 120 1196 s.
136 1113 170 1182 2.
184 1138 220 1182 n.
235 1113 276 1201 23
304 1112 430 1182 Xllber
452 1110 660 1202 (Theologia
684 1110 1064 1202 wirceburgum.)
1091 1111 1133 1182 de
1158 1112 1261 1180 Prae·

85 1219 177 1290 dest.
193 1227 262 1290 art.
278 1220 311 1289 3.
326 1226 394 1290 eto.

155 1327 193 1398 S.
211 1327 414 1400 Irenaeusl.
433 1327 497 1398 IV.
517 1351 567 1398 cc.
587 1327 643 1396 39.
660 1329 717 1396 40.
736 1327 798 1414 (al.
817 1351 847 1397 c.
865 1327 940 1417 76.)
955 1328 1104 1418 primum
1120 1327 1259 1420 quidem

84 1441 211 1506 contra
233 1435 479 1506 Gnosticorum
502 1441 729 1505 commentum
753 1435 795 1504 de
819 1434 954 1524 duplici
969 1441 1032 1504 ant
1047 1434 1184 1525 triplici
1199 1456 1259 1503 na·
1323 1517 1325 1524 Α

83 1551 170 1614 tura
192 1545 369 1614 hominnm
392 1545 464 1614 slia
487 1545 586 1630 hona,
612 1543 684 1612 alia
706 1543 810 1629 mala,
836 1543 909 1612 alia
931 1543 1044 1613 media
1067 1543 1178 1628 docet,
1203 1544 1259 1612 bo·

82 1674 170 1720 num
193 1651 271 1722 fieri
294 1651 465 1721 hominem
487 1673 548 1742 per
570 1651 637 1720 Dei
660 1650 813 1740 gratiam
838 1651 896 1720 cui
919 1650 994 1741 ipse
1016 1649 1126 1720 libere
1142 1672 1259 1741 coope-

82 1767 197 1844 retur,
229 1759 356 1828 malum
386 1759 579 1828 resistendo
607 1759 672 1828 Dei
703 1758 853 1849 gratiae.
882 1787 899 1824 a
924 1758 964 1827 Si
986 1779 1089 1850 opera
1110 1759 1177 1827 Dei
1200 1781 1253 1846 es,

83 1889 227 1936 manum
249 1866 401 1937 artificis
424 1867 481 1936 tui
502 1875 706 1958 expecta...
733 1873 874 1957 praesta
897 1873 1013 1937 autem
1037 1867 1070 1934 ei
1086 1889 1144 1937 cor
1160 1873 1260 1936 tuum

82 1972 189 2042 molle
211 1979 248 2044 at
269 1973 467 2059 tractabile,
492 1980 529 2043 et
551 1973 691 2044 custodi
712 1973 863 2064 figurem
886 1995 955 2064 qua
970 1981 1005 2044 te
1021 1974 1190 2044 formavit
1204 1997 1257 2044 ar·

81 2082 234 2151 tilam...
260 2080 299 2150 Si
322 2103 406 2150 vero
429 2081 622 2150 obduratus
645 2103 790 2171 respuas
813 2087 923 2150 artem
946 2081 1023 2151 eius
1047 2088 1082 2150 et
1096 2082 1261 2173 ingratus

83 2188 220 2258 existas
242 2188 281 2258 in
302 2211 437 2275 eum,...
463 2188 569 2258 simul
592 2195 629 2260 et
650 2193 761 2258 artem
785 2189 862 2258 eins
883 2195 920 2258 et
935 2189 1045 2258 vitam
1063 2189 1256 2259 amisisti...

82 2297 164 2368 Non
187 2296 302 2387 igitur
325 2319 384 2374 ars
407 2296 527 2366 deficit
548 2293 671 2383 Dei,...
698 2297 757 2366 sed
780 2296 842 2366 ille
866 2297 927 2389 qui
949 2319 1018 2394 non
1035 2297 1261 2389 consequitur

81 2427 180 2492 eam,
213 2405 353 2476 sibimet
374 2426 457 2475 suae
480 2405 755 2496 imperfectionis
778 2412 1001 2476 causaest...
1027 2427 1136 2498 neque
1165 2405 1260 2478 Deus

84 2519 192 2604 coget
208 2536 298 2600 enm,
315 2513 376 2605 qni
392 2511 482 2582 nolit
497 2511 674 2582 continere
690 2513 767 2582 eius
783 2519 906 2582 artem.
925 2540 942 2576 n
960 2513 1036 2582 Iam
1053 2513 1110 2583 his
1126 2515 1260 2584 duobus

84 2622 268 2692 ordinibus
289 2621 466 2691 hominum
489 2643 558 2690 non
581 2621 679 2692 modo
703 2621 740 2690 in
763 2621 894 2691 iudicio
909 2623 1096 2692 secundum
1111 2623 1260 2694 diversi·

83 2736 194 2800 tatem
217 2730 419 2800 meritorum
443 2729 714 2798 destinabantur
736 2729 896 2799 diversae
919 2728 1174 2815 habitationes,
1200 2729 1260 2799 sed

83 2837 193 2907 etiam
223 2835 317 2908 Deus
343 2836 382 2906 in
413 2857 478 2906 sua
507 2836 739 2928 praescientia
762 2838 926 2906 bonorum
948 2843 986 2906 et
1008 2836 1178 2906 malornm
1201 2857 1261 2907 eas

83 2943 322 3014 habitationes
336 2942 626 3034 praedestinavit.
646 2943 776 3013 Subdit
790 2944 882 3012 enim
897 2943 1064 3014 Irenaeus
1080 2943 1258 3014 contineor

86 3081 103 3116 u
121 3051 218 3122 Deus
240 3057 357 3120 autem
381 3053 496 3118 omnia
514 3052 709 3140 praerodens
735 3054 892 3143 atrisque
917 3065 1020 3140 aptos
1030 3052 1261 3141 praeparavit

15 3211 34 3253 ‚.
85 3161 331 3244 habitationes,
350 3187 367 3224 e
385 3160 530 3230 luminis
546 3159 683 3230 scilicet
699 3159 757 3229 vel
771 3162 1004 3230 tenebrarum.

11 3254 16 3263 ¹
152 3269 204 3338 De
234 3269 384 3359 Origene
414 3267 507 3338 nihil
537 3267 673 3353 dicam,
707 3267 792 3358 quia
814 3267 891 3338 eius
914 3267 1109 3338 auctoritas
1132 3266 1198 3336 hae
1222 3266 1260 3336 in

83 3377 286 3470 quaestione
309 3378 402 3446 forte
424 3376 670 3447 contemnitur.
697 3375 859 3448 Ceterum
882 3375 1064 3446 evidenter
1086 3374 1261 3446 consentit

83 3483 169 3552 aliis
191 3483 359 3552 Patribus
382 3483 419 3550 in
433 3483 521 3552 locis
536 3482 700 3573 pluribus
717 3483 831 3575 quoad
846 3483 1199 3574 praedestinationem
1215 3483 1260 3553 ad

83 3591 295 3682 posteriores
317 3591 456 3682 gratias
478 3597 514 3662 et
536 3590 581 3660 ad
604 3589 755 3680 gloriam
779 3591 845 3678 (de
875 3591 1193 3682 praedestinatione
1215 3591 1259 3660 ad

82 3699 232 3789 primam
240 3699 394 3789 gratiam
404 3721 472 3769 non
482 3697 660 3768 difficilius
672 3700 746 3769 fere
757 3697 917 3790 loquitur
925 3722 1028 3792 quam
1037 3699 1260 3769 PP.aliinon·

82 3803 191 3891 nulli,
208 3810 246 3874 et
264 3810 381 3896 potest
402 3805 440 3874 in
464 3827 602 3874 sensum
625 3805 836 3876 catholicum
852 3805 1051 3895 explicari).
1069 3804 1161 3875 Vide
1176 3827 1206 3874 e.
1221 3828 1258 3894 g.

82 3918 308 3983 commentar.
334 3913 372 3981 in
387 3913 487 3982 Rom.
506 3914 536 3982 I.
556 3920 629 3982 tam
644 3918 686 3982 ut
700 3919 755 3982 est
771 3936 813 3982 ex
829 3912 990 3982 versione
1005 3911 1138 3996 Rufini,
1157 3932 1261 4003 quam

83 4025 127 4088 ut
149 4019 252 4089 illum
274 4019 537 4111 descripserunt
560 4020 597 4088 in
620 4019 817 4089 Philocalia
840 4044 871 4089 c.
889 4018 945 4087 25.
963 4017 1157 4108 Gregorius
1172 4017 1258 4088 Nan.

82 4131 120 4195 et
134 4127 304 4210 Basilius,
323 4127 385 4219 qni
397 4149 481 4217 ergo
492 4133 528 4196 et
539 4126 609 4217 ipsi
619 4126 1055 4196 suaauotoritateeandem
1067 4125 1260 4194 doctrinam

82 4239 231 4304 tuentur
260 4233 370 4325 (Opp.
396 4233 560 4325 Origenie
582 4235 635 4303 ed.
654 4233 697 4304 de
711 4233 748 4301 la
762 4235 839 4303 Rue
856 4233 897 4302 Τ.
916 4231 982 4302 IV.
999 4257 1034 4324 p.
1051 4231 1130 4300 462.
1148 4231 1258 4320 463.).

150 4341 375 4434 Epiphanius
396 4341 542 4411 Haeres.
561 4343 691 4412 LXIX.
718 4366 753 4410 n.
777 4343 833 4411 58.
855 4342 893 4410 in
912 4341 1005 4412 hunc
1032 4364 1170 4412 sensum
1183 4363 1259 4410 cum

83 4449 167 4520 aliie
183 4449 349 4520 Patribus
372 4449 527 4541 explicat
549 4449 678 4521 Matth.
690 4449 770 4520 XX.
782 4447 839 4519 23.
853 4447 951 4522 «Non
967 4455 1022 4520 est
1037 4472 1149 4520 meum
1172 4449 1256 4518 dare
