3240 5064
561 353 599 367 -
621 319 683 382 255
703 353 741 368 -

54 427 146 495 ratio
170 425 358 496 evidenter
382 425 560 496 concludit
575 424 727 497 existere
742 449 799 495 ene
814 428 1052 508 neceesarium,
1077 443 1135 489 eae
1150 442 1172 486 o
1189 439 1235 485 se.

53 535 157 604 Sicut
183 556 290 626 porro
313 533 380 602 illa
401 533 569 604 limitatio
591 535 850 626 contingentiae
884 540 920 604 et
951 525 1236 624 participationis

53 641 167 711 afficit
192 661 313 710 omnes
335 648 529 712 creaturae·
551 644 805 734 perfectiones,
830 645 883 714 ita
911 639 1079 734 perfectio
1104 637 1192 705 ectio
1215 657 1236 700 o

51 773 84 814 se
106 755 146 818 et
171 749 270 818 entis
292 748 475 840 plenitudo
495 751 657 840 pervadit
672 773 789 819 omnes
804 750 1035 841 perfectiones
1049 745 1128 815 Dei.
1141 741 1235 810 Hinc

53 857 145 925 ratio
171 863 210 925 et
232 856 322 925 fides
342 857 384 926 in
406 858 607 950 quaestione
631 857 717 950 quid
741 861 789 924 sit
812 859 903 926 Deus
927 855 1087 926 absolute
1102 855 1234 944 specta·

53 970 123 1046 tus,
150 961 252 1031 nihil
275 968 389 1052 agunt
411 963 521 1049 alind,
548 987 651 1057 quam
675 973 717 1034 ut
739 971 942 1055 conceptum
972 963 1155 1032 confusum
1180 981 1233 1026 en-

52 1075 97 1138 tie
120 1097 144 1136 a
169 1095 206 1139 se
229 1071 381 1140 reddant
403 1071 660 1143 distinctiorem
682 1073 914 1164 explicatione
937 1093 1069 1154 eorum,
1089 1089 1177 1161 qnae
1195 1067 1232 1136 iu

52 1179 113 1247 illo
130 1179 493 1270 comprehenduntur.
891 1245 894 1251 Α

117 1287 165 1356 Id
194 1311 283 1358 vero
310 1289 412 1357 iuxta
439 1293 597 1358 nostrum
628 1289 765 1360 modum
794 1285 1022 1382 cognoscendi
1048 1285 1160 1355 Deum
1191 1305 1234 1352 ex

53 1400 235 1469 creaturis
259 1397 302 1466 fit
323 1399 533 1489 dupliciter:
559 1405 597 1487 a)
612 1397 820 1469 declarando
836 1399 1082 1490 perfectionem
1105 1393 1234 1466 ontisa

55 1530 87 1574 se
105 1531 175 1595 per
198 1508 418 1596 respectionem
440 1506 638 1597 negationis
655 1530 715 1576 seu
730 1506 967 1592 limitationis,
986 1525 1056 1598 qua
1071 1507 1234 1572 creatura

55 1593 254 1682 necessario
277 1618 331 1682 est
353 1611 482 1682 affecte
496 1637 558 1704 per
574 1636 690 1683 omnes
714 1613 848 1704 gradus
867 1619 902 1682 et
917 1613 954 1680 in
971 1633 1102 1680 omnem
1120 1607 1232 1678 veluti

55 1723 305 1806 directionem,
331 1721 373 1790 do
398 1743 465 1813 qna
488 1723 717 1812 cognoscendi
740 1723 876 1790 ratione
906 1721 1068 1812 superius
1099 1718 1231 1787 dictum

56 1839 120 1899 est.
135 1830 301 1920 Apparet
317 1835 434 1897 autem
450 1829 555 1898 facile
572 1852 613 1898 ex
632 1829 773 1920 propria
790 1829 990 1898 huiusmodi
1006 1826 1231 1917 negationum

56 1937 182 2022 indole,
200 1958 261 2004 eas
276 1959 346 2002 non
368 1958 443 2004 esse
465 1935 536 2005 nisi
559 1937 648 2004 alios
671 1944 775 2029 atque
799 1936 888 2004 alios
911 1942 1097 2024 conceptus
1116 1933 1231 2022 pleni·

59 2042 188 2140 rodinis
213 2046 304 2109 entis
327 2044 392 2110 sub
415 2043 566 2112 diversis
596 2046 812 2134 respectibus
843 2042 1073 2135 oppositionis
1095 2041 1140 2110 ad
1170 2062 1231 2109 ens
1266 2107 1269 2114 ι

56 2150 269 2236 limitatum
295 2171 416 2218 earum
446 2173 530 2240 ergo
561 2150 855 2242 multiplicatione
885 2151 1092 2220 distinctius
1118 2148 1231 2218 couci·

58 2260 178 2349 pimus,
205 2259 298 2351 quod
321 2259 360 2326 in
376 2259 463 2327 Ense
478 2284 500 2325 o
514 2283 548 2326 se
562 2260 797 2351 intelligimus
813 2261 967 2332 confuse.
986 2289 1002 2324 u
1021 2259 1134 2328 Tanto
1151 2257 1228 2326 eius
1298 2349 1302 2356 ι

58 2366 212 2452 (divinae
225 2367 460 2453 substantiae)
473 2368 618 2437 notitiae
630 2369 744 2459 magis
755 2368 1086 2460 appropinquamus,
1099 2371 1228 2457 quanto

59 2473 156 2564 plura
178 2495 242 2564 per
264 2473 482 2543 intellectum
505 2481 663 2544 nostrum
686 2479 729 2546 ab
753 2499 793 2546 ea
816 2476 1007 2567 poterimus
1030 2467 1225 2558 removere;

60 2586 152 2648 tanto
179 2580 284 2659 onim¹
301 2581 570 2674 unumquodque
591 2583 781 2673 perfectius
809 2583 1068 2672 cognoscimus,
1095 2584 1228 2672 quanto

60 2687 275 2757 differentias
297 2688 434 2757 eiusad
451 2689 522 2757 alia
545 2689 685 2780 plenius
708 2691 903 2778 intuemur;
929 2689 1036 2758 habet
1057 2689 1147 2756 enim
1171 2707 1228 2754 res

61 2818 282 2889 unaquaeqne
305 2797 342 2864 in
366 2818 403 2866 se
424 2797 502 2887 ipsa
526 2821 593 2864 esee
607 2799 786 2889 proprium
810 2801 853 2868 ab
877 2798 1035 2867 omnibus
1058 2795 1141 2863 aliis
1157 2794 1226 2863 dis·

60 2903 232 2972 tinctum»
260 2903 297 2972 S.
311 2903 433 2972 Thom.
452 2910 543 2974 cont.
563 2913 661 2994 gent.
679 2905 710 2974 Ι.
729 2927 759 2975 c.
779 2905 834 2975 14.

119 3013 306 3080 Possumus
331 3011 399 3104 iam
415 3019 597 3082 creaturae
612 3013 842 3083 limitationes
858 3013 1077 3084 considerare
1089 3015 1226 3078 ratione

62 3123 214 3208 originis:
232 3119 285 3188 ita
308 3125 364 3188 est
385 3143 446 3189 ens
470 3129 626 3192 creatum
649 3129 685 3191 et
707 3125 752 3192 ab
782 3123 872 3211 alio;
898 3124 989 3192 unde
1019 3120 1225 3211 formaliter

63 3225 92 3292 in
113 3249 147 3296 se
169 3227 247 3318 ipsa
270 3215 325 3296 cst
347 3251 408 3296 eus
431 3229 570 3298 finitum
586 3281 594 3313 ,
613 3236 649 3299 et
671 3229 752 3300 inde
776 3229 1065 3322 multiplicabile,
1092 3251 1223 3318 compo-

61 3331 155 3401 situm
178 3333 299 3426 aliquo
322 3334 422 3402 modo
442 3335 498 3404 vol
514 3336 619 3404 etiam
636 3337 829 3422 materiale,
850 3337 1030 3423 mutabile
1050 3333 1224 3401 inordina

62 3437 102 3504 od
123 3455 247 3529 tenpus
271 3439 404 3510 durans
434 3466 511 3512 oum
535 3444 751 3513 successione
777 3445 899 3514 saltem
924 3443 1096 3535 possibili;
1116 3445 1153 3508 in
1171 3467 1222 3507 or-

63 3543 132 3614 dine
151 3547 196 3615 od
220 3549 330 3615 locam
352 3550 554 3619 restrictum
578 3553 615 3619 in
639 3574 704 3620 sua
727 3553 937 3642 praeseutia,
956 3552 1014 3622 vel
1029 3552 1137 3620 etiam
1155 3551 1221 3617 cir-

64 3655 299 3746 cumscriptum
323 3658 449 3746 epatio;
469 3659 507 3723 irc
531 3655 650 3725 ordino
685 3657 730 3726 ad
761 3663 1012 3750 cognitionem,
1037 3657 1221 3727 intellectu

65 3759 149 3828 finito
172 3763 492 3853 comprehensibile,
512 3765 744 3856 cognoscibile
768 3773 810 3836 ut
833 3769 870 3835 iu
894 3791 930 3836 se
954 3773 1019 3852 est,
1038 3766 1096 3836 vel
1116 3767 1220 3835 etiam

64 3869 220 3956 sensibile,
239 3892 280 3940 ao
304 3871 448 3961 proinde
471 3873 632 3942 doctrina
651 3873 859 3963 explicabile
875 3875 938 3963 (1).
955 3875 1030 3944 Has
1046 3896 1162 3943 omnes
1178 3873 1219 3941 li-

66 3974 244 4046 mitationes
266 3977 503 4069 intelligimus
527 3981 627 4050 velut
650 3983 795 4052 totidem
822 3983 1060 4074 expressiones
1093 3983 1219 4054 distin·

125 4227 162 4302 (1)
173 4233 211 4286 Do
229 4233 277 4288 his
287 4235 441 4302 postremis
454 4251 527 4304 quae
539 4237 576 4291 ad
592 4238 773 4294 intellectum
794 4243 919 4295 creatum
936 4241 1112 4311 referuntur,
1125 4245 1218 4299 actum

72 4319 164 4373 euobis
174 4327 216 4376 est
226 4323 257 4376 in
272 4325 479 4393 superioribus,
493 4328 543 4380 ubi
556 4329 587 4380 in
601 4330 774 4384 tractatione
795 4331 830 4383 de
844 4331 923 4384 modo
936 4333 1023 4388 Deum
1043 4334 1106 4388 sivo
1121 4333 1152 4385 iu
1165 4333 1218 4386 huc

72 4405 121 4460 nire
138 4411 164 4464 in
182 4414 273 4469 altera
293 4415 358 4470 vlta
376 4417 561 4483 cognomenti
577 4420 711 4487 proprius
727 4420 769 4474 ets
790 4421 867 4476 locus
883 4426 956 4477 orat.
