3280 5070
595 394 632 408 -
654 361 714 424 597
734 395 771 408 ..

90 465 228 535 civitas
250 465 410 534 coelestis
424 467 461 534 in
476 467 695 557 praevisione
711 475 746 537 et
762 469 1075 558 praedestinatione
1098 468 1266 560 completa

90 582 131 642 et
145 596 314 642 numerus
329 573 577 643 salvandorum
593 575 749 644 absolute
765 577 949 644 conclusus
965 575 1122 665 intelligi
1135 581 1262 666 potest.

88 679 194 770 Ergo
218 679 257 747 hi
279 679 348 770 ipsi
371 704 439 749 non
462 681 699 770 comprehensi
722 682 759 749 in
782 683 1100 772 praedestinatione
1131 690 1266 751 antece·

89 787 213 872 dente,
230 787 268 855 in
291 787 355 856 illo
378 789 480 878 signo
503 789 728 858 antecedente
753 814 863 857 omnes
881 805 1027 880 possunt
1051 815 1129 873 esse,
1154 791 1266 883 aliqui

90 917 139 961 ex
172 895 262 984 ipsis
293 902 540 988 consequenter
571 897 616 965 ad
646 897 900 986 praevisionem
930 899 1132 966 meritorum
1162 899 1268 966 etiam

90 1024 218 1093 reapse
249 1009 354 1072 erunt
385 1003 637 1093 praedestinati
661 1004 705 1072 ad
730 1005 838 1074 vitam
871 1011 1059 1075 aeternam.
1093 1005 1268 1088 Quomodo

91 1110 190 1179 enim
214 1110 314 1179 nulla
335 1110 451 1180 adhuc
474 1113 653 1203 supposita
669 1135 807 1202 operum
823 1115 1042 1202 praevisione
1057 1119 1205 1198 constat,
1225 1135 1267 1181 ex

93 1224 154 1285 tot
181 1217 332 1286 millium
361 1217 517 1286 millibus
548 1220 716 1287 neminem
746 1229 1034 1311 cooperaturum,
1065 1223 1095 1290 si
1123 1227 1268 1312 possunt

93 1347 216 1394 omnes
239 1326 427 1414 cooperari,
454 1333 489 1394 et
511 1317 542 1393 si
565 1326 659 1394 Deus
687 1327 778 1410 vult,
808 1333 850 1395 ut
877 1335 1102 1418 cooperentur
1131 1327 1268 1418 gratiae

93 1434 258 1502 omnibus
281 1432 430 1502 dandae?
446 1433 504 1502 Ita
519 1433 657 1502 tandem
681 1433 932 1504 deveniendum
954 1443 1046 1504 esset
1068 1436 1112 1504 ad
1136 1443 1268 1505 senten-

92 1540 186 1608 tiam
209 1539 386 1607 Ambrosii
409 1538 593 1608 Catharini
616 1539 666 1626 (1)
689 1546 725 1608 et
754 1540 903 1610 aliorum
934 1543 1150 1634 quorundam
1172 1543 1267 1611 theo·

93 1647 258 1736 Iogorum
281 1645 494 1731 docentium,
520 1647 657 1739 aliquos
682 1647 914 1732 antecedente,
939 1650 1028 1718 alios
1052 1665 1270 1742 consequente

94 1755 276 1822 voluntate
290 1754 356 1822 Dei
373 1754 649 1845 praedestinatos
665 1779 739 1824 esse
755 1757 798 1825 ad
815 1757 925 1826 vitam
944 1765 1132 1844 aeternam,
1148 1763 1269 1826 contra

96 1884 187 1953 quos
210 1861 389 1951 theologos
413 1866 657 1950 argumentum
681 1861 824 1930 ductum
848 1885 890 1930 ex
914 1865 1185 1934 universalitate
1209 1888 1267 1933 vo·

95 1967 252 2037 luntatis
264 1967 444 2037 salvificae
459 1991 540 2037 sane
553 1991 620 2037 non
635 1967 743 2053 valet,
754 1991 817 2038 nec
829 1991 885 2038 eos
897 1994 990 2040 nuno
1009 1973 1266 2062 impugnamus.

165 2076 218 2145 At
235 2099 317 2145 vero
332 2076 372 2161 ii,
392 2077 596 2168 quibusoam
619 2083 739 2145 nostra
762 2085 816 2146 est
838 2077 1045 2168 disputatio,
1066 2080 1123 2148 vel
1139 2080 1269 2150 diserte

95 2185 273 2254 affirmant
288 2184 346 2254 vel
362 2207 404 2254 ex
422 2185 478 2254 sui
495 2186 700 2275 systematis
723 2186 858 2255 ratione
881 2188 1075 2256 necessario
1099 2189 1269 2258 affirmare

96 2291 568 2384 convincuntur,lnumerum
592 2290 839 2360 salvandorum
862 2316 935 2362 esse
959 2294 1117 2364 absolute
1137 2294 1270 2364 conclu-

97 2423 177 2468 sum
200 2399 422 2468 antecedente
445 2397 775 2488 praedestinatione;
802 2407 837 2469 et
860 2401 1004 2490 proinde
1027 2403 1198 2472 affirmare
1214 2403 1269 2472 de·

97 2507 205 2590 bent,
230 2507 340 2574 Deum
364 2529 432 2574 non
455 2506 570 2592 velle,
597 2513 638 2576 nt
660 2507 843 2600 quisquam
869 2509 962 2577 alius
985 2533 1062 2578 eum
1089 2533 1269 2580 numerum

97 2614 333 2704 ingrediatur.
360 2615 445 2684 Cum
469 2615 534 2684 hac
558 2637 641 2684 vero
664 2617 848 2685 voluntate
870 2617 1053 2688 evidenter
1079 2625 1266 2709 repugnat,

97 2723 209 2791 Deum
230 2723 268 2790 in
291 2723 406 2793 eodem
431 2723 532 2814 signo
556 2723 676 2822 velle„
689 2730 731 2793 ut
753 2725 858 2794 etiam
881 2725 946 2793 alii
970 2725 1103 2795 sintin
1126 2749 1268 2796 numero

165 2936 206 3013 (1)
220 2940 394 2996 (lethariuus
405 2938 450 3013 (In
464 2956 560 3008 opusc.
575 2940 609 2994 dc
623 2941 802 2996 Praedestin.
817 2943 853 2996 ad
871 2944 925 2996 1³1³.
937 2942 1135 3014 I'ridentinos)
1154 2944 1268 3013 praede-

99 3030 286 3083 atlnatlonem
305 3031 467 3098 appellavIt
479 3032 568 3084 solam
582 3047 652 3098 eam,
665 3049 736 3100 quae
759 3034 799 3086 sit
820 3031 991 3087 antecedens
1003 3035 1040 3087 ad
1061 3035 1268 3103 praevisionem

99 3121 223 3174 omnium
241 3121 414 3174 meritorum.
431 3121 510 3175 Unde
528 3123 694 3188 affirmabat,
710 3125 815 3176 multos
829 3125 938 3177 salvari
958 3125 1028 3190 quin
1040 3126 1101 3178 siut
1112 3125 1269 3192 praedesti·

100 3212 174 3278 nati,
194 3227 246 3264 nac
263 3211 322 3264 nisi
338 3211 457 3266 Sancto·
473 3211 587 3280 aliquos
599 3213 730 3278 insignes
742 3214 821 3266 iuter
832 3214 1060 3281 praedestinatos
1081 3215 1269 3269 numerandos

100 3317 171 3355 asae.
180 3299 279 3354 iiodue
290 3299 403 3354 dicendi
423 3305 468 3353 eet
483 3289 559 3354 certe
570 3302 718 3368 oppositus
728 3303 793 3356 usui
806 3303 941 3370 loquendi
952 3304 1143 3358 ecclesiastico
1155 3306 1268 3359 unlner-

100 3405 141 3458 ao,
153 3393 183 3444 et
202 3405 233 3442 eo
252 3391 372 3442 maxime
386 3390 682 3457 Improbsudus‚quod
692 3387 866 3444 catherinus
877 3393 1057 3446 axietImavlt
1066 3393 1097 3445 in
1112 3393 1268 3462 Scripturia

99 3479 280 3552 (nominatim
298 3478 409 3532 Iudicat
427 3475 671 3550 Remmius.)
696 3479 987 3546 praedestinationem
1013 3482 1117 3536 reterri
1140 3483 1175 3536 ad
1200 3484 1268 3537 illos

100 3571 176 3624 solos
194 3569 312 3622 Senator
330 3569 460 3634 Insignea
485 3559 842 3622 antecedente'voluntete
867 3570 1105 3637 praedestinatos.
1118 3571 1149 3625 Sl
1174 3576 1268 3626 sutem

101 3661 276 3727 praecisione
294 3659 372 3713 lacta
390 3659 426 3738 ab
444 3659 507 3711 eius
525 3659 605 3711 modo
624 3659 760 3726 loquendi
779 3664 809 3713 st
827 3659 967 3728 probandi
987 3665 1132 3728 spectatur
1143 3677 1190 3714 res
1204 3663 1269 3728 lpas

100 3753 130 3802 et
147 3748 279 3804 doctriua
298 3749 329 3802 iu
350 3765 396 3818 se,
417 3749 519 3803 merito
537 3749 714 3802 adnotarunt
732 3751 905 3816 posteriores
925 3752 1052 3818 theologi
1070 3751 1187 3822 (Suarea
1206 3752 1227 3802 l.
1242 3751 1267 3803 1.

100 3855 124 3892 o.
137 3839 164 3891 8.
176 3855 206 3890 n.
218 3838 264 3905 315
278 3839 413 3892 Valentia
423 3839 453 3890 in
466 3838 490 3890 1.
506 3854 534 3906 q.
548 3837 593 3889 23.
608 3841 705 3904 punct.
719 3839 747 3891 4.
760 3839 785 3904 5.
796 3841 823 3892 2.
837 3839 864 3890 4.
876 3837 911 3892 ad
924 3834 1096 3908 inamata),
1118 3837 1268 3891 (tatharlni

100 3927 270 3982 sarmatiam
288 3943 345 3980 uon
364 3928 467 3981 mereri
484 3943 631 3982 censuram
652 3928 767 3994 erroris,
789 3943 845 3996 qua
867 3928 1030 3981 DominIoua
1044 3929 1111 3981 Soto
1132 3942 1191 3980 eam
1205 3941 1267 3994 pro-

101 4015 277 4071 scribendum
293 4017 419 4084 putavit.
434 4018 520 4070 Immo
540 4017 566 4070 si
585 4017 718 4070 dicantur
737 4016 831 4084 aliqui
851 4031 885 4068 ex
899 4015 1029 4068 omnibus
1045 4013 1268 4082 salvandispro·

102 4106 232 4160 videntIa
249 4107 459 4174 specialissima
484 4105 693 4174 praedestinati
713 4108 780 4158 ante
803 4104 1062 4171 praevisamerIta,
1077 4103 1130 4156 alli
1150 4119 1216 4157 vero
1230 4119 1268 4156 se·

102 4194 220 4248 cundum
238 4209 409 4249 communem
438 4195 648 4264 providentiam
673 4189 944 4265 (supernaturalem)
969 4193 1179 4261 praedestinati
1203 4197 1270 4261 post

103 4286 233 4353 praevlaa
251 4286 354 4340 merita
373 4287 499 4352 gratIa05
521 4285 552 4338 id
571 4302 628 4339 non
647 4286 738 4339 solum
760 4299 906 4337 censuram
926 4297 983 4336 non
1003 4285 1142 4350 meretur,
1164 4282 1213 4336 sed
1232 4283 1267 4334 ab

103 4375 265 4441 Insignibus
288 4377 430 4442 theologis
450 4375 624 4443 deicidium,
635 4375 714 4429 Inter
724 4389 796 4442 qnos
806 4372 873 4428 vide
885 4373 1084 4428 Ysambertum
1097 4375 1128 4426 In
1142 4374 1167 4425 1.
1179 4388 1210 4437 q.
1223 4372 1268 4423 23.

104 4463 176 4534 (hap.
187 4465 215 4518 8.
229 4481 257 4518 a.
267 4465 296 4519 4.
310 4467 376 4522 coll.
389 4465 465 4534 disp.
476 4466 504 4518 4.
519 4481 545 4518 a.
560 4465 587 4516 1.
