3262 5076
895 377 933 392 -
955 343 1015 408 456
1035 377 1073 392 -

393 451 522 541 scisse,
547 473 614 516 non
638 473 726 542 quoe
748 451 827 521 Iesse
851 450 986 521 Gloriari
999 479 1016 516 s
1042 451 1153 522 Serm.
1181 451 1257 520 100.
1283 473 1320 522 u.
1337 451 1372 519 1.
1398 447 1562 539 (dereris.

398 558 466 628 Ev.
484 559 600 642 Luc).

465 667 507 738 In
530 665 827 758 disputationibus
849 673 967 734 autem
990 689 1067 736 cum
1092 666 1387 758 semipelagianis
1411 665 1567 736 doctrina

399 772 611 842 descientia
640 771 977 858 conditionatorum,
1004 794 1107 864 quarn
1139 773 1366 863 Augustinus
1397 795 1508 865 aeque
1527 793 1566 840 ac

398 880 503 948 ceteri
528 881 595 948 PP.
614 879 827 970 suscipiebat
849 879 949 949 velut
978 880 1126 970 positam
1150 890 1253 948 extra
1274 902 1411 949 omnem
1435 889 1565 949 contro·

399 988 559 1071 versiam,
585 993 732 1079 atquae
755 986 893 1056 nonnisi
919 1015 936 1050 u
961 985 1223 1076 perversissime
1249 995 1287 1056 et
1309 985 1564 1056 insanissime·

395 1107 596 1186 negaretur,
622 1097 726 1184 probs
749 1095 923 1186 distingui
947 1095 1048 1166 debet
1069 1097 1114 1164 ab
1135 1118 1252 1165 errore
1276 1094 1567 1184 Semipelagiauo·

395 1227 486 1274 rum.
512 1203 619 1272 quta
641 1203 763 1272 borum
789 1210 1015 1273 commentum
1031 1225 1085 1288 aa,
1103 1227 1191 1296 qnae
1215 1203 1382 1272 voluntas
1406 1203 1492 1272 bene
1508 1211 1567 1268 aut

395 1312 484 1380 male
501 1323 625 1380 actura
640 1319 732 1380 esset
746 1313 811 1378 snb
822 1309 1033 1396 conditiora,
1043 1311 1129 1381 licet
1140 1332 1328 1402 numquam
1340 1310 1462 1400 reipsa
1472 1315 1564 1399 agat,

396 1439 510 1490 coram
534 1420 606 1488 Deo
629 1418 758 1487 hubent
772 1419 926 1510 aliquam
939 1419 1107 1489 rationem
1126 1419 1243 1488 meriti
1260 1418 1354 1487 sicut
1369 1425 1474 1486 actus
1492 1415 1567 1484 boui

396 1526 451 1596 vel
478 1525 560 1594 mali
584 1526 951 1602 realiterexisteutes.
977 1527 1079 1596 Siout
1100 1549 1185 1618 crgo
1207 1549 1249 1596 ex
1272 1525 1439 1594 doctrina
1461 1523 1566 1592 veris·

396 1635 484 1704 sima
506 1634 701 1724 Augustini
732 1633 777 1702 ad
808 1633 1025 1724 Simplicius.
1050 1634 1118 1704 Ι.Ι.
1141 1635 1275 1727 q.2.=n.
1296 1634 1330 1701 6.
1354 1632 1483 1702 electio
1505 1631 1566 1699 Dei

395 1742 556 1811 absoluta
578 1742 622 1810 ad
646 1741 837 1831 praemium
859 1749 914 1811 cst
936 1765 977 1810 ex
1002 1744 1220 1833 praevisione
1243 1749 1386 1810 actuum
1403 1759 1565 1830 superna·

395 1850 565 1920 turalium
590 1850 733 1920 realiter
755 1849 982 1918 existentium
1000 1850 1064 1936 (1):
1083 1849 1135 1918 ita
1157 1857 1316 1918 errantes
1338 1847 1397 1916 illi
1420 1849 1565 1916 affirma·

395 1960 498 2044 bant,
525 1959 613 2026 bona
635 1981 739 2048 opera
762 1979 850 2050 quae
872 1959 967 2026 Deus
990 1957 1174 2048 praevidet
1203 1959 1268 2026 sub
1290 1957 1492 2025 conditione
1515 1957 1565 2024 lu·

393 2074 488 2150 tura,
506 2087 580 2134 esse
597 2065 773 2148 meritum,
792 2066 848 2133 cui
866 2066 959 2134 Dens
976 2065 1143 2134 retribuit
1158 2065 1329 2156 gratiam
1351 2071 1388 2133 et
1402 2063 1565 2131 similiter

394 2181 548 2264 peccata,
574 2195 662 2265 quae
685 2173 749 2240 sub
772 2172 969 2240 conditione
991 2173 1171 2261 cognoscit
1193 2173 1328 2256 futura,
1354 2192 1431 2240 esse
1458 2169 1563 2240 deme

393 2281 514 2362 ritum,
541 2287 681 2368 propter
705 2279 797 2371 quod
821 2279 877 2346 vei
901 2278 1091 2368 generatim
1111 2278 1230 2368 gratia
1246 2277 1494 2362 subtrahatur,
1513 2275 1563 2344 vel

393 2387 597 2456 nominatim
622 2386 777 2454 infantes
801 2391 910 2454 morte
934 2386 1195 2476 praeripiantur
1219 2387 1402 2477 baptismo.
1421 2385 1564 2476 Propter

393 2493 487 2563 bunc
510 2515 660 2564 errorem
683 2493 909 2584 Augustinus
932 2495 969 2562 in
993 2493 1288 2585 disputationibus
1311 2495 1483 2564 adversus
1508 2495 1562 2562 Pe·

392 2601 612 2692 legianorum
635 2601 805 2692 reliquias
827 2599 1037 2690 diligentins
1060 2601 1230 2670 disceruit
1259 2601 1414 2670 absolute
1434 2600 1563 2690 futuru

392 2712 436 2778 ab
459 2710 517 2795 iis,
544 2733 631 2802 pirae
648 2709 772 2796 serent
794 2707 906 2776 solum
928 2709 993 2777 sub
1016 2707 1225 2792 conditione,
1244 2731 1433 2800 numquam
1449 2715 1560 2778 autem

392 2825 473 2888 actu
498 2825 592 2886 sunt.
612 2819 704 2886 Hinc
726 2815 832 2886 etiam
854 2819 1132 2906 praescientiam,
1149 2837 1238 2908 quae
1261 2839 1329 2884 uon
1354 2823 1559 2908 potestesse

392 2945 495 2997 sensu
520 2925 660 3015 proprio
683 2923 752 2992 nisi
776 2923 934 2992 absolute
956 2923 1178 3008 futurorum,
1204 2931 1313 3013 negat
1334 2925 1372 2992 in
1395 2925 1559 2994 Decesse

390 3055 521 3117 eorum,
548 3055 634 3124 quae
658 3031 742 3101 iicet
757 3053 944 3122 numquam
960 3037 1044 3101 actu
1062 3032 1184 3100 futura
1200 3029 1257 3098 iiii
1273 3039 1435 3101 errantes
1451 3041 1558 3099 tamen

390 3161 412 3210 a
435 3143 505 3212 Deo
525 3141 697 3232 praesciri
719 3139 859 3209 aiebant
882 3139 945 3226 (2).
965 3139 1162 3209 Secundum
1186 3137 1277 3207 bano
1300 3137 1416 3228 igitur
1439 3139 1555 3209 distin·

391 3249 536 3318 ctionem
550 3247 776 3339 Augustinus
792 3247 962 3316 adversus
978 3245 1244 3336 Pelagianorum
1261 3245 1434 3339 reliquias
1449 3248 1555 3337 dispu-

389 3362 471 3424 tans
482 3354 637 3422 divinam
651 3353 883 3444 coguitionem
899 3361 1041 3422 actuum
1058 3353 1221 3422 bonorum
1235 3351 1291 3422 vel
1303 3355 1488 3441 malorum,
1504 3351 1555 3447 qui

455 3555 497 3632 (1)
513 3557 622 3611 «Nemo
641 3558 763 3624 eligitur
774 3558 833 3611 uisi
846 3558 902 3612 ism
915 3556 1029 3612 distans
1043 3557 1079 3613 ab
1092 3557 1155 3625 iilo,
1171 3559 1221 3627 qui
1236 3557 1379 3614 relicitur.
1394 3559 1478 3614 Unde
1489 3554 1554 3626 quoi

388 3645 494 3704 dictum
515 3656 569 3714 ast,
585 3648 654 3715 quis
666 3648 755 3712 elegit
771 3664 822 3702 uos
842 3648 917 3702 Deus
936 3652 1004 3700 ente
1023 3647 1120 3702 muudi
1134 3648 1370 3702 constitutionem
1384 3641 1549 3720 (ssoh-it).

388 3753 443 3792 nou
464 3737 558 3804 rideo,
580 3736 716 3806 quomodo
736 3739 775 3790 ait
789 3737 895 3790 dictum
910 3738 968 3790 uisi
983 3739 1176 3806 praescientia
1191 3759 1203 3786 ι
1218 3740 1341 3805 August.
1356 3739 1378 3791 l.
1390 3753 1415 3792 c.
1430 3737 1484 3792 Est
1495 3737 1552 3791 baeu

387 3825 490 3882 electio
510 3827 547 3880 od
561 3827 725 3894 proemium,
747 3833 779 3881 ut
799 3829 891 3893 patet,
913 3842 968 3878 uon
989 3825 1024 3879 ad
1045 3828 1222 3880 vocationem
1242 3833 1271 3881 et
1290 3828 1432 3894 gratiam,
1454 3827 1487 3882 ds
1505 3839 1550 3895 qus

387 3920 497 3972 textum
517 3917 636 3972 cundem
655 3917 785 3986 Apostoli
805 3915 888 3982 ionga
908 3917 996 3970 aitter
1015 3917 1144 3984 explicat
1162 3917 1284 3984 sumat.
1300 3919 1334 3972 de
1347 3918 1496 3972 Praedest.
1508 3917 1548 3972 St

387 4021 411 4060 e.
428 4008 474 4072 173
496 4013 570 4060 cout.
585 4007 656 4061 duas
675 4023 739 4074 epp.
755 4009 852 4073 Psiag.
867 4008 888 4060 l.
900 4005 939 4058 11.
954 4021 983 4058 n.
996 4007 1040 4059 15.
1056 4011 1085 4061 et
1098 4007 1181 4061 aiibi.

452 4091 494 4168 (1)
513 4097 559 4148 ltu
577 4097 668 4148 refert
686 4095 720 4149 de
738 4095 971 4150 Massiliensibus
990 4095 1114 4162 Prosper
1133 4097 1164 4150 in
1178 4111 1230 4150 sus
1247 4112 1292 4163 sp.
1307 4095 1345 4149 sd
1357 4096 1546 4164 donatiuum.

389 4205 402 4232 ι
417 4185 450 4238 Iu
471 4188 583 4238 tanturn
602 4185 805 4240 commentitiis
825 4187 1049 4254 quibuscumque
1069 4186 1182 4240 meritis
1208 4185 1378 4240 electionem
1398 4187 1450 4240 Dei
1467 4183 1544 4240 subii·

385 4274 475 4340 ciunt,
486 4279 518 4326 ut
533 4275 602 4342 quia
622 4276 781 4344 praeterita
796 4291 851 4328 nou
871 4280 998 4342 eruunt,
1015 4275 1114 4329 lutura
1134 4291 1206 4344 quse
1219 4291 1275 4330 nou
1289 4277 1351 4331 siut
1370 4277 1475 4342 futuru,
1489 4290 1544 4329 ιιι·

387 4363 507 4430 lingant,
528 4379 656 4432 nouoque
671 4365 746 4432 apud
761 4365 829 4418 iilos
849 4365 1042 4420 absurditatis
1056 4380 1168 4434 gauere,
1182 4370 1211 4419 ut
1223 4382 1280 4420 ιιι
1293 4365 1405 4434 agenda
1418 4359 1556 4436 pneeuu‘

387 4453 457 4520 siut,
480 4459 510 4508 et
527 4455 670 4524 praescito
689 4469 745 4508 uuu
765 4459 830 4510 aeta
848 4457 947 4510 siut.»
1357 4455 1362 4468 '
