<?xml version="1.0" encoding="UTF-8"?>
<!DOCTYPE html PUBLIC "-//W3C//DTD XHTML 1.0 Transitional//EN"
    "http://www.w3.org/TR/xhtml1/DTD/xhtml1-transitional.dtd">
<html xmlns="http://www.w3.org/1999/xhtml" xml:lang="en" lang="en">
 <head>
  <title>
</title>
<meta http-equiv="Content-Type" content="text/html;charset=utf-8" />
  <meta name='ocr-system' content='tesseract 3.04.00' />
  <meta name='ocr-capabilities' content='ocr_page ocr_carea ocr_par ocr_line ocrx_word'/>
</head>
<body>
  <div class='ocr_page' id='page_1' title='image "./ioannisbaptfran01frangoog_0564.png"; bbox 0 0 3280 5070; ppageno 0'>
   <div class='ocr_carea' id='block_1_1' title="bbox 53 389 1229 2948">
    <p class='ocr_par' dir='ltr' id='par_1_1' title="bbox 555 389 828 456">
     <span class='ocr_line' id='line_1_1' title="bbox 555 389 828 456; baseline -0.007 0"><span class='ocrx_word' id='word_1_1' title='bbox 555 425 593 440; x_wconf 92' lang='lat'>-</span> <span class='ocrx_word' id='word_1_2' title='bbox 614 394 675 456; x_wconf 84' lang='lat'>547</span> <span class='ocrx_word' id='word_1_3' title='bbox 696 426 733 440; x_wconf 94' lang='lat'>-</span> <span class='ocrx_word' id='word_1_4' title='bbox 822 389 828 405; x_wconf 90' lang='lat'><strong><em>‘</em></strong></span> 
     </span>
    </p>

    <p class='ocr_par' dir='ltr' id='par_1_2' title="bbox 53 497 1229 1877">
     <span class='ocr_line' id='line_1_2' title="bbox 58 497 1229 592; baseline -0.004 -23"><span class='ocrx_word' id='word_1_5' title='bbox 58 499 328 590; x_wconf 74' lang='lat' dir='ltr'>repugnantiae,</span> <span class='ocrx_word' id='word_1_6' title='bbox 347 499 384 566; x_wconf 91' lang='lat' dir='ltr'>in</span> <span class='ocrx_word' id='word_1_7' title='bbox 400 520 470 592; x_wconf 84' lang='lat' dir='ltr'>qna</span> <span class='ocrx_word' id='word_1_8' title='bbox 484 507 539 570; x_wconf 87' lang='lat' dir='ltr'>eet</span> <span class='ocrx_word' id='word_1_9' title='bbox 556 499 621 567; x_wconf 85' lang='lat' dir='ltr'>illa</span> <span class='ocrx_word' id='word_1_10' title='bbox 643 497 840 566; x_wconf 82' lang='lat' dir='ltr'>antecedens</span> <span class='ocrx_word' id='word_1_11' title='bbox 854 499 1049 588; x_wconf 77' lang='lat' dir='ltr'>reprobatio</span> <span class='ocrx_word' id='word_1_12' title='bbox 1065 502 1229 589; x_wconf 69' lang='lat' dir='ltr'>negativa</span> 
     </span>
     <span class='ocr_line' id='line_1_3' title="bbox 57 605 1223 689; baseline -0.003 -13"><span class='ocrx_word' id='word_1_13' title='bbox 57 631 136 676; x_wconf 89' lang='lat' dir='ltr'>cum</span> <span class='ocrx_word' id='word_1_14' title='bbox 162 605 323 676; x_wconf 89' lang='lat' dir='ltr'>doctrina</span> <span class='ocrx_word' id='word_1_15' title='bbox 353 607 548 678; x_wconf 87' lang='lat' dir='ltr'>certissima</span> <span class='ocrx_word' id='word_1_16' title='bbox 571 607 612 676; x_wconf 90' lang='lat' dir='ltr'>de</span> <span class='ocrx_word' id='word_1_17' title='bbox 629 607 861 677; x_wconf 82' lang='lat' dir='ltr'>antecedente</span> <span class='ocrx_word' id='word_1_18' title='bbox 882 605 1005 676; x_wconf 89' lang='lat' dir='ltr'>divina</span> <span class='ocrx_word' id='word_1_19' title='bbox 1028 605 1223 689; x_wconf 88' lang='lat' dir='ltr'>voluntate,</span> 
     </span>
     <span class='ocr_line' id='line_1_4' title="bbox 57 711 1226 802; baseline -0.005 -18"><span class='ocrx_word' id='word_1_20' title='bbox 57 721 97 784; x_wconf 88' lang='lat' dir='ltr'>nt</span> <span class='ocrx_word' id='word_1_21' title='bbox 115 737 235 783; x_wconf 92' lang='lat' dir='ltr'>omnes</span> <span class='ocrx_word' id='word_1_22' title='bbox 250 713 407 784; x_wconf 90' lang='lat' dir='ltr'>homines</span> <span class='ocrx_word' id='word_1_23' title='bbox 423 714 516 782; x_wconf 89' lang='lat' dir='ltr'>salvi</span> <span class='ocrx_word' id='word_1_24' title='bbox 532 715 631 784; x_wconf 85' lang='lat' dir='ltr'>liant.</span> <span class='ocrx_word' id='word_1_25' title='bbox 649 715 934 783; x_wconf 87' lang='lat' dir='ltr'>Demonstramus</span> <span class='ocrx_word' id='word_1_26' title='bbox 956 711 1226 802; x_wconf 79' lang='lat' dir='ltr'><strong>repugnantiam</strong></span> 
     </span>
     <span class='ocr_line' id='line_1_5' title="bbox 55 818 1227 912; baseline -0.003 -22"><span class='ocrx_word' id='word_1_27' title='bbox 55 846 96 890; x_wconf 88' lang='lat' dir='ltr'>cx</span> <span class='ocrx_word' id='word_1_28' title='bbox 120 822 203 912; x_wconf 88' lang='lat' dir='ltr'>ipsa</span> <span class='ocrx_word' id='word_1_29' title='bbox 222 821 338 890; x_wconf 88' lang='lat' dir='ltr'>indole</span> <span class='ocrx_word' id='word_1_30' title='bbox 353 820 452 889; x_wconf 89' lang='lat' dir='ltr'>illius</span> <span class='ocrx_word' id='word_1_31' title='bbox 467 821 654 912; x_wconf 76' lang='lat' dir='ltr'>negativae</span> <span class='ocrx_word' id='word_1_32' title='bbox 669 827 706 890; x_wconf 91' lang='lat' dir='ltr'>et</span> <span class='ocrx_word' id='word_1_33' title='bbox 720 820 957 890; x_wconf 89' lang='lat' dir='ltr'>antecedentis</span> <span class='ocrx_word' id='word_1_34' title='bbox 972 818 1227 910; x_wconf 77' lang='lat' dir='ltr'>reprobationis</span> 
     </span>
     <span class='ocr_line' id='line_1_6' title="bbox 56 923 1227 1020; baseline -0.007 -23"><span class='ocrx_word' id='word_1_35' title='bbox 56 935 210 1020; x_wconf 89' lang='lat' dir='ltr'>quatuor</span> <span class='ocrx_word' id='word_1_36' title='bbox 234 928 470 1017; x_wconf 75' lang='lat' dir='ltr'>argumentis,</span> <span class='ocrx_word' id='word_1_37' title='bbox 497 927 580 1020; x_wconf 89' lang='lat' dir='ltr'>quie</span> <span class='ocrx_word' id='word_1_38' title='bbox 603 927 637 995; x_wconf 78' lang='grc' dir='ltr'>1ο</span> <span class='ocrx_word' id='word_1_39' title='bbox 659 926 824 996; x_wconf 86' lang='lat' dir='ltr'>voluntas</span> <span class='ocrx_word' id='word_1_40' title='bbox 846 925 1052 995; x_wconf 78' lang='lat' dir='ltr'>antecedens</span> <span class='ocrx_word' id='word_1_41' title='bbox 1075 923 1227 1015; x_wconf 77' lang='lat' dir='ltr'>nepanrli</span> 
     </span>
     <span class='ocr_line' id='line_1_7' title="bbox 53 1029 1227 1124; baseline -0.003 -23"><span class='ocrx_word' id='word_1_42' title='bbox 53 1034 406 1124; x_wconf 69' lang='lat' dir='ltr'>praedestinationem</span> <span class='ocrx_word' id='word_1_43' title='bbox 434 1041 488 1104; x_wconf 88' lang='lat' dir='ltr'>est</span> <span class='ocrx_word' id='word_1_44' title='bbox 517 1034 682 1104; x_wconf 82' lang='lat' dir='ltr'>voluntas</span> <span class='ocrx_word' id='word_1_45' title='bbox 713 1033 918 1104; x_wconf 77' lang='lat' dir='ltr'>antecedens</span> <span class='ocrx_word' id='word_1_46' title='bbox 948 1055 1015 1098; x_wconf 88' lang='lat' dir='ltr'>non</span> <span class='ocrx_word' id='word_1_47' title='bbox 1043 1029 1227 1114; x_wconf 81' lang='lat' dir='ltr'>salvandi‚·</span> 
     </span>
     <span class='ocr_line' id='line_1_8' title="bbox 55 1138 1228 1234; baseline -0.005 -24"><span class='ocrx_word' id='word_1_48' title='bbox 55 1143 88 1210; x_wconf 75' lang='lat'>2⁰</span> <span class='ocrx_word' id='word_1_49' title='bbox 111 1143 200 1234; x_wconf 88' lang='lat' dir='ltr'>quie</span> <span class='ocrx_word' id='word_1_50' title='bbox 222 1164 264 1211; x_wconf 87' lang='lat' dir='ltr'>ex</span> <span class='ocrx_word' id='word_1_51' title='bbox 288 1141 363 1210; x_wconf 87' lang='lat' dir='ltr'>sola</span> <span class='ocrx_word' id='word_1_52' title='bbox 385 1141 450 1209; x_wconf 91' lang='lat' dir='ltr'>illa</span> <span class='ocrx_word' id='word_1_53' title='bbox 472 1141 655 1210; x_wconf 88' lang='lat' dir='ltr'>voluntate</span> <span class='ocrx_word' id='word_1_54' title='bbox 671 1141 737 1210; x_wconf 91' lang='lat' dir='ltr'>Dei</span> <span class='ocrx_word' id='word_1_55' title='bbox 753 1140 976 1209; x_wconf 72' lang='lat' dir='ltr'>antecedente</span> <span class='ocrx_word' id='word_1_56' title='bbox 997 1138 1228 1228; x_wconf 65' lang='lat' dir='ltr'>independens-</span> 
     </span>
     <span class='ocr_line' id='line_1_9' title="bbox 54 1245 1227 1338; baseline -0.008 -18"><span class='ocrx_word' id='word_1_57' title='bbox 54 1258 108 1320; x_wconf 87' lang='lat' dir='ltr'>ter</span> <span class='ocrx_word' id='word_1_58' title='bbox 131 1251 179 1316; x_wconf 87' lang='lat' dir='ltr'>ab</span> <span class='ocrx_word' id='word_1_59' title='bbox 202 1247 360 1317; x_wconf 87' lang='lat' dir='ltr'>omnibns</span> <span class='ocrx_word' id='word_1_60' title='bbox 384 1248 521 1317; x_wconf 87' lang='lat' dir='ltr'>actibus</span> <span class='ocrx_word' id='word_1_61' title='bbox 544 1253 726 1318; x_wconf 87' lang='lat' dir='ltr'>creaturae</span> <span class='ocrx_word' id='word_1_62' title='bbox 749 1245 987 1338; x_wconf 82' lang='lat' dir='ltr'>metaphysica</span> <span class='ocrx_word' id='word_1_63' title='bbox 1012 1251 1227 1336; x_wconf 84' lang='lat' dir='ltr'>repugnaret</span> 
     </span>
     <span class='ocr_line' id='line_1_10' title="bbox 55 1351 1225 1447; baseline -0.005 -21"><span class='ocrx_word' id='word_1_64' title='bbox 55 1355 235 1426; x_wconf 85' lang='lat' dir='ltr'>assecutio</span> <span class='ocrx_word' id='word_1_65' title='bbox 251 1355 390 1442; x_wconf 89' lang='lat' dir='ltr'>salntis;</span> <span class='ocrx_word' id='word_1_66' title='bbox 409 1355 443 1422; x_wconf 67' lang='grc' dir='ltr'>δ’</span> <span class='ocrx_word' id='word_1_67' title='bbox 465 1355 548 1447; x_wconf 89' lang='lat' dir='ltr'>quia</span> <span class='ocrx_word' id='word_1_68' title='bbox 562 1355 661 1446; x_wconf 87' lang='lat' dir='ltr'>ponit</span> <span class='ocrx_word' id='word_1_69' title='bbox 676 1355 713 1424; x_wconf 90' lang='lat' dir='ltr'>in</span> <span class='ocrx_word' id='word_1_70' title='bbox 726 1357 798 1424; x_wconf 89' lang='lat' dir='ltr'>Deo</span> <span class='ocrx_word' id='word_1_71' title='bbox 814 1353 997 1424; x_wconf 87' lang='lat' dir='ltr'>consilium</span> <span class='ocrx_word' id='word_1_72' title='bbox 1014 1351 1225 1443; x_wconf 90' lang='lat' dir='ltr'>perducendi</span> 
     </span>
     <span class='ocr_line' id='line_1_11' title="bbox 54 1459 1224 1550; baseline -0.003 -20"><span class='ocrx_word' id='word_1_73' title='bbox 54 1464 230 1532; x_wconf 89' lang='lat' dir='ltr'>hominem</span> <span class='ocrx_word' id='word_1_74' title='bbox 252 1462 298 1531; x_wconf 91' lang='lat' dir='ltr'>ad</span> <span class='ocrx_word' id='word_1_75' title='bbox 321 1459 503 1530; x_wconf 86' lang='lat' dir='ltr'>interitum</span> <span class='ocrx_word' id='word_1_76' title='bbox 533 1469 655 1531; x_wconf 89' lang='lat' dir='ltr'>contra</span> <span class='ocrx_word' id='word_1_77' title='bbox 683 1462 887 1531; x_wconf 86' lang='lat' dir='ltr'>manifestas</span> <span class='ocrx_word' id='word_1_78' title='bbox 909 1461 976 1530; x_wconf 89' lang='lat' dir='ltr'>Dei</span> <span class='ocrx_word' id='word_1_79' title='bbox 998 1459 1110 1550; x_wconf 89' lang='lat' dir='ltr'>ipsius</span> <span class='ocrx_word' id='word_1_80' title='bbox 1137 1465 1224 1527; x_wconf 90' lang='lat' dir='ltr'>atte-</span> 
     </span>
     <span class='ocr_line' id='line_1_12' title="bbox 55 1566 1223 1662; baseline -0.008 -22"><span class='ocrx_word' id='word_1_81' title='bbox 55 1571 240 1658; x_wconf 77' lang='lat' dir='ltr'>stationee3</span> <span class='ocrx_word' id='word_1_82' title='bbox 265 1570 300 1637; x_wconf 77' lang='lat'>4⁰</span> <span class='ocrx_word' id='word_1_83' title='bbox 323 1569 407 1662; x_wconf 89' lang='lat' dir='ltr'>quia</span> <span class='ocrx_word' id='word_1_84' title='bbox 429 1569 531 1638; x_wconf 86' lang='lat' dir='ltr'>iuxta</span> <span class='ocrx_word' id='word_1_85' title='bbox 554 1570 699 1656; x_wconf 81' lang='lat' dir='ltr'>Petrum</span> <span class='ocrx_word' id='word_1_86' title='bbox 714 1569 907 1638; x_wconf 84' lang='lat' dir='ltr'>doctrinam</span> <span class='ocrx_word' id='word_1_87' title='bbox 923 1568 1039 1637; x_wconf 91' lang='lat' dir='ltr'>eodem</span> <span class='ocrx_word' id='word_1_88' title='bbox 1056 1566 1153 1635; x_wconf 91' lang='lat' dir='ltr'>modo</span> <span class='ocrx_word' id='word_1_89' title='bbox 1168 1589 1223 1632; x_wconf 80' lang='lat' dir='ltr'>nc·</span> 
     </span>
     <span class='ocr_line' id='line_1_13' title="bbox 53 1674 1222 1769; baseline -0.003 -24"><span class='ocrx_word' id='word_1_90' title='bbox 53 1682 177 1768; x_wconf 76' lang='lat' dir='ltr'>putica</span> <span class='ocrx_word' id='word_1_91' title='bbox 194 1679 288 1748; x_wconf 89' lang='lat' dir='ltr'>sicut</span> <span class='ocrx_word' id='word_1_92' title='bbox 299 1679 453 1766; x_wconf 79' lang='lat' dir='ltr'>positiva</span> <span class='ocrx_word' id='word_1_93' title='bbox 468 1679 666 1769; x_wconf 84' lang='lat' dir='ltr'>reprobatio</span> <span class='ocrx_word' id='word_1_94' title='bbox 689 1700 756 1746; x_wconf 90' lang='lat' dir='ltr'>non</span> <span class='ocrx_word' id='word_1_95' title='bbox 779 1684 834 1746; x_wconf 89' lang='lat' dir='ltr'>est</span> <span class='ocrx_word' id='word_1_96' title='bbox 856 1675 1084 1744; x_wconf 76' lang='lat' dir='ltr'>antecedentis</span> <span class='ocrx_word' id='word_1_97' title='bbox 1101 1674 1222 1745; x_wconf 87' lang='lat' dir='ltr'>volun·</span> 
     </span>
     <span class='ocr_line' id='line_1_14' title="bbox 54 1785 1102 1877; baseline -0.004 -21"><span class='ocrx_word' id='word_1_98' title='bbox 54 1787 140 1856; x_wconf 84' lang='lat' dir='ltr'>tatis</span> <span class='ocrx_word' id='word_1_99' title='bbox 155 1787 225 1856; x_wconf 89' lang='lat' dir='ltr'>Dei</span> <span class='ocrx_word' id='word_1_100' title='bbox 241 1786 300 1864; x_wconf 81' lang='lat' dir='ltr'>sed</span> <span class='ocrx_word' id='word_1_101' title='bbox 316 1790 548 1877; x_wconf 81' lang='lat' dir='ltr'>consequentis</span> <span class='ocrx_word' id='word_1_102' title='bbox 558 1789 807 1875; x_wconf 65' lang='lat' dir='ltr'>praecinentem</span> <span class='ocrx_word' id='word_1_103' title='bbox 822 1785 940 1854; x_wconf 88' lang='lat' dir='ltr'>finalis</span> <span class='ocrx_word' id='word_1_104' title='bbox 956 1785 1102 1875; x_wconf 90' lang='lat' dir='ltr'>peccati.</span> 
     </span>
    </p>

    <p class='ocr_par' dir='ltr' id='par_1_3' title="bbox 54 1889 1226 2948">
     <span class='ocr_line' id='line_1_15' title="bbox 122 1889 1224 1982; baseline -0.005 -20"><span class='ocrx_word' id='word_1_105' title='bbox 122 1894 170 1963; x_wconf 83' lang='lat'>1⁰.</span> <span class='ocrx_word' id='word_1_106' title='bbox 182 1893 442 1982; x_wconf 87' lang='lat' dir='ltr'>Argumentum</span> <span class='ocrx_word' id='word_1_107' title='bbox 457 1893 607 1982; x_wconf 89' lang='lat' dir='ltr'>primum</span> <span class='ocrx_word' id='word_1_108' title='bbox 620 1899 675 1961; x_wconf 88' lang='lat' dir='ltr'>est</span> <span class='ocrx_word' id='word_1_109' title='bbox 686 1891 824 1962; x_wconf 87' lang='lat' dir='ltr'>omnino</span> <span class='ocrx_word' id='word_1_110' title='bbox 839 1891 1068 1962; x_wconf 91' lang='lat' dir='ltr'>luculentum.</span> <span class='ocrx_word' id='word_1_111' title='bbox 1083 1889 1224 1958; x_wconf 84' lang='lat' dir='ltr'>Etenim</span> 
     </span>
     <span class='ocr_line' id='line_1_16' title="bbox 54 1997 1224 2089; baseline -0.002 -23"><span class='ocrx_word' id='word_1_112' title='bbox 54 2004 88 2086; x_wconf 90' lang='lat' dir='ltr'>a)</span> <span class='ocrx_word' id='word_1_113' title='bbox 105 2001 192 2070; x_wconf 90' lang='lat' dir='ltr'>dnm</span> <span class='ocrx_word' id='word_1_114' title='bbox 209 2001 370 2070; x_wconf 89' lang='lat' dir='ltr'>absoluta</span> <span class='ocrx_word' id='word_1_115' title='bbox 392 1999 575 2069; x_wconf 88' lang='lat' dir='ltr'>voluntate</span> <span class='ocrx_word' id='word_1_116' title='bbox 597 2006 680 2068; x_wconf 89' lang='lat' dir='ltr'>ante</span> <span class='ocrx_word' id='word_1_117' title='bbox 703 2021 833 2068; x_wconf 91' lang='lat' dir='ltr'>omnem</span> <span class='ocrx_word' id='word_1_118' title='bbox 850 1997 1105 2089; x_wconf 85' lang='lat' dir='ltr'>praevisionem</span> <span class='ocrx_word' id='word_1_119' title='bbox 1121 2019 1224 2086; x_wconf 90' lang='lat' dir='ltr'>agen-</span> 
     </span>
     <span class='ocr_line' id='line_1_17' title="bbox 54 2106 1226 2198; baseline -0.003 -21"><span class='ocrx_word' id='word_1_120' title='bbox 54 2109 176 2178; x_wconf 88' lang='lat' dir='ltr'>dorum</span> <span class='ocrx_word' id='word_1_121' title='bbox 201 2130 222 2174; x_wconf 90' lang='lat' dir='ltr'>a</span> <span class='ocrx_word' id='word_1_122' title='bbox 245 2107 418 2178; x_wconf 85' lang='lat' dir='ltr'>creaturis</span> <span class='ocrx_word' id='word_1_123' title='bbox 433 2109 528 2176; x_wconf 89' lang='lat' dir='ltr'>Deus</span> <span class='ocrx_word' id='word_1_124' title='bbox 550 2107 789 2198; x_wconf 89' lang='lat' dir='ltr'>praedestinat</span> <span class='ocrx_word' id='word_1_125' title='bbox 810 2106 855 2174; x_wconf 90' lang='lat' dir='ltr'>ed</span> <span class='ocrx_word' id='word_1_126' title='bbox 879 2107 1027 2197; x_wconf 86' lang='lat' dir='ltr'>gloriam</span> <span class='ocrx_word' id='word_1_127' title='bbox 1051 2127 1167 2174; x_wconf 89' lang='lat' dir='ltr'>omnes</span> <span class='ocrx_word' id='word_1_128' title='bbox 1189 2111 1226 2173; x_wconf 91' lang='lat' dir='ltr'>et</span> 
     </span>
     <span class='ocr_line' id='line_1_18' title="bbox 55 2215 1223 2308; baseline -0.002 -24"><span class='ocrx_word' id='word_1_129' title='bbox 55 2217 215 2308; x_wconf 88' lang='lat' dir='ltr'>singulos</span> <span class='ocrx_word' id='word_1_130' title='bbox 239 2217 437 2302; x_wconf 88' lang='lat' dir='ltr'>salvandos,</span> <span class='ocrx_word' id='word_1_131' title='bbox 455 2222 491 2285; x_wconf 90' lang='lat' dir='ltr'>et</span> <span class='ocrx_word' id='word_1_132' title='bbox 506 2217 558 2286; x_wconf 91' lang='lat' dir='ltr'>ite</span> <span class='ocrx_word' id='word_1_133' title='bbox 574 2215 724 2306; x_wconf 87' lang='lat' dir='ltr'>complet</span> <span class='ocrx_word' id='word_1_134' title='bbox 746 2239 928 2285; x_wconf 90' lang='lat' dir='ltr'>numerum</span> <span class='ocrx_word' id='word_1_135' title='bbox 950 2215 1223 2306; x_wconf 89' lang='lat' dir='ltr'>praedestinato·</span> 
     </span>
     <span class='ocr_line' id='line_1_19' title="bbox 55 2321 1223 2414; baseline -0.002 -23"><span class='ocrx_word' id='word_1_136' title='bbox 55 2347 142 2410; x_wconf 89' lang='lat' dir='ltr'>rum,</span> <span class='ocrx_word' id='word_1_137' title='bbox 163 2323 271 2393; x_wconf 88' lang='lat' dir='ltr'>simul</span> <span class='ocrx_word' id='word_1_138' title='bbox 286 2346 369 2394; x_wconf 91' lang='lat' dir='ltr'>vero</span> <span class='ocrx_word' id='word_1_139' title='bbox 393 2324 431 2390; x_wconf 92' lang='lat' dir='ltr'>in</span> <span class='ocrx_word' id='word_1_140' title='bbox 453 2324 568 2393; x_wconf 89' lang='lat' dir='ltr'>eodem</span> <span class='ocrx_word' id='word_1_141' title='bbox 591 2323 692 2414; x_wconf 90' lang='lat' dir='ltr'>signo</span> <span class='ocrx_word' id='word_1_142' title='bbox 711 2345 754 2392; x_wconf 83' lang='lat' dir='ltr'>ex</span> <span class='ocrx_word' id='word_1_143' title='bbox 770 2345 806 2392; x_wconf 87' lang='lat' dir='ltr'>ee</span> <span class='ocrx_word' id='word_1_144' title='bbox 822 2324 898 2414; x_wconf 89' lang='lat' dir='ltr'>ipso</span> <span class='ocrx_word' id='word_1_145' title='bbox 921 2331 957 2392; x_wconf 91' lang='lat' dir='ltr'>et</span> <span class='ocrx_word' id='word_1_146' title='bbox 978 2321 1223 2392; x_wconf 87' lang='lat' dir='ltr'>antecedenter</span> 
     </span>
     <span class='ocr_line' id='line_1_20' title="bbox 55 2429 1223 2520; baseline -0.002 -20"><span class='ocrx_word' id='word_1_147' title='bbox 55 2431 94 2500; x_wconf 83' lang='lat' dir='ltr'>ed</span> <span class='ocrx_word' id='word_1_148' title='bbox 118 2453 253 2500; x_wconf 91' lang='lat' dir='ltr'>omnem</span> <span class='ocrx_word' id='word_1_149' title='bbox 276 2429 529 2520; x_wconf 79' lang='lat' dir='ltr'>praevisionem</span> <span class='ocrx_word' id='word_1_150' title='bbox 552 2451 692 2520; x_wconf 88' lang='lat' dir='ltr'>opernm</span> <span class='ocrx_word' id='word_1_151' title='bbox 712 2429 806 2498; x_wconf 91' lang='lat' dir='ltr'>circa</span> <span class='ocrx_word' id='word_1_152' title='bbox 821 2429 909 2499; x_wconf 82' lang='lat' dir='ltr'>alios</span> <span class='ocrx_word' id='word_1_153' title='bbox 925 2453 1041 2500; x_wconf 89' lang='lat' dir='ltr'>omnes</span> <span class='ocrx_word' id='word_1_154' title='bbox 1057 2430 1223 2503; x_wconf 88' lang='lat' dir='ltr'>creandos</span> 
     </span>
     <span class='ocr_line' id='line_1_21' title="bbox 56 2535 1221 2628; baseline -0.004 -23"><span class='ocrx_word' id='word_1_155' title='bbox 56 2538 210 2628; x_wconf 88' lang='lat' dir='ltr'>concipit</span> <span class='ocrx_word' id='word_1_156' title='bbox 227 2539 415 2628; x_wconf 78' lang='lat' dir='ltr'>positivam</span> <span class='ocrx_word' id='word_1_157' title='bbox 436 2537 644 2605; x_wconf 79' lang='lat' dir='ltr'>volantatem</span> <span class='ocrx_word' id='word_1_158' title='bbox 675 2538 865 2605; x_wconf 77' lang='lat' dir='ltr'>absolutam</span> <span class='ocrx_word' id='word_1_159' title='bbox 888 2562 941 2606; x_wconf 80' lang='lat' dir='ltr'>eos</span> <span class='ocrx_word' id='word_1_160' title='bbox 963 2563 1030 2604; x_wconf 91' lang='lat' dir='ltr'>non</span> <span class='ocrx_word' id='word_1_161' title='bbox 1055 2535 1221 2626; x_wconf 80' lang='lat' dir='ltr'>elipandi;</span> 
     </span>
     <span class='ocr_line' id='line_1_22' title="bbox 56 2642 1222 2734; baseline 0 -24"><span class='ocrx_word' id='word_1_162' title='bbox 56 2643 136 2714; x_wconf 89' lang='lat' dir='ltr'>haec</span> <span class='ocrx_word' id='word_1_163' title='bbox 152 2643 320 2715; x_wconf 87' lang='lat' dir='ltr'>voluntas</span> <span class='ocrx_word' id='word_1_164' title='bbox 335 2667 403 2710; x_wconf 86' lang='lat' dir='ltr'>non</span> <span class='ocrx_word' id='word_1_165' title='bbox 419 2642 571 2734; x_wconf 71' lang='lat' dir='ltr'>elipenai</span> <span class='ocrx_word' id='word_1_166' title='bbox 594 2644 736 2714; x_wconf 88' lang='lat' dir='ltr'>videtur</span> <span class='ocrx_word' id='word_1_167' title='bbox 758 2644 1040 2714; x_wconf 83' lang='lat' dir='ltr'>manifestissime</span> <span class='ocrx_word' id='word_1_168' title='bbox 1056 2642 1222 2713; x_wconf 86' lang='lat' dir='ltr'>voluntas</span> 
     </span>
     <span class='ocr_line' id='line_1_23' title="bbox 55 2749 1221 2842; baseline -0.003 -23"><span class='ocrx_word' id='word_1_169' title='bbox 55 2773 109 2820; x_wconf 89' lang='lat' dir='ltr'>eos</span> <span class='ocrx_word' id='word_1_170' title='bbox 132 2775 204 2818; x_wconf 85' lang='lat' dir='ltr'>non</span> <span class='ocrx_word' id='word_1_171' title='bbox 227 2749 400 2819; x_wconf 79' lang='lat' dir='ltr'>calcandi.</span> <span class='ocrx_word' id='word_1_172' title='bbox 427 2749 540 2842; x_wconf 87' lang='lat' dir='ltr'>Atqui</span> <span class='ocrx_word' id='word_1_173' title='bbox 563 2773 640 2820; x_wconf 89' lang='lat' dir='ltr'>oum</span> <span class='ocrx_word' id='word_1_174' title='bbox 663 2750 847 2820; x_wconf 87' lang='lat' dir='ltr'>voluntate</span> <span class='ocrx_word' id='word_1_175' title='bbox 878 2750 1100 2820; x_wconf 87' lang='lat' dir='ltr'>antecedente</span> <span class='ocrx_word' id='word_1_176' title='bbox 1126 2749 1221 2816; x_wconf 88' lang='lat' dir='ltr'>abso·</span> 
     </span>
     <span class='ocr_line' id='line_1_24' title="bbox 56 2856 1218 2948; baseline 0 -24"><span class='ocrx_word' id='word_1_177' title='bbox 56 2857 130 2927; x_wconf 87' lang='lat' dir='ltr'>luta</span> <span class='ocrx_word' id='word_1_178' title='bbox 152 2881 224 2928; x_wconf 93' lang='lat' dir='ltr'>non</span> <span class='ocrx_word' id='word_1_179' title='bbox 240 2857 402 2927; x_wconf 84' lang='lat' dir='ltr'>salvandi</span> <span class='ocrx_word' id='word_1_180' title='bbox 418 2865 594 2948; x_wconf 87' lang='lat' dir='ltr'>repugnat</span> <span class='ocrx_word' id='word_1_181' title='bbox 611 2857 774 2927; x_wconf 88' lang='lat' dir='ltr'>voluntas</span> <span class='ocrx_word' id='word_1_182' title='bbox 790 2857 1030 2928; x_wconf 89' lang='lat' dir='ltr'>conditionate</span> <span class='ocrx_word' id='word_1_183' title='bbox 1046 2856 1218 2942; x_wconf 85' lang='lat' dir='ltr'>salvandi;</span> 
     </span>
    </p>
   </div>
   <div class='ocr_carea' id='block_1_2' title="bbox 55 2963 1365 3156">
    <p class='ocr_par' dir='ltr' id='par_1_4' title="bbox 55 2963 1365 3156">
     <span class='ocr_line' id='line_1_25' title="bbox 55 2963 1333 3056; baseline -0.001 -23"><span class='ocrx_word' id='word_1_184' title='bbox 55 2988 133 3056; x_wconf 90' lang='lat' dir='ltr'>ergo</span> <span class='ocrx_word' id='word_1_185' title='bbox 156 2965 253 3037; x_wconf 89' lang='lat' dir='ltr'>circa</span> <span class='ocrx_word' id='word_1_186' title='bbox 276 2987 392 3034; x_wconf 88' lang='lat' dir='ltr'>ornnes</span> <span class='ocrx_word' id='word_1_187' title='bbox 414 2963 477 3034; x_wconf 90' lang='lat' dir='ltr'>hos</span> <span class='ocrx_word' id='word_1_188' title='bbox 507 2966 752 3035; x_wconf 86' lang='lat' dir='ltr'>antecedenter</span> <span class='ocrx_word' id='word_1_189' title='bbox 779 2987 848 3034; x_wconf 89' lang='lat' dir='ltr'>non</span> <span class='ocrx_word' id='word_1_190' title='bbox 877 2965 1006 3034; x_wconf 88' lang='lat' dir='ltr'>electos</span> <span class='ocrx_word' id='word_1_191' title='bbox 1036 2965 1221 3033; x_wconf 81' lang='lat' dir='ltr'>manifesto</span> <span class='ocrx_word' id='word_1_192' title='bbox 1331 3021 1333 3024; x_wconf 63' lang='grc'>,</span> 
     </span>
     <span class='ocr_line' id='line_1_26' title="bbox 57 3072 1365 3156; baseline 0 -15"><span class='ocrx_word' id='word_1_193' title='bbox 57 3075 151 3143; x_wconf 91' lang='lat' dir='ltr'>nulla</span> <span class='ocrx_word' id='word_1_194' title='bbox 175 3073 319 3144; x_wconf 89' lang='lat' dir='ltr'>videtur</span> <span class='ocrx_word' id='word_1_195' title='bbox 334 3095 409 3142; x_wconf 87' lang='lat' dir='ltr'>esec</span> <span class='ocrx_word' id='word_1_196' title='bbox 424 3073 629 3143; x_wconf 84' lang='lat' dir='ltr'>antecedens</span> <span class='ocrx_word' id='word_1_197' title='bbox 650 3073 888 3142; x_wconf 85' lang='lat' dir='ltr'>conditionata</span> <span class='ocrx_word' id='word_1_198' title='bbox 903 3072 969 3141; x_wconf 92' lang='lat' dir='ltr'>Dei</span> <span class='ocrx_word' id='word_1_199' title='bbox 986 3072 1161 3156; x_wconf 85' lang='lat' dir='ltr'>voluntas,</span> <span class='ocrx_word' id='word_1_200' title='bbox 1181 3079 1222 3142; x_wconf 90' lang='lat' dir='ltr'>ut</span> <span class='ocrx_word' id='word_1_201' title='bbox 1361 3085 1365 3092; x_wconf 86' lang='grc'><strong>“</strong></span> 
     </span>
    </p>
   </div>
   <div class='ocr_carea' id='block_1_3' title="bbox 56 3179 1299 4240">
    <p class='ocr_par' dir='ltr' id='par_1_5' title="bbox 56 3179 1299 4240">
     <span class='ocr_line' id='line_1_27' title="bbox 56 3179 1218 3271; baseline -0.002 -21"><span class='ocrx_word' id='word_1_202' title='bbox 56 3181 143 3251; x_wconf 85' lang='lat' dir='ltr'>salvi</span> <span class='ocrx_word' id='word_1_203' title='bbox 167 3181 268 3250; x_wconf 86' lang='lat' dir='ltr'>fiant.</span> <span class='ocrx_word' id='word_1_204' title='bbox 286 3181 482 3271; x_wconf 90' lang='lat' dir='ltr'>Propositio</span> <span class='ocrx_word' id='word_1_205' title='bbox 499 3181 611 3250; x_wconf 87' lang='lat' dir='ltr'>minor</span> <span class='ocrx_word' id='word_1_206' title='bbox 627 3188 681 3250; x_wconf 89' lang='lat' dir='ltr'>est</span> <span class='ocrx_word' id='word_1_207' title='bbox 695 3181 851 3266; x_wconf 85' lang='lat' dir='ltr'>evidens,</span> <span class='ocrx_word' id='word_1_208' title='bbox 869 3182 979 3249; x_wconf 89' lang='lat' dir='ltr'>maior</span> <span class='ocrx_word' id='word_1_209' title='bbox 994 3183 1037 3249; x_wconf 93' lang='lat' dir='ltr'>ab</span> <span class='ocrx_word' id='word_1_210' title='bbox 1052 3179 1218 3268; x_wconf 85' lang='lat' dir='ltr'>Alvarez,</span> 
     </span>
     <span class='ocr_line' id='line_1_28' title="bbox 58 3287 1221 3375; baseline 0.001 -19"><span class='ocrx_word' id='word_1_211' title='bbox 58 3289 188 3360; x_wconf 77' lang='lat' dir='ltr'>(loreto</span> <span class='ocrx_word' id='word_1_212' title='bbox 211 3295 278 3358; x_wconf 89' lang='lat' dir='ltr'>eto.</span> <span class='ocrx_word' id='word_1_213' title='bbox 303 3289 408 3358; x_wconf 88' lang='lat' dir='ltr'>etiam</span> <span class='ocrx_word' id='word_1_214' title='bbox 438 3287 652 3357; x_wconf 88' lang='lat' dir='ltr'>conceditur.</span> <span class='ocrx_word' id='word_1_215' title='bbox 677 3289 778 3358; x_wconf 89' lang='lat' dir='ltr'>Unde</span> <span class='ocrx_word' id='word_1_216' title='bbox 801 3287 858 3357; x_wconf 91' lang='lat' dir='ltr'>illi</span> <span class='ocrx_word' id='word_1_217' title='bbox 881 3289 1092 3375; x_wconf 88' lang='lat' dir='ltr'>concedunt,</span> <span class='ocrx_word' id='word_1_218' title='bbox 1118 3289 1221 3358; x_wconf 92' lang='lat' dir='ltr'>immo</span> 
     </span>
     <span class='ocr_line' id='line_1_29' title="bbox 59 3393 1299 3484; baseline 0 -22"><span class='ocrx_word' id='word_1_219' title='bbox 59 3396 159 3464; x_wconf 90' lang='lat' dir='ltr'>etiam</span> <span class='ocrx_word' id='word_1_220' title='bbox 184 3395 410 3480; x_wconf 86' lang='lat' dir='ltr'>contendunt,</span> <span class='ocrx_word' id='word_1_221' title='bbox 435 3393 568 3463; x_wconf 91' lang='lat' dir='ltr'>nullam</span> <span class='ocrx_word' id='word_1_222' title='bbox 592 3417 666 3464; x_wconf 89' lang='lat' dir='ltr'>esse</span> <span class='ocrx_word' id='word_1_223' title='bbox 688 3395 828 3484; x_wconf 90' lang='lat' dir='ltr'>proprie</span> <span class='ocrx_word' id='word_1_224' title='bbox 851 3395 979 3464; x_wconf 85' lang='lat' dir='ltr'>dictem</span> <span class='ocrx_word' id='word_1_225' title='bbox 1004 3395 1220 3465; x_wconf 88' lang='lat' dir='ltr'>voluntatem</span> <span class='ocrx_word' id='word_1_226' title='bbox 1260 3437 1262 3442; x_wconf 30' lang='grc' dir='ltr'><em>ι</em></span> <span class='ocrx_word' id='word_1_227' title='bbox 1298 3435 1299 3439; x_wconf 60' lang='lat'><em>=</em></span> 
     </span>
     <span class='ocr_line' id='line_1_30' title="bbox 59 3501 1219 3592; baseline 0.003 -24"><span class='ocrx_word' id='word_1_228' title='bbox 59 3502 311 3573; x_wconf 82' lang='lat' dir='ltr'>antecedentem</span> <span class='ocrx_word' id='word_1_229' title='bbox 334 3507 370 3570; x_wconf 90' lang='lat' dir='ltr'>et</span> <span class='ocrx_word' id='word_1_230' title='bbox 393 3501 666 3571; x_wconf 88' lang='lat' dir='ltr'>conditionatam</span> <span class='ocrx_word' id='word_1_231' title='bbox 682 3501 809 3571; x_wconf 87' lang='lat' dir='ltr'>salutis</span> <span class='ocrx_word' id='word_1_232' title='bbox 825 3503 919 3572; x_wconf 88' lang='lat' dir='ltr'>circa</span> <span class='ocrx_word' id='word_1_233' title='bbox 938 3503 1081 3592; x_wconf 88' lang='lat' dir='ltr'>angelos</span> <span class='ocrx_word' id='word_1_234' title='bbox 1103 3511 1139 3573; x_wconf 89' lang='lat' dir='ltr'>et</span> <span class='ocrx_word' id='word_1_235' title='bbox 1161 3502 1219 3572; x_wconf 92' lang='lat' dir='ltr'>ho·</span> 
     </span>
     <span class='ocr_line' id='line_1_31' title="bbox 61 3609 1218 3701; baseline 0.003 -25"><span class='ocrx_word' id='word_1_236' title='bbox 61 3610 163 3680; x_wconf 83' lang='lat' dir='ltr'>mines</span> <span class='ocrx_word' id='word_1_237' title='bbox 187 3610 369 3700; x_wconf 84' lang='lat' dir='ltr'>reprobos,</span> <span class='ocrx_word' id='word_1_238' title='bbox 395 3609 531 3700; x_wconf 87' lang='lat' dir='ltr'>qualem</span> <span class='ocrx_word' id='word_1_239' title='bbox 553 3631 616 3677; x_wconf 92' lang='lat' dir='ltr'>nos</span> <span class='ocrx_word' id='word_1_240' title='bbox 639 3609 676 3678; x_wconf 91' lang='lat' dir='ltr'>in</span> <span class='ocrx_word' id='word_1_241' title='bbox 700 3610 938 3699; x_wconf 88' lang='lat' dir='ltr'>superioribus</span> <span class='ocrx_word' id='word_1_242' title='bbox 961 3609 1120 3680; x_wconf 86' lang='lat' dir='ltr'>thesibus</span> <span class='ocrx_word' id='word_1_243' title='bbox 1143 3634 1218 3701; x_wconf 92' lang='lat' dir='ltr'>pro·</span> 
     </span>
     <span class='ocr_line' id='line_1_32' title="bbox 59 3715 1219 3808; baseline 0.003 -26"><span class='ocrx_word' id='word_1_244' title='bbox 59 3715 224 3786; x_wconf 88' lang='lat' dir='ltr'>bavimns.</span> <span class='ocrx_word' id='word_1_245' title='bbox 252 3715 372 3799; x_wconf 80' lang='lat' dir='ltr'>Vellet,</span> <span class='ocrx_word' id='word_1_246' title='bbox 404 3716 590 3808; x_wconf 84' lang='lat' dir='ltr'>inquiunt,</span> <span class='ocrx_word' id='word_1_247' title='bbox 615 3717 710 3786; x_wconf 89' lang='lat' dir='ltr'>Deus</span> <span class='ocrx_word' id='word_1_248' title='bbox 737 3717 861 3786; x_wconf 93' lang='lat' dir='ltr'>hornm</span> <span class='ocrx_word' id='word_1_249' title='bbox 889 3719 1040 3788; x_wconf 91' lang='lat' dir='ltr'>omnium</span> <span class='ocrx_word' id='word_1_250' title='bbox 1070 3718 1219 3788; x_wconf 88' lang='lat' dir='ltr'>salntem</span> 
     </span>
     <span class='ocr_line' id='line_1_33' title="bbox 61 3823 1218 3917; baseline 0 -27"><span class='ocrx_word' id='word_1_251' title='bbox 61 3828 96 3890; x_wconf 90' lang='lat' dir='ltr'>ut</span> <span class='ocrx_word' id='word_1_252' title='bbox 116 3823 258 3917; x_wconf 88' lang='lat' dir='ltr'>aliquod</span> <span class='ocrx_word' id='word_1_253' title='bbox 273 3825 412 3909; x_wconf 88' lang='lat' dir='ltr'>honum,</span> <span class='ocrx_word' id='word_1_254' title='bbox 436 3824 508 3893; x_wconf 87' lang='lat' dir='ltr'>nisi</span> <span class='ocrx_word' id='word_1_255' title='bbox 530 3847 592 3915; x_wconf 88' lang='lat' dir='ltr'>per</span> <span class='ocrx_word' id='word_1_256' title='bbox 615 3825 788 3895; x_wconf 85' lang='lat' dir='ltr'>actualem</span> <span class='ocrx_word' id='word_1_257' title='bbox 812 3825 1044 3896; x_wconf 83' lang='lat' dir='ltr'>salvationem</span> <span class='ocrx_word' id='word_1_258' title='bbox 1067 3825 1218 3894; x_wconf 91' lang='lat' dir='ltr'>omnium</span> 
     </span>
     <span class='ocr_line' id='line_1_34' title="bbox 60 3929 1217 4022; baseline 0.003 -25"><span class='ocrx_word' id='word_1_259' title='bbox 60 3929 280 4020; x_wconf 88' lang='lat' dir='ltr'>impediretur</span> <span class='ocrx_word' id='word_1_260' title='bbox 296 3932 405 4000; x_wconf 90' lang='lat' dir='ltr'>maior</span> <span class='ocrx_word' id='word_1_261' title='bbox 421 3930 648 4022; x_wconf 83' lang='lat' dir='ltr'>pulchritudo</span> <span class='ocrx_word' id='word_1_262' title='bbox 672 3932 829 4002; x_wconf 88' lang='lat' dir='ltr'>universi</span> <span class='ocrx_word' id='word_1_263' title='bbox 853 3941 889 4002; x_wconf 89' lang='lat' dir='ltr'>et</span> <span class='ocrx_word' id='word_1_264' title='bbox 911 3932 1149 4004; x_wconf 82' lang='lat' dir='ltr'>manifestatio</span> <span class='ocrx_word' id='word_1_265' title='bbox 1165 3931 1217 4000; x_wconf 88' lang='lat' dir='ltr'>iu·</span> 
     </span>
     <span class='ocr_line' id='line_1_35' title="bbox 61 4022 1215 4130; baseline 0.003 -26"><span class='ocrx_word' id='word_1_266' title='bbox 61 4038 172 4110; x_wconf 91' lang='lat' dir='ltr'>stitiae</span> <span class='ocrx_word' id='word_1_267' title='bbox 195 4041 338 4110; x_wconf 90' lang='lat' dir='ltr'>divinae</span> <span class='ocrx_word' id='word_1_268' title='bbox 353 4040 391 4107; x_wconf 94' lang='lat' dir='ltr'>in</span> <span class='ocrx_word' id='word_1_269' title='bbox 406 4039 563 4130; x_wconf 89' lang='lat' dir='ltr'>reprobis</span> <span class='ocrx_word' id='word_1_270' title='bbox 579 4061 621 4110; x_wconf 90' lang='lat' dir='ltr'>ac</span> <span class='ocrx_word' id='word_1_271' title='bbox 640 4041 802 4130; x_wconf 90' lang='lat' dir='ltr'>splendor</span> <span class='ocrx_word' id='word_1_272' title='bbox 824 4022 1082 4109; x_wconf 75' lang='lat' dir='ltr'>misericordiae</span> <span class='ocrx_word' id='word_1_273' title='bbox 1098 4039 1134 4108; x_wconf 93' lang='lat' dir='ltr'>in</span> <span class='ocrx_word' id='word_1_274' title='bbox 1149 4039 1215 4108; x_wconf 89' lang='lat' dir='ltr'>ele-</span> 
     </span>
     <span class='ocr_line' id='line_1_36' title="bbox 63 4144 1217 4240; baseline 0.007 -30"><span class='ocrx_word' id='word_1_275' title='bbox 63 4144 132 4234; x_wconf 81' lang='lat' dir='ltr'>ctis3</span> <span class='ocrx_word' id='word_1_276' title='bbox 156 4147 315 4240; x_wconf 87' lang='lat' dir='ltr'>hancque</span> <span class='ocrx_word' id='word_1_277' title='bbox 337 4147 544 4215; x_wconf 70' lang='lat' dir='ltr'>collatrarent</span> <span class='ocrx_word' id='word_1_278' title='bbox 567 4149 617 4236; x_wconf 88' lang='lat'>(1)</span> <span class='ocrx_word' id='word_1_279' title='bbox 640 4148 709 4238; x_wconf 89' lang='lat' dir='ltr'>ipsi</span> <span class='ocrx_word' id='word_1_280' title='bbox 732 4147 856 4218; x_wconf 90' lang='lat' dir='ltr'>dicunt</span> <span class='ocrx_word' id='word_1_281' title='bbox 880 4147 1098 4218; x_wconf 86' lang='lat' dir='ltr'>voluntatem</span> <span class='ocrx_word' id='word_1_282' title='bbox 1121 4153 1217 4218; x_wconf 87' lang='lat' dir='ltr'>ante-</span> 
     </span>
    </p>
   </div>
   <div class='ocr_carea' id='block_1_4' title="bbox 65 4398 1215 4562">
    <p class='ocr_par' dir='ltr' id='par_1_6' title="bbox 65 4398 1215 4562">
     <span class='ocr_line' id='line_1_37' title="bbox 118 4398 1215 4476; baseline 0.001 -22"><span class='ocrx_word' id='word_1_283' title='bbox 118 4398 158 4476; x_wconf 83' lang='lat'>(1)</span> <span class='ocrx_word' id='word_1_284' title='bbox 169 4405 198 4460; x_wconf 78' lang='lat' dir='ltr'>S.</span> <span class='ocrx_word' id='word_1_285' title='bbox 212 4403 333 4458; x_wconf 66' lang='lat' dir='ltr'>Thomas</span> <span class='ocrx_word' id='word_1_286' title='bbox 348 4405 373 4457; x_wconf 91' lang='lat' dir='ltr'>l.</span> <span class='ocrx_word' id='word_1_287' title='bbox 385 4417 414 4471; x_wconf 88' lang='lat' dir='ltr'>q.</span> <span class='ocrx_word' id='word_1_288' title='bbox 427 4403 470 4458; x_wconf 79' lang='lat'>19.</span> <span class='ocrx_word' id='word_1_289' title='bbox 482 4419 509 4456; x_wconf 80' lang='lat' dir='ltr'>a.</span> <span class='ocrx_word' id='word_1_290' title='bbox 520 4403 547 4456; x_wconf 83' lang='lat' dir='ltr'>t.</span> <span class='ocrx_word' id='word_1_291' title='bbox 559 4402 595 4456; x_wconf 77' lang='lat' dir='ltr'>ad</span> <span class='ocrx_word' id='word_1_292' title='bbox 612 4405 637 4457; x_wconf 94' lang='lat'>1.</span> <span class='ocrx_word' id='word_1_293' title='bbox 651 4405 831 4458; x_wconf 85' lang='lat' dir='ltr'>voluntatem</span> <span class='ocrx_word' id='word_1_294' title='bbox 845 4401 1057 4458; x_wconf 84' lang='lat' dir='ltr'>antecedentem</span> <span class='ocrx_word' id='word_1_295' title='bbox 1077 4402 1150 4456; x_wconf 81' lang='lat' dir='ltr'>dicit</span> <span class='ocrx_word' id='word_1_296' title='bbox 1169 4417 1215 4456; x_wconf 87' lang='lat' dir='ltr'>vo-</span> 
     </span>
     <span class='ocr_line' id='line_1_38' title="bbox 65 4485 1215 4562; baseline 0.006 -23"><span class='ocrx_word' id='word_1_297' title='bbox 65 4485 193 4548; x_wconf 84' lang='lat' dir='ltr'>luntatem</span> <span class='ocrx_word' id='word_1_298' title='bbox 210 4493 360 4547; x_wconf 72' lang='lat' dir='ltr'>mandam</span> <span class='ocrx_word' id='word_1_299' title='bbox 378 4495 448 4560; x_wconf 76' lang='lat' dir='ltr'>qaid</span> <span class='ocrx_word' id='word_1_300' title='bbox 467 4497 497 4547; x_wconf 89' lang='lat' dir='ltr'>et</span> <span class='ocrx_word' id='word_1_301' title='bbox 518 4495 701 4558; x_wconf 66' lang='lat' dir='ltr'>cotteanum,</span> <span class='ocrx_word' id='word_1_302' title='bbox 723 4507 780 4547; x_wconf 90' lang='lat' dir='ltr'>non</span> <span class='ocrx_word' id='word_1_303' title='bbox 800 4493 884 4560; x_wconf 79' lang='lat' dir='ltr'>quael</span> <span class='ocrx_word' id='word_1_304' title='bbox 902 4509 953 4561; x_wconf 87' lang='lat' dir='ltr'>per</span> <span class='ocrx_word' id='word_1_305' title='bbox 971 4509 1001 4547; x_wconf 85' lang='lat' dir='ltr'>se</span> <span class='ocrx_word' id='word_1_306' title='bbox 1020 4496 1149 4562; x_wconf 81' lang='lat' dir='ltr'>spectata</span> <span class='ocrx_word' id='word_1_307' title='bbox 1167 4509 1215 4546; x_wconf 85' lang='lat' dir='ltr'>au-</span> 
     </span>
    </p>
   </div>
   <div class='ocr_carea' id='block_1_5' title="bbox 0 0 1644 5070">
    <p class='ocr_par' dir='ltr' id='par_1_7' title="bbox 0 0 1644 5070">
     <span class='ocr_line' id='line_1_39' title="bbox 0 0 1644 5070; baseline 0 0"><span class='ocrx_word' id='word_1_308' title='bbox 0 0 1644 5070; x_wconf 95' lang='lat' dir='ltr'> </span> 
     </span>
    </p>
   </div>
  </div>
 </body>
</html>
