3224 5068
529 373 566 388 ..
588 339 649 402 335
670 371 707 386 ..

50 445 118 516 tudo
139 446 175 516 in
198 447 317 516 auimo.
338 445 518 530 rationali,
537 453 573 516 et
590 445 706 516 adhuc
728 444 898 514 excelsior
921 443 958 512 in
981 443 1081 533 puris
1106 442 1208 533 spiri·

50 554 149 637 tibus,
177 555 241 621 uhi
263 554 414 624 maxima
437 554 558 624 unitas
587 561 624 623 et
654 551 865 642 simplicitas
896 551 1115 621 substantiae
1149 574 1208 620 no·

49 659 234 746 bilissimas,
259 669 298 732 et
320 663 539 732 admirabilis
564 663 720 734 varietas
741 660 976 746 facultatum,
1007 659 1137 730 virium
1167 681 1208 727 ec

47 767 204 836 virtutum
228 768 291 856 (l).
319 769 577 840 sublimissima
600 769 736 838 demum
760 771 814 835 est
830 767 966 836 animae
994 771 1030 838 et
1057 765 1207 856 spiritus

47 875 255 964 pulchritudo
277 879 315 947 iu
338 877 535 948 elevatione
551 877 813 968 supernaturali
830 899 891 966 per
909 878 1061 966 gratiam
1077 875 1207 945 sancti·

46 983 208 1070 ficantem,
235 1009 299 1074 per
319 985 464 1055 habitus
487 991 524 1055 et
542 987 696 1056 virtutes
714 984 890 1053 divinitus
921 984 955 1052 ei
986 985 1144 1068 infusas,
1169 989 1206 1052 et

45 1112 92 1177 per
112 1092 324 1181 consortium
346 1093 489 1163 divinae
512 1101 677 1178 naturae,
704 1113 791 1185 quae
815 1090 1042 1182 pulchritudo
1065 1091 1104 1158 in
1128 1111 1206 1158 con·

45 1202 257 1269 summaticne
279 1225 343 1293 per
366 1204 517 1292 gloriam
540 1203 737 1272 beatificam
761 1201 966 1290 completur.

96 1307 166 1376 Iam
184 1331 271 1378 vero
288 1311 401 1378 totius
416 1311 706 1400 pulchritudinis,
722 1310 868 1395 ordinis,
884 1307 1204 1393 harmoniae,mul·
1242 1365 1244 1374 .
1333 1305 1335 1314 ’

45 1414 236 1504 liplioitatis
253 1423 289 1486 et
309 1419 460 1488 unitatis
487 1419 563 1488 sive
590 1419 628 1486 in
650 1418 823 1508 corporeis
848 1417 982 1486 sivein
1007 1414 1204 1506 spirituali·

46 1521 111 1606 bus,
137 1521 171 1591 in
195 1525 423 1595 naturalibus
447 1531 483 1596 et
505 1527 835 1616 supernaturalibus
866 1545 974 1594 causa
996 1523 1206 1613 exemplaris

46 1637 72 1696 et
96 1631 247 1702 efficiens
271 1633 409 1703 infinite
442 1634 596 1703 eminens
619 1639 673 1704 eet
697 1655 831 1702 summa
860 1632 925 1700 illa
952 1632 1092 1714 unitas,
1117 1651 1206 1722 quae

45 1735 120 1806 Deus
140 1747 221 1827 est;
247 1741 301 1810 ita
323 1747 364 1810 ut
389 1741 499 1811 omnis
522 1741 609 1810 haee
636 1740 862 1830 pulchritudo
887 1741 923 1807 in
948 1739 1078 1808 creatis
1101 1737 1206 1807 simul

45 1847 295 1934 conprehensa,
321 1849 501 1940 omnisque
532 1848 695 1938 splendor
719 1847 884 1917 veritatis
911 1869 952 1915 ec
977 1847 1144 1918 bonitatis
1168 1845 1205 1914 in

45 1953 181 2021 omnihus
207 1955 459 2044 spiritualibus
482 1957 656 2026 creaturis
678 1955 861 2045 refulgens
884 1977 952 2022 uon
976 1953 1118 2022 sitnisi
1141 1952 1205 2020 ali·

45 2082 99 2148 qua
117 2061 293 2151 languida
314 2062 430 2153 imago
454 2070 490 2132 et
513 2065 659 2132 obscura
685 2061 905 2156 adumbratio
929 2058 1217 2151 pulchritudiuis.

44 2165 112 2252 Dei,
135 2170 197 2260 qui
225 2175 281 2236 est
311 2170 461 2260 «ipsum
486 2171 675 2240 secuudum
703 2193 740 2238 se
762 2176 869 2262 atque
893 2192 1008 2238 seeum
1032 2168 1205 2236 unitbrme

45 2297 157 2364 semper
173 2277 333 2347 existens
349 2278 548 2369 pulchrum,
569 2286 676 2371 atque
692 2280 871 2346 fontanam
888 2276 1047 2346 universi
1064 2275 1204 2365 pulchri

46 2382 327 2469 pulchritudinem
340 2386 377 2453 in
390 2409 425 2454 se
438 2387 515 2476 ipso
530 2386 722 2456 eminenter
737 2385 936 2476 anticipans
955 2410 971 2446 a
986 2384 1038 2470 (2)
1053 2383 1202 2472 Dionys.

46 2489 201 2562 dianam.
220 2516 250 2561 c.
264 2493 299 2561 4.
317 2501 349 2576 ἓ,
364 2495 396 2562 7.
422 2495 511 2563 Eius
528 2496 617 2563 enim
634 2497 787 2565 essentia
802 2515 873 2562 uua
888 2499 924 2562 et
940 2491 1204 2580 simplicissima

46 2595 212 2669 inhaceua
227 2599 455 2691 simplicitate
468 2602 642 2692 imprimis
654 2601 915 2692 comprehendit
926 2623 1041 2669 omnes
1051 2599 1204 2666 omnium

46 2707 281 2790 perfectionum
296 2709 462 2794 rationes,
478 2731 566 2801 quas
583 2733 645 2780 nos
662 2711 883 2800 distinguere
900 2730 1096 2799 possumus,
1115 2727 1202 2775 com·

94 2924 132 2998 (ll
149 2926 358 2993 sensibilibus,
379 2929 592 2996 vegetantibus,
605 2929 758 2982 consitivis
771 2948 783 2976 s
796 2931 880 2996 longe
891 2927 1038 2996 pulchrior
1051 2931 1096 2980 est
1108 2925 1204 2980 anima

45 3017 187 3084 rationalis,
203 3018 235 3069 iu
256 3033 313 3084 qua
332 3034 387 3072 nou
409 3021 499 3073 solum
519 3021 593 3072 ratio
616 3021 779 3073 structurae
799 3019 926 3086 corporis
947 3021 977 3070 et
998 3017 1121 3070 omnium
1141 3031 1204 3070 ssu·

45 3119 117 3170 rrum,
141 3105 191 3159 ssd
220 3107 307 3158 stiam
332 3107 455 3160 facultas
483 3108 680 3175 intelligendi,
708 3107 875 3162 recordandi
896 3113 925 3162 et
946 3109 1037 3162 libere
1058 3107 1204 3175 quidlibet

46 3195 219 3261 implectandi
240 3198 287 3248 vel
308 3197 479 3264 repudiandl
498 3200 673 3251 continetur.
695 3199 749 3251 Per
765 3199 946 3252 Intellectum
966 3197 1093 3264 conclpit
1112 3200 1202 3250 totum

46 3284 168 3350 nundum,
187 3291 219 3339 et
229 3287 353 3338 omnium
373 3301 465 3339 rerum
485 3288 514 3339 in
538 3303 567 3339 se
587 3289 669 3340 velut
687 3288 815 3354 picturas
835 3287 1002 3340 invisibiles
1025 3287 1132 3354 pingit.
1147 3287 1201 3340 Per

46 3375 186 3427 memoriam
207 3391 304 3428 omues
324 3375 393 3429 illas
407 3375 528 3429 firmiter
548 3377 667 3442 retinet,
690 3380 719 3429 et
732 3393 793 3429 cum
811 3392 881 3444 opus
894 3377 1028 3430 fueritin
1043 3390 1124 3430 usum
1139 3391 1200 3444 pro·

45 3459 103 3526 iem
129 3479 214 3530 quam
235 3464 314 3516 vasti
333 3467 403 3516 sunt
421 3465 468 3517 illi
492 3465 575 3517 sinus
596 3469 639 3518 tot
660 3465 913 3519 innumerabilium
932 3466 1087 3520 formarum
1108 3471 1138 3520 et
1158 3469 1203 3518 tot

46 3553 231 3620 mutuamque
250 3567 344 3606 rerum
367 3569 493 3620 capaces.
520 3555 575 3606 Per
598 3557 776 3610 voluntatem
805 3557 935 3610 omnibus
956 3556 1000 3610 uti
1020 3559 1066 3609 vel
1089 3555 1148 3608 frui
1174 3561 1203 3608 et

46 3635 72 3688 de
87 3643 212 3695 omuibus
228 3640 264 3694 ad
284 3657 366 3694 suum
386 3643 558 3696 commodum
580 3643 741 3711 disponere,
764 3645 847 3696 immo
869 3645 925 3697 sibi
948 3645 1006 3712 ipsi
1027 3661 1140 3712 scopum
1160 3647 1202 3698 vl·

46 3729 82 3777 trs
98 3733 221 3784 statuere
243 3735 350 3799 potest.
375 3733 471 3801 Neque
493 3735 596 3800 refert,
618 3735 680 3786 sive
703 3736 772 3788 haee
794 3735 890 3788 omnia
911 3735 1005 3802 possit
1026 3735 1122 3788 anima
1152 3749 1202 3801 per

47 3815 184 3883 simplicem
205 3820 399 3873 substantiam
413 3821 474 3874 sive
488 3837 538 3889 per
561 3823 715 3876 facultates
726 3823 891 3891 distinctas,
904 3825 973 3892 quia
989 3823 1112 3876 omnium
1126 3824 1202 3876 ratio

48 3905 71 3956 in
87 3909 143 3973 ipsa
161 3908 288 3974 simplici
307 3911 436 3964 essentia
454 3912 633 3969 continetur.
652 3913 773 3966 Necesse
793 3917 838 3966 eat
858 3913 951 3978 igitur
970 3913 1092 3965 anlmam
1113 3912 1199 3966 ratio·

48 3998 124 4050 nalem
142 4015 202 4054 esse
221 4002 415 4055 substantiam
436 4004 524 4056 mirae
546 4003 776 4070 pulchritudiuis
797 4009 826 4058 et
848 4003 1043 4072 perfeetionis,
1069 4003 1138 4057 adeo
1158 4009 1199 4070 ut,

49 4085 68 4134 si
83 4087 150 4140 clare
175 4095 393 4157 coguosoemtnr
413 4097 498 4160 prout
521 4097 565 4146 est
585 4094 614 4145 ln
635 4109 664 4144 se
687 4093 763 4160 ipsa,
787 4093 930 4146 divinitas
951 4092 1088 4159 quaedam
1108 4093 1201 4146 rideri

50 4181 137 4244 posset,
151 4183 180 4231 et
192 4180 255 4232 elus
267 4182 470 4248 contemplatio
493 4181 659 4235 incredibili
680 4184 830 4250 voluptate
851 4185 973 4236 mentem
988 4183 1198 4250 perfunderet·

51 4261 192 4321 hersinde
212 4268 402 4323 Providentia
418 4272 439 4323 l.
452 4271 475 4326 1.
490 4271 577 4338 u.42;
596 4271 630 4324 de
651 4287 756 4326 summo
776 4273 853 4326 Bono
873 4273 942 4327 1.11.
957 4289 980 4326 c.
995 4273 1038 4326 16.
1052 4289 1081 4326 u.
1096 4273 1157 4327 1³5.

105 4351 141 4425 (2)
156 4355 199 4418 Ὠς
213 4358 279 4411 αὐτο
294 4355 354 4412 καθ’
369 4360 446 4412 lacre
461 4357 524 4430 μέθ’
537 4360 633 4414 ἑαυτου
646 4365 778 4431 porcestre
795 4359 836 4415 du
854 4359 880 4418 ὄν
895 4369 985 4428 achor,
997 4383 1096 4426 παντος
1116 4369 1198 4417 καλου

54 4458 89 4496 την
105 4465 213 4515 arr-pam
234 4453 366 4506 ιαλλονην
387 4449 547 4521 inspexisse
566 4446 592 4504 ir
615 4451 699 4522 ιάυτῳ
713 4471 834 4524 προιχον.
