3394 5056
906 341 945 358 ...
965 309 1006 371 aa
1027 343 1065 360 ...

393 421 524 512 ipsam,
551 419 593 488 de
616 440 687 511 qna
709 415 927 508 potissimum
950 415 1092 505 agitur,
1118 414 1324 484 facultatem
1356 413 1492 485 scilieet
1515 439 1575 485 ra·

395 528 502 598 tionis
532 526 703 594 humanae
733 524 778 594 ad
809 523 1078 612 cognoscendam
1112 522 1224 612 legem
1248 523 1464 610 naturalem,
1493 523 1577 592 nul·

394 635 469 704 lum
491 633 696 726 relinquunt
719 630 855 699 omnino
878 629 1034 698 dubium.
1053 629 1096 697 In
1120 629 1363 700 commentario
1376 631 1451 721 ipso
1463 632 1579 698 verba

395 739 520 812 Pauli:
545 740 757 806 naturaliter
774 739 922 827 sariunt
944 761 1033 828 qaae
1054 737 1142 828 lepis
1166 753 1258 818 eunt,
1278 739 1314 807 S.
1335 737 1485 806 Thomas
1515 739 1577 809 tle·

395 845 530 916 clarat:
551 874 567 909 a
585 844 721 914 scilieet
745 851 912 934 quantum
936 841 979 910 ad
1003 849 1188 932 praecepta
1210 841 1368 926 moralia,
1388 867 1475 934 quae
1490 861 1577 912 aaut

397 949 437 1020 ele
460 953 646 1019 dictamine
671 951 821 1016 rationis
843 949 1046 1030 naturalis,
1071 951 1109 1014 in
1134 973 1203 1040 qua
1231 962 1280 1015 eet
1310 951 1425 1039 imago
1453 951 1532 1019 Dei.
1554 979 1574 1016 e

395 1059 555 1130 Ceterum
578 1059 761 1132 notissima
783 1063 838 1126 est
859 1055 1024 1145 Augelioi
1059 1055 1241 1142 doctrina,
1268 1077 1337 1149 qua
1372 1081 1439 1125 non
1473 1059 1577 1128 modo

395 1168 487 1238 eitra
509 1167 759 1237 revelationem
782 1165 894 1255 ipsius
921 1163 1012 1253 legis
1042 1163 1236 1250 naturalis,
1270 1165 1311 1233 de
1342 1187 1412 1258 qua
1441 1187 1479 1234 re
1509 1189 1577 1236 nos

394 1275 544 1366 agimus,
571 1274 630 1343 sed
653 1274 758 1342 etiam
782 1275 819 1342 in
843 1280 941 1342 statu
964 1274 1121 1341 abnormi
1142 1279 1245 1341 extra
1268 1272 1577 1344 humanamsooie·

394 1389 503 1453 tatem
527 1383 693 1474 supponit
715 1381 921 1451 facultatem
944 1379 1094 1450 rationis
1118 1379 1344 1470 perveniendi
1360 1381 1576 1474 adaliquam

395 1493 485 1582 legis
509 1491 651 1559 moralis
673 1489 920 1580 cognitionem.
941 1517 958 1553 a
977 1487 1015 1556 Si
1039 1488 1182 1579 aliquis,
1201 1488 1328 1578 inquit,
1346 1490 1383 1554 in
1399 1489 1506 1578 epiris
1521 1491 1577 1558 vel

396 1601 489 1666 inter·
512 1599 613 1665 bruta
636 1597 809 1664 animalia
831 1598 984 1662 nutritus
1012 1591 1147 1661 ductum
1162 1595 1338 1662 naturalis
1357 1597 1507 1663 rationis
1524 1620 1575 1664 ee·

396 1721 557 1801 queretur
580 1709 617 1772 iu
641 1706 799 1794 appetita
824 1703 903 1770 toni
922 1717 954 1770 et
974 1702 1073 1792 supa
1091 1701 1191 1784 moli,
1217 1703 1411 1772 certissime
1443 1710 1498 1774 est
1521 1711 1574 1774 te·

395 1815 557 1898 nendum,
584 1811 675 1905 quod
697 1812 730 1882 ai
753 1813 847 1883 Deus
870 1812 927 1882 vel
951 1834 1013 1902 per
1036 1812 1208 1881 internam
1231 1811 1496 1903 inspirationem
1520 1835 1575 1882 re·

396 1921 533 1992 velaret
555 1942 596 1989 ea
619 1942 708 2012 quae
730 1927 813 1990 eunt
836 1919 881 1988 ad
896 1919 1103 1990 eredendum
1119 1919 1327 2006 necessaria,
1346 1919 1402 1989 vel
1419 1920 1575 2012 aliquem

396 2028 477 2098 fidei
494 2026 766 2118 praedicatorem
782 2027 826 2095 ad
842 2050 919 2096 eum
937 2027 1137 2118 dirigeretn
1156 2027 1197 2096 de
1215 2027 1319 2098 verit.
1334 2051 1368 2119 q.
1388 2027 1443 2096 14.
1462 2049 1495 2096 a.
1515 2027 1573 2096 11.

397 2135 442 2206 ad
466 2135 498 2221 13
518 2135 551 2204 3.
570 2135 653 2204 dist.
673 2134 730 2204 25.
750 2161 784 2227 q.
802 2135 836 2204 2.
854 2157 887 2204 a.
906 2135 938 2203 1.
960 2135 1023 2204 eol.
1043 2133 1075 2204 1.
1095 2134 1139 2202 ad
1155 2133 1190 2202 2.

464 2243 594 2313 Eadem
611 2243 749 2312 omnino
765 2251 820 2312 est
832 2243 1006 2312 sententia
1022 2243 1184 2333 Hugonis
1201 2264 1223 2310 a
1238 2241 1275 2311 S.
1286 2242 1400 2312 Charo
1409 2243 1473 2330 (1),
1485 2244 1575 2314 Her·

398 2352 477 2422 vaei
494 2353 600 2439 (inter
612 2351 699 2442 Opp.
718 2351 903 2439 Auselmi),
922 2351 1087 2440 Dionysii
1104 2349 1344 2434 Carthusiani,
1356 2351 1400 2420 ad
1419 2375 1506 2444 quos
1521 2357 1574 2421 et·

397 2459 467 2530 iam
480 2461 675 2529 adversarii
684 2459 920 2551 appellarunt.
935 2459 977 2527 In
990 2459 1080 2527 illud
1093 2459 1209 2527 Pauli:
1223 2463 1298 2527 sine
1310 2459 1383 2550 lepe
1396 2459 1573 2548 peribant,

398 2568 538 2662 quaerit
554 2569 669 2659 Hugo,
685 2589 791 2660 quare
804 2575 926 2658 gentes
941 2591 1018 2637 oum
1031 2567 1142 2658 legem
1157 2590 1226 2636 non
1242 2567 1404 2654 habeant,
1421 2592 1491 2638 non
1515 2593 1573 2638 ex·

398 2682 565 2746 ousentur
580 2677 618 2744 in
633 2675 912 2764 transgressione
924 2673 1032 2764 legis‘l
1046 2673 1237 2764 Responsio
1249 2673 1434 2760 haeredit,
1450 2683 1575 2767 gentes

398 2783 559 2879 quamvis
575 2783 767 2852 destitutae
780 2782 853 2850 siut
868 2781 1093 2867 revelatione,
1107 2783 1233 2852 habere
1249 2791 1364 2852 tamen
1381 2783 1498 2854 lumen
1517 2805 1573 2852 ra-

397 2891 518 2974 tionis,
543 2913 611 2983 quo
634 2891 745 2980 legem
762 2889 957 2959 naturalem
975 2912 1180 2981 cognoscere
1196 2891 1341 2982 possint.
1359 2891 1473 2982 Urget
1489 2915 1574 2962 vero

397 2997 502 3089 Hugo
525 2999 667 3068 eandem
691 2998 902 3067 sententiam
924 2997 1088 3084 ulterius,
1114 3021 1225 3092 neque
1251 2999 1412 3068 excusari
1436 3000 1575 3071 scilieet

398 3129 500 3193 eum,
525 3107 587 3200 qui
610 3115 776 3199 perpetuo
799 3108 843 3174 ab
865 3105 1016 3174 humano
1046 3107 1219 3176 consortio
1237 3107 1379 3202 ¹luisset
1405 3111 1571 3180 extorris:

401 3217 516 3306 aquia
533 3215 654 3280 tabuit
669 3217 838 3280 rationem
853 3215 1061 3296 naturalem,
1074 3223 1111 3282 et
1128 3214 1160 3282 si
1175 3215 1363 3284 seeundum
1379 3237 1454 3284 eam
1471 3217 1574 3287 fecis·

398 3327 453 3390 set
468 3319 558 3413 quod
574 3320 612 3388 in
627 3325 778 3404 esseest,
793 3319 963 3388 Dominus
978 3321 1184 3392 contulisset
1196 3315 1349 3412 gratiam
1364 3349 1380 3385 n
1398 3323 1463 3410 (2).
1482 3324 1574 3394 ller-

457 3512 500 3588 (1)
520 3517 602 3570 Hune
620 3515 767 3582 Eunonen
787 3530 846 3569 non
866 3517 960 3568 eutem
979 3513 1160 3569 Victorinum
1180 3517 1215 3571 eb
1234 3517 1316 3571 Eetiu
1335 3517 1470 3587 iudicari,
1490 3526 1575 3589 petet

397 3609 458 3662 tum
477 3623 513 3660 ex
537 3607 660 3674 simplici
685 3606 824 3660 citatione
848 3605 901 3659 sub
925 3606 1039 3658 uomtne
1059 3607 1206 3674 sugente,
1227 3623 1285 3676 que
1303 3609 1338 3662 ab
1361 3611 1573 3679 interpretibus

396 3697 528 3763 intelligi
550 3698 625 3750 solet
641 3696 694 3750 ille
713 3711 731 3749 e
749 3695 778 3749 S.
789 3695 892 3763 chero,
913 3699 973 3750 tum
987 3711 1021 3748 ex
1036 3711 1077 3764 eo,
1094 3697 1168 3764 queo
1182 3698 1348 3752 Vtetorinus
1362 3701 1452 3754 lorum
1467 3701 1500 3755 de
1516 3721 1573 3772 que

398 3802 499 3853 sermo,
519 3785 551 3840 tn
571 3801 622 3840 suo
640 3787 840 3841 commentario
860 3787 1066 3855 praetermisit.
1086 3785 1167 3840 Alibi
1185 3785 1229 3861 (in
1249 3787 1322 3856 Epir.
1335 3805 1363 3858 q.
1376 3786 1435 3861 11.)
1454 3793 1503 3846 nbi
1522 3795 1573 3850 vt-

397 3877 527 3933 etorinue
545 3876 677 3930 meminit
694 3876 781 3930 huius
799 3877 854 3932 loci
873 3878 954 3932 Rom.
967 3877 1006 3930 11.
1020 3878 1062 3944 14,
1085 3877 1231 3932 consentit
1249 3893 1311 3932 enm
1330 3879 1572 3947 interpretatione

397 3971 570 4022 ceterorum:
593 3969 765 4034 enatarem,
787 3968 839 4034 ait,
856 3970 892 4022 eb
909 3969 1047 4036 Apostolo
1066 3968 1156 4036 arripi
1175 3984 1227 4037 pru
1246 3969 1382 4038 reliquiis
1400 3969 1485 4024 illius
1505 3974 1573 4028 boni

398 4057 552 4123 naturalis,
573 4071 645 4124 quae
664 4062 864 4112 remanserunt
881 4060 913 4112 iu
933 4059 1016 4112 nobis
1035 4062 1102 4126 post
1120 4063 1299 4127 pecatum..

461 4143 504 4220 (t)
522 4148 617 4202 Verba
635 4149 765 4213 flegonta
785 4152 867 4202 eunt:
886 4149 953 4203 «Sit
969 4150 1079 4217 aliquis
1098 4149 1233 4204 nouitas
1248 4149 1279 4202 in
1292 4164 1405 4203 nemore
1418 4151 1455 4204 ab
1472 4153 1575 4220 alique

398 4237 541 4292 bestiast
561 4241 627 4306 post
644 4239 736 4293 tuerit
754 4239 796 4292 ibi
816 4239 875 4306 diu,
896 4241 967 4294 talis
986 4241 1062 4294 nihil
1082 4240 1137 4294 seit
1156 4239 1190 4292 tie
1209 4238 1342 4305 Christo,
1364 4240 1436 4293 telis
1455 4239 1574 4296 vitietur

398 4328 564 4384 excusari...
576 4329 756 4398 Respondes,
777 4331 808 4383 ir
827 4331 937 4384 talibus
956 4329 1066 4384 iuditia
1084 4329 1137 4384 Dei
1155 4332 1280 4397 abyssus
1302 4332 1407 4397 multa,
1428 4335 1571 4385 verumte·

400 4434 463 4472 men
482 4419 557 4487 quoti
576 4437 627 4474 neo
640 4420 710 4474 talis
730 4423 892 4488 exeruntur,
915 4421 984 4489 qula
1002 4421 1107 4474 habuit
1126 4421 1287 4474 naturalem
1305 4422 1454 4488 rationem,
1481 4421 1572 4490 quisi
