3262 5076
552 471 589 484 ...
610 437 671 498 533
692 470 730 484 ..

54 553 192 638 tempus
214 543 475 627 iustificandns,
502 543 576 612 sive
600 543 637 611 iu
661 543 911 636 iniquitatibus
933 548 1009 613 tote
1032 543 1108 614 vita
1130 567 1224 613 man-

52 677 170 724 surus.
196 653 286 723 Nam
311 657 352 721 ut
374 651 504 744 aliquis
528 673 570 719 ex
593 651 803 742 perditionis
826 672 940 720 massa
962 651 1146 737 liberetur,
1173 655 1226 721 ita

52 761 224 833 videlicet
242 766 367 830 utnon
382 764 513 850 pereat,
529 781 591 828 nec
607 780 630 825 a
643 781 751 850 regno
763 759 829 828 Dei
844 759 988 828 realiter
1004 759 1227 851 adipiscendo

51 871 197 940 divinae
220 867 474 959 reprobationis
503 865 641 936 decreto
671 865 835 936 exclusus
858 889 932 936 esse
956 873 1156 954 censeatur,
1182 867 1227 936 ad

52 985 194 1069 tempus
218 976 392 1045 iustitiam
416 973 590 1064 accepisse
613 997 680 1042 uon
702 979 756 1042 est
769 977 898 1043 satie...
917 974 1089 1058 Quamvis
1105 999 1227 1045 verum

53 1086 116 1170 eit,
135 1085 174 1152 in
191 1083 314 1152 multis
330 1081 467 1171 culpam
491 1081 697 1171 originalem
721 1081 928 1172 baptismate
952 1082 1103 1151 deleri...
1122 1080 1228 1150 simul

50 1201 173 1262 tamen
197 1189 323 1260 stabile
346 1189 636 1281 verissimumque
660 1194 787 1274 manet,
803 1203 947 1279 propter
970 1189 1071 1256 illam
1094 1191 1228 1280 culpam

51 1303 112 1368 oui
135 1301 305 1367 obnooeius
328 1301 421 1364 bomo
446 1299 570 1378 iacuit,
595 1296 749 1366 uoluisse
773 1297 883 1365 Deum
907 1297 977 1387 ipsi
999 1297 1108 1367 totale
1132 1299 1228 1367 bene·

51 1408 177 1478 ficium
200 1406 424 1476 liberationis
451 1405 634 1476 decernere
657 1409 693 1474 et
714 1428 736 1473 a
758 1405 953 1496 perditione
980 1405 1055 1490 ita,
1086 1409 1128 1474 ut
1153 1428 1229 1474 eam

52 1537 93 1584 re
110 1515 191 1605 ipsa
206 1513 346 1598 evadat,
371 1513 549 1582 liberare»
568 1512 663 1580 Ians.
674 1512 717 1580 de
729 1511 830 1580 (irat.
841 1511 976 1580 Christi
988 1512 1014 1580 l.
1025 1513 1070 1581 X.
1087 1536 1137 1582 co.
1148 1514 1182 1582 2.
1193 1513 1226 1602 33

53 1623 104 1692 cf.
120 1617 229 1689 LIX.
249 1643 279 1716 c,
295 1619 328 1688 9.
344 1619 436 1688 Vide
449 1619 480 1687 I.
494 1619 537 1686 B.
551 1619 665 1688 Faure
682 1619 725 1687 ad
741 1617 887 1687 Euchir.
902 1618 998 1708 Aug.
1014 1642 1044 1688 c.
1059 1620 1114 1688 55.

126 1735 159 1817 e)
180 1728 233 1796 De
257 1726 495 1812 exsecutione,
521 1750 563 1795 ex
587 1749 657 1819 qna
680 1727 757 1816 ipsa
783 1727 876 1793 ratio
902 1725 1231 1814 praedestinationis

53 1845 92 1908 et
117 1834 376 1926 reprobationis
396 1839 510 1924 potest
525 1833 695 1923 intelligi,
717 1833 842 1902 docent
858 1833 1073 1902 Dordraceui
1089 1856 1231 1926 sequeu-

52 1944 120 2013 tia.
149 1941 208 2010 Ad
231 1939 419 2009 salvandos
447 1939 536 2006 solos
558 1941 833 2028 praedestinator
863 1939 961 2006 misit
982 1941 1077 2008 Deus
1098 1941 1231 2010 Filium

56 2073 178 2136 enum;
201 2071 265 2140 pro
287 2047 345 2116 his
363 2045 448 2115 solie
463 2045 627 2115 Christus
644 2051 803 2114 mortuns
819 2053 884 2132 est;
902 2044 959 2113 his
974 2047 1059 2114 solie
1074 2053 1110 2116 et
1126 2049 1232 2117 omni-

56 2160 125 2228 bus
152 2156 215 2225 dat
228 2155 324 2224 Deus
340 2154 492 2244 gratiam
508 2161 549 2222 nt
564 2153 718 2237 credant,
737 2153 796 2222 cni
812 2175 910 2222 nemo
927 2161 1042 2244 potest
1056 2157 1231 2227 resistere:

55 2267 115 2334 his
129 2287 218 2354 ergo
234 2262 319 2332 solis
336 2265 372 2330 et
388 2261 546 2330 omnibns
563 2260 626 2329 dat
638 2261 739 2328 fidem
752 2261 1013 2348 iustificantem,
1026 2284 1114 2353 quae
1128 2265 1234 2332 semel

55 2379 205 2462 accepta
220 2393 289 2439 non
305 2374 419 2460 potest
434 2369 563 2456 amitti;
591 2369 751 2460 quamvis
774 2369 864 2438 enim
888 2369 993 2439 etiam
1017 2370 1137 2439 fideles
1157 2395 1233 2462 peo-

60 2486 165 2564 ceut,
192 2483 401 2546 nontamen
431 2483 576 2567 possunt
606 2477 764 2546 excidere
786 2501 828 2546 ex
852 2478 1034 2569 adoptione
1058 2485 1093 2547 et
1115 2479 1235 2568 gretia

57 2589 125 2658 Dei
153 2591 245 2678 (cap.
267 2587 298 2674 13
320 2587 443 2656 Doctr.
462 2587 576 2654 damn.
594 2592 663 2654 art.
680 2585 713 2654 2.
729 2585 761 2672 63
777 2608 852 2676 cap.
869 2585 919 2654 II.
934 2592 1003 2654 art.
1022 2587 1054 2674 83
1078 2607 1152 2676 cap.
1168 2586 1232 2655 IV.

57 2705 127 2767 art.
151 2696 208 2764 12.
227 2695 282 2782 14,
298 2717 374 2785 cap.
384 2695 429 2764 V.
448 2699 518 2762 art.
535 2695 646 2780 4—7.).
671 2694 725 2762 Ex
750 2695 894 2763 adverso
921 2695 1060 2784 reprobi
1083 2695 1175 2763 sicut
1199 2695 1235 2762 in

61 2811 210 2874 aeterno
234 2802 372 2872 decreto
396 2807 479 2870 sunt
500 2800 635 2870 exclusi
657 2801 701 2869 ab
725 2802 883 2870 omnibus
907 2801 1007 2870 donis
1031 2807 1235 2891 supernatu-

60 2911 215 2996 ralibus,
240 2908 293 2977 ita
315 2908 352 2976 iu
375 2908 594 2978 exsecutione
617 2907 751 2976 nullam
774 2907 954 2998 accipiunt
981 2908 1136 2997 gratiam
1162 2907 1236 2976 suf·

61 3019 254 3100 ficientem,
280 3021 322 3084 ut
345 3015 483 3084 credere
506 3015 642 3106 possint
664 3021 700 3084 et
723 3015 892 3102 converti;
918 3015 1038 3086 relicti
1061 3021 1145 3084 sunt
1165 3037 1237 3084 cor-

62 3133 194 3217 ruptae
218 3129 365 3192 naturae
387 3130 423 3192 et
445 3123 541 3212 legi,
572 3123 809 3192 maledictioni
836 3123 984 3208 traditi,
1017 3123 1101 3216 quin
1128 3123 1237 3192 ullam

64 3233 220 3323 gratiam
236 3229 428 3300 salutarem
444 3237 701 3322 consequantur
716 3235 806 3322 (cap.
822 3231 852 3318 1,
862 3232 983 3300 Doetr.
995 3231 1110 3300 damn.
1121 3237 1190 3301 art.
1201 3231 1234 3320 85

64 3365 92 3410 c.
104 3340 179 3410 ΠΙ.
194 3346 266 3410 art.
281 3341 314 3428 ὃς
330 3363 359 3408 c.
374 3339 420 3410 V.
435 3345 503 3408 art.
520 3339 589 3428 10).

130 3446 320 3516 Ianeenius
345 3447 530 3532 consentit,
556 3468 641 3536 erga
663 3447 825 3536 reprobos
847 3446 982 3514 nullam
1005 3469 1079 3516 ease
1093 3447 1160 3516 Dei
1180 3469 1237 3517 vo·

66 3554 265 3640 luntatem,
291 3561 333 3624 nt
356 3555 450 3625 salvi
472 3554 583 3643 fiant;
614 3554 674 3624 sed
697 3555 807 3624 Deum
835 3555 927 3624 velle
954 3578 1070 3625 omnes
1094 3562 1129 3624 et
1151 3556 1238 3622 solor

62 3661 341 3750 praedestinatos
356 3663 503 3748 salvari,
522 3685 562 3732 ao
579 3685 642 3753 pro
659 3663 773 3731 salute
790 3663 1128 3753 praedestinatorum
1141 3664 1238 3732 dnm-

69 3775 172 3839 taxat
195 3769 375 3840 Christum
399 3793 473 3840 esse
497 3777 694 3856 mortuum3
723 3771 911 3841 secundum
938 3771 1023 3841 haec
1046 3771 1179 3840 nnllam
1202 3770 1240 3838 iu

71 3877 248 3968 praesenti
271 3883 368 3948 statu
391 3885 538 3948 naturae
561 3879 679 3970 lapsae
707 3879 785 3948 dari
814 3879 967 3969 gratiam
998 3878 1236 3964 sufficientem

72 3987 235 4076 reprobos
258 3985 290 4053 si
312 3985 356 4054 ad
379 3993 515 4076 tempus
537 3985 788 4073 iustificantur,
805 4010 873 4055 non
889 4009 988 4078 posse
1003 4005 1237 4076 perseverare,

77 4091 156 4182 quia
171 4091 225 4162 eis
239 4099 391 4181 negatur
408 4093 623 4162 adiutorium
638 4093 769 4180 efficax,
789 4119 855 4185 pao
871 4100 1125 4184 perseveratum
1143 4092 1241 4160 adiu·

75 4199 204 4268 torium
219 4205 336 4268 autem
360 4203 434 4268 siue
456 4225 522 4293 quo
541 4225 609 4268 non
628 4215 754 4290 potest,
772 4207 888 4292 etque
904 4214 1017 4290 potest
1032 4200 1149 4270 iustus
1165 4223 1240 4290 per·

77 4323 245 4392 severare,
272 4307 308 4375 iu
332 4309 509 4398 praesenti
531 4315 627 4378 statu
647 4309 782 4378 nullum
799 4309 917 4378 datur:
935 4331 1038 4398 porro
1054 4307 1242 4376 destitutos

79 4413 192 4498 gratia
219 4411 350 4483 efficaci
379 4415 575 4484 necessario
604 4436 769 4505 peccaro,
802 4414 887 4506 qnia
917 4413 954 4480 in
984 4419 1113 4482 natura
1142 4412 1243 4501 lapsa

80 4537 143 4586 non
165 4521 271 4592 datur
293 4522 413 4613 gratia
439 4522 624 4612 sufficiens,
649 4523 740 4592 hanc
763 4545 846 4593 vero
869 4521 980 4612 ipsam
1003 4520 1242 4591 necessitatem
