3280 5070
896 354 933 369 -
956 325 1016 384 614
1038 354 1077 370 -

398 437 571 522 quantur,
597 428 783 498 mediorum
805 426 851 496 cd
868 431 984 518 finem.
1010 429 1108 512 Quae
1140 451 1224 500 sane
1250 432 1344 500 ratio
1373 431 1433 500 vel
1455 432 1564 523 probat

396 539 749 629 praedestinationem
766 539 808 607 ad
826 537 975 628 gloriam
991 537 1186 628 suppositis
1202 544 1238 609 et
1254 540 1430 632 praevisis
1445 542 1565 608 meritis

397 670 467 716 uon
491 647 589 715 modo
612 647 742 716 factam
765 669 834 715 non
857 669 944 730 esse,
963 647 1022 715 sed
1046 669 1194 739 nequea
1215 647 1287 716 Deo
1303 649 1379 718 lieri
1411 651 1563 741 potuisse

397 754 467 836 vel,
486 760 529 823 ut
551 755 651 822 nobis
674 753 812 846 quidem
836 751 991 836 videtur,
1011 754 1135 842 probat
1151 755 1290 824 omnino
1313 755 1422 826 nihil.
1444 757 1566 826 allatio

397 859 673 930 fundamentalis
689 867 829 930 nostrae
842 859 1089 943 conclusionis,
1105 861 1224 954 inquit
1235 862 1394 933 Genetos
1410 865 1513 954 (disp.
1523 863 1563 932 11.

397 993 432 1038 n.
452 969 542 1057 26.),
569 969 722 1038 sumitur
745 993 786 1038 ex
811 969 855 1037 D.
876 967 1009 1036 Thema
1039 967 1127 1040 loeis
1159 970 1282 1040 citetis
1304 974 1372 1060 (1),
1400 979 1439 1042 et
1468 981 1568 1063 potest

397 1077 556 1148 breviter
577 1076 629 1145 sic
651 1077 810 1167 proponi.
837 1075 906 1158 Qui
938 1075 1098 1146 ordinate
1124 1077 1218 1162 vult,
1246 1079 1346 1170 prius
1373 1081 1458 1150 vult
1478 1080 1566 1149 linem

397 1206 498 1276 quarn
523 1184 637 1254 madia
660 1184 703 1253 ad
720 1185 835 1254 linem.
855 1183 922 1253 Sed
946 1185 1041 1253 Deus
1064 1186 1225 1256 ordinate
1250 1187 1341 1258 vult.
1359 1189 1461 1280 Ergo
1482 1193 1566 1278 prius

397 1292 479 1364 vult
502 1293 604 1362 finem
628 1315 731 1386 quam
747 1291 860 1362 media
883 1292 928 1361 ad
952 1293 1065 1362 illum.
1085 1293 1200 1388 Atqui
1222 1295 1339 1386 gloria
1364 1304 1425 1366 est
1450 1297 1526 1364 linis
1539 1305 1568 1362 et

397 1403 632 1472 maritarunt
655 1401 767 1472 media
790 1401 835 1471 ad
858 1401 959 1470 illum
987 1403 1228 1474 conducentia.
1254 1405 1352 1496 Ergo
1376 1406 1479 1496 prius
1500 1403 1567 1472 vult

397 1510 547 1601 gloriam
570 1529 672 1600 quam
695 1509 840 1594 merita,
865 1517 902 1579 et
924 1519 1174 1604 consequenter
1202 1513 1327 1584 electio
1356 1513 1404 1583 ad
1431 1513 1567 1604 gloriam

397 1631 598 1708 conpetere
623 1641 692 1684 ecee
721 1639 763 1685 ex
787 1615 1009 1708 praevisione
1039 1619 1255 1688 meritorum.
1280 1619 1473 1690 Fundetur
1494 1621 1566 1690 haec
1620 1663 1621 1692 r

397 1725 490 1796 ratio
513 1725 549 1792 in
574 1723 638 1794 hoc
669 1725 863 1816 principio,
889 1725 979 1817 quod
1010 1727 1123 1795 tradit
1151 1727 1388 1814 Aristoteles,
1416 1729 1566 1800 videlicet

397 1833 501 1902 finem
525 1832 625 1923 prius
648 1854 723 1902 esse
747 1832 897 1902 volitum
912 1832 957 1901 ab
973 1839 1100 1924 agente
1116 1857 1218 1926 quam
1235 1835 1350 1906 media
1365 1838 1411 1906 ad
1429 1836 1534 1906 illum.
1549 1863 1561 1897 r

396 1939 489 2009 Huic
505 1961 588 2009 suae
604 1940 903 2030 argumentationi
922 1969 938 2004 s
953 1940 1239 2010 testamentali»
1258 1966 1325 2011 non
1343 1945 1462 2013 minus
1476 1942 1562 2012 labili

397 2071 501 2143 quam
518 2047 686 2138 vulgatae
702 2056 733 2118 et
753 2049 877 2118 obviae
889 2048 1028 2140 plaudit
1044 2047 1231 2140 theologus
1242 2051 1399 2142 glorioso
1415 2051 1560 2143 epinicio:
1620 2099 1621 2102 ,

400 2187 416 2222 a
431 2156 556 2226 mirum
575 2161 630 2226 est
645 2165 813 2248 quantum
832 2155 897 2227 hoc
909 2167 1153 2247 argumentum
1166 2165 1331 2252 torqueat
1341 2161 1558 2246 adversarios

396 2265 488 2334 undu
512 2271 554 2334 ut
576 2266 620 2333 ab
643 2263 705 2334 illo
729 2287 767 2335 se
790 2265 989 2356 expediant,
1016 2265 1054 2334 in
1079 2288 1176 2335 omne
1202 2266 1299 2338 letne
1323 2293 1360 2338 ae
1385 2275 1558 2340 vertuntr

462 2373 707 2465 Respondetur
721 2383 836 2444 tamen
859 2373 964 2443 facile
989 2375 1063 2443 sine
1091 2373 1166 2443 ullo
1191 2382 1363 2446 tormento
1379 2381 1560 2447 nostroant
1620 2359 1621 2442 l

397 2484 622 2553 conversione
638 2482 675 2550 in
691 2482 798 2566 latus,
818 2507 895 2552 oum
918 2481 1040 2575 aliqua
1062 2496 1178 2553 tamen
1201 2486 1408 2556 retorsione.
1426 2485 1518 2556 Finis
1532 2491 1559 2551 et
1620 2471 1621 2498 l

397 2592 592 2663 medionon
617 2599 701 2661 sunt
723 2592 830 2662 unius
853 2597 990 2660 tantum
1015 2591 1107 2661 modi
1130 2593 1189 2662 sed
1218 2593 1441 2685 multiplicis.
1458 2594 1558 2663 Potest
1620 2663 1621 2680 ἶ

397 2700 527 2793 aliquis
555 2699 657 2769 finem
682 2699 863 2770 intendere
890 2701 1144 2793 assequendum
1175 2702 1298 2771 mediis
1329 2725 1397 2772 sua
1426 2709 1557 2772 tantum·

397 2811 495 2880 modo
527 2809 730 2902 operatione
761 2808 969 2878 adhibendis
1000 2811 1130 2902 absque
1155 2819 1316 2902 respectu
1347 2813 1394 2883 ad
1418 2811 1556 2882 volunta·

395 2923 465 2988 tem
488 2917 546 2987 vel
570 2917 845 3008 cooperationem
869 2915 1030 2986 alterius.
1048 2917 1123 2986 Hoc
1145 2915 1244 2988 modo
1260 2919 1404 2989 aiDeus
1426 2918 1555 3007 omnipo

396 3035 474 3096 tens
496 3035 533 3096 et
563 3025 703 3096 infinite
727 3025 867 3116 sepiens
898 3023 979 3094 vult
1001 3025 1122 3111 finem,
1150 3047 1283 3117 semper
1313 3030 1451 3098 ratione
1477 3024 1555 3118 prior

396 3134 595 3226 concipitur
617 3132 780 3202 absoluta
802 3131 954 3202 intentio
970 3133 1051 3201 finis
1074 3139 1110 3202 et
1132 3155 1174 3203 ex
1196 3132 1263 3204 hac
1291 3157 1495 3228 consequeus
1513 3132 1553 3200 in·

395 3243 505 3315 tentio
522 3243 711 3314 mediorum
725 3240 788 3328 (2).
803 3241 924 3312 Potest
939 3239 1063 3312 deinde
1078 3239 1210 3336 aliquis
1225 3241 1326 3314 finem
1343 3243 1552 3336 praestituere

458 3459 501 3537 (1)
519 3463 594 3518 Loca
606 3460 677 3516 haec
688 3475 706 3514 s
719 3457 828 3514 doceto
840 3459 865 3526 s.
880 3457 907 3514 θ.
922 3459 1015 3514 cttste
1028 3463 1097 3514 runt
1111 3461 1138 3516 1.
1154 3475 1182 3530 q.
1197 3460 1243 3514 28.
1258 3477 1284 3514 a.
1299 3459 1327 3514 8.
1342 3458 1378 3516 ad
1391 3461 1419 3528 ῦς
1438 3457 1469 3516 ds
1481 3455 1548 3520 verit,
1620 3447 1621 3520 j

396 3569 424 3626 q.
440 3553 467 3608 t.
481 3571 508 3610 a.
520 3553 546 3607 2.
561 3557 591 3607 et
603 3551 629 3619 e;
644 3551 675 3604 in
688 3551 769 3606 Rom.
785 3551 837 3606 1x.
852 3551 918 3606 lect.
933 3551 960 3618 ὃς
976 3551 1257 3620 tnEph.1.lect.4;
1274 3551 1306 3605 in
1323 3544 1430 3620 qulbus
1441 3547 1548 3606 omnibus

395 3645 424 3702 S.
436 3647 559 3703 'ihomas
578 3649 691 3713 apertat
708 3659 784 3698 more
803 3658 854 3698 eno
873 3641 1166 3712 praedestinationem
1192 3643 1331 3712 complete
1343 3659 1360 3697 s
1372 3637 1549 3712 primentii

396 3753 484 3807 usque
503 3735 539 3791 sd
559 3737 698 3804 gloriam,
719 3750 776 3788 non
801 3738 895 3788 cutem
919 3732 1211 3801 praedestinetlonem
1229 3731 1266 3786 ad
1285 3735 1408 3799 gloriam
1427 3749 1472 3802 per
1487 3745 1511 3783 re
1526 3728 1548 3777 ct

396 3827 525 3883 eecrslm.
539 3826 597 3881 Nec
616 3825 678 3880 ulla
696 3828 742 3878 eat
760 3823 868 3878 mentio
886 3822 918 3876 ln
946 3823 1043 3876 verbis
1068 3821 1097 3876 S.
1112 3823 1233 3877 Thomas
1253 3838 1271 3877 ι
1293 3823 1402 3878 (iuncto
1422 3821 1507 3878 citetis
1522 3813 1547 3868 de

395 3917 496 3974 ordine
523 3918 601 3972 luter
628 3914 920 3986 praedestinationem
948 3912 984 3966 sd
1009 3913 1129 3980 glorium
1158 3919 1189 3968 et
1217 3902 1544 3982 prsedcstinstiorcutd

396 4010 529 4076 gretiam
551 4009 665 4078 quotier
685 4023 753 4062 vero
769 4005 925 4072 Argolicus
949 4006 1080 4060 meminit
1106 4005 1193 4060 hcine
1218 4005 1345 4074 ordinis,
1365 4020 1469 4074 semper
1484 3999 1546 4052 dotti

395 4113 456 4155 com
470 4099 617 4168 Patribus,
638 4099 762 4166 tretium
776 4095 988 4166 praedestinari
1008 4095 1043 4150 sd
1063 4095 1124 4164 hcc,
1139 4101 1173 4150 ut
1187 4097 1268 4150 homo
1281 4100 1424 4152 mereatur
1440 4091 1541 4162 glorium

395 4192 425 4244 et
450 4188 589 4245 rationem
614 4205 665 4244 cnr
687 4188 783 4256 glorie
805 4187 935 4242 obsolute
962 4185 1204 4254 praedestinetur,
1232 4201 1293 4240 esse
1314 4187 1419 4241 merita
1438 4178 1543 4254 praevia

394 4273 496 4350 (snpra
515 4279 559 4334 tir.
574 4279 664 4334 ΙΝΙΙ.
679 4293 709 4332 n.
722 4273 786 4350 tt).
798 4279 873 4332 Data
890 4291 976 4346 opera
990 4275 1149 4331 doctrinam
1163 4277 1194 4331 S.
1204 4276 1328 4331 rhomae
1340 4277 1459 4331 tulerim
1473 4263 1540 4336 expli·

395 4365 533 4423 nubimus.

459 4451 502 4533 (a)
520 4459 590 4516 Dlsl
603 4457 656 4515 iseo
667 4456 749 4514 modo
762 4457 917 4512 electurum
927 4471 1110 4526 temperem
1120 4455 1314 4512 intentionem
1335 4456 1390 4512 Dei
1400 4451 1537 4521 onrlpvlafl·
