3262 5076
541 379 579 392 ..
600 348 660 408 503
681 379 719 393 ...

111 451 226 542 Atqui
248 452 286 518 in
308 452 395 521 loeis
418 451 575 521 omnihus
597 453 700 520 initio
725 452 856 536 nitetis,
882 453 920 519 in
944 451 1071 543 quibus
1091 451 1128 532 S.
1146 455 1220 520 Au-

51 560 211 646 gustinus
234 559 451 628 voluntatem
475 558 636 627 solvendi
660 559 848 649 restringit
877 559 922 628 ed
952 583 1008 628 eos
1039 559 1148 644 solos,
1183 561 1220 628 in

51 668 170 758 quibus
194 669 341 736 effeetus
364 667 438 756 ipse
462 668 651 751 obtinetur,
679 691 760 758 pree
785 669 895 736 oculis
919 667 1024 736 hebet
1048 668 1148 736 unice
1165 693 1221 736 vo-

50 775 216 843 luntatem
240 775 389 844 seeundo
414 775 511 842 modo
528 782 737 866 spectatam
757 798 945 867 numquam
962 783 1077 844 entem
1093 778 1130 844 in
1147 777 1222 844 iliis

51 883 123 969 egit
152 883 196 950 de
227 882 409 953 voluntate
440 881 653 950 antecedente
675 890 710 951 et
734 883 982 951 conditionata.
1014 883 1221 972 Negendum

50 1012 126 1078 ergo
149 991 347 1060 necessario
370 997 457 1075 eret,
485 991 588 1059 istem
612 991 830 1059 voluntatem
857 992 923 1059 Dei
939 991 1132 1060 salvificem
1148 1015 1222 1060 esse

53 1099 294 1168 universalem.
328 1099 419 1168 Sene
442 1099 587 1168 Enehir.
615 1125 645 1168 o.
672 1101 748 1168 103.
768 1100 860 1169 etde
884 1101 1040 1190 Corrept.
1066 1107 1102 1169 et
1125 1105 1219 1190 gret.

51 1227 80 1271 n.
104 1206 161 1272 44.
190 1206 272 1274 coll.
296 1207 491 1276 45.diserte
509 1208 588 1296 egit
605 1207 646 1274 de
663 1207 859 1292 voluntate,
882 1236 898 1272 a
917 1208 1222 1300 queomnipotens

54 1313 136 1380 velle
160 1313 318 1382 inaniter
342 1337 410 1382 non
425 1319 561 1405 potest,
582 1315 819 1407 quodcumque
837 1315 1010 1400 voluerit,
1031 1343 1047 1376 n
1067 1321 1102 1384 et
1122 1337 1222 1406 eque

53 1421 137 1488 Deus
161 1422 201 1490 in
224 1422 319 1491 coelo
342 1425 436 1492 etin
459 1429 556 1492 terre
579 1425 694 1491 omnia
718 1447 952 1516 quaecumque
976 1423 1103 1507 voluit,
1122 1423 1220 1508 fecit,

52 1550 87 1597 ec
109 1533 267 1619 profecto
291 1533 404 1601 faeere
428 1532 553 1618 noluit,
573 1534 809 1624 quodcumque
826 1557 893 1600 non
911 1532 1008 1600 fecit.
1031 1559 1046 1594 n
1065 1531 1155 1620 Agit
1170 1530 1222 1598 vi-

53 1635 171 1705 delieet
194 1639 233 1705 in
257 1637 333 1706 illis
356 1639 490 1707 duobus
513 1639 599 1708 locis
623 1640 752 1728 partim
779 1640 820 1706 de
850 1639 1032 1707 voluntate
1064 1637 1225 1706 salvifice

54 1749 203 1832 spectate
224 1746 415 1814 secundum
439 1751 550 1814 totam
574 1747 839 1836 amplitudinem
863 1747 1059 1835 gratiarum
1076 1751 1111 1814 et
1126 1745 1224 1813 euxi-

53 1850 183 1937 liorum,
210 1875 300 1944 quae
323 1861 407 1922 sunt
429 1854 467 1920 in
490 1861 661 1943 potestate
685 1855 950 1944 omnipotentis;
982 1854 1111 1944 purtim
1143 1874 1224 1922 vero

55 1959 90 2026 de
111 1961 317 2045 voluntate,
350 1968 522 2053 quatenus
553 1985 654 2031 sunm
678 1963 865 2030 terminum
889 1969 971 2031 ectu
1002 1961 1120 2029 efficit.
1151 1961 1225 2028 Hoc
1334 1988 1336 1993 ’

55 2069 156 2137 altero
180 2070 402 2160 potissimum
425 2071 543 2156 modo,
570 2095 652 2155 seu,
679 2079 720 2138 ut
743 2072 814 2140 diei
838 2071 943 2156 solet,
970 2076 1142 2162 quatenus
1171 2095 1225 2136 vo-

57 2175 162 2242 lentos
185 2184 242 2246 est
264 2177 406 2266 efficax,
425 2185 562 2268 spectet
578 2179 796 2248 voluntatem
811 2180 848 2246 in
864 2178 951 2247 locis
967 2178 1114 2270 reliquis
1131 2183 1223 2246 cont.

57 2283 116 2350 Iul.
141 2284 206 2354 IV.
234 2309 271 2353 n.
297 2286 354 2354 42.
381 2309 447 2377 sq.;
474 2307 527 2374 ep.
555 2287 599 2354 ed
623 2287 735 2354 Vitel.
763 2311 796 2353 n.
825 2285 879 2372 193
898 2285 1056 2375 Corrept.
1079 2291 1113 2352 et
1129 2289 1223 2373 gret.

57 2413 87 2458 n.
108 2393 170 2480 473
197 2392 379 2461 Preedeet.
406 2392 469 2461 SS.
496 2417 530 2460 n.
559 2393 620 2480 143
641 2393 719 2462 Civ.
737 2394 802 2462 Dei
818 2393 937 2460 XXII.
956 2393 988 2460 2.
1012 2391 1139 2474 «Quid
1156 2395 1222 2475 est,

59 2501 156 2567 omnis
171 2501 236 2590 qni
252 2500 392 2569 audivit
407 2522 429 2567 e
444 2502 549 2569 Petre
566 2506 602 2569 et
617 2501 754 2585 didicit,
772 2501 871 2570 venit
883 2501 928 2570 ed
942 2523 1007 2585 me,
1022 2493 1092 2568 nisi
1105 2499 1226 2568 nullus

60 2613 115 2690 est,
139 2608 199 2699 qui
222 2607 349 2676 audiet
372 2629 393 2674 a
416 2609 520 2677 Patre
544 2615 580 2676 et
603 2609 727 2693 discet,
754 2617 790 2677 et
811 2632 880 2677 non
903 2608 1024 2676 veniet
1039 2608 1083 2674 ed
1099 2607 1222 2674 mei...

60 2712 118 2782 Cur
139 2738 223 2804 ergo
247 2739 316 2784 non
339 2739 454 2784 omnes
477 2717 594 2800 docet,
627 2723 668 2784 ut
691 2717 837 2786 venient
860 2715 903 2784 ed
927 2715 1128 2800 Christum,
1154 2715 1226 2782 nisi

61 2821 139 2910 quod
153 2845 283 2908 omnes,
302 2845 388 2915 quos
404 2823 515 2907 donet,
534 2823 774 2892 misericordia
790 2825 901 2910 dooet;
921 2845 1006 2912 quos
1022 2827 1138 2889 eutem
1156 2843 1225 2890 non

60 2927 157 3015 docet,
181 2929 316 3000 indicio
332 2953 400 2998 non
416 2930 573 2999 docet...
591 2931 745 3000 Verbum
762 2931 876 2998 erucis
893 2929 1119 3020 pereuntibus
1136 2927 1225 2996 stul·

62 3035 132 3104 titie
159 3045 233 3123 est,
259 3036 317 3106 his
340 3043 456 3107 eutem
481 3039 541 3130 qui
564 3037 656 3107 salvi
680 3039 790 3122 fiunt,
825 3037 942 3106 virtus
973 3037 1039 3105 Dei
1062 3042 1126 3105 est.
1153 3036 1226 3103 Hos

63 3165 162 3214 omnes
184 3147 288 3216 donet
311 3145 431 3216 venire
447 3145 491 3214 ed
507 3145 687 3214 Christum
703 3147 808 3229 Deus,
827 3143 891 3212 hos
907 3145 998 3212 enim
1016 3167 1131 3214 omnes
1147 3143 1228 3212 vult
1326 3159 1332 3167 ·

64 3251 166 3322 salvos
181 3253 262 3323 fieri
278 3259 314 3322 et
329 3253 366 3321 in
381 3253 597 3343 agnitionem
610 3252 775 3322 veritatis
791 3252 923 3321 venire.
939 3252 1028 3322 Nem
1042 3251 1072 3320 si
1086 3256 1122 3319 et
1133 3250 1226 3331 illos,

68 3493 109 3530 sne
124 3482 221 3550 ntique
240 3482 325 3549 culpe
339 3483 461 3536 salutem
474 3497 530 3535 non
545 3485 767 3549 consequuntur,
784 3493 871 3552 quere
886 3480 952 3534 huie
966 3479 1087 3545 indigno
1101 3477 1230 3535 etnferet

69 3570 183 3638 gretiam,
196 3588 282 3642 quem
301 3569 453 3642 praevidet
464 3587 525 3626 cnm
540 3573 640 3628 effectu
653 3567 892 3643 coniungendam,
907 3569 993 3624 elteri
1014 3584 1103 3641 ecque
1115 3570 1230 3642 quidem

69 3655 172 3726 indigno
181 3659 420 3733 contereteh'em,
434 3678 492 3718 non
503 3678 574 3720 eene
584 3663 653 3730 quio
661 3661 813 3730 praevidet
826 3660 876 3716 sed
886 3661 950 3712 licet
963 3661 1133 3728 preevtdeet
1145 3659 1231 3728 culpe

70 3745 178 3804 hon'mtn
194 3751 296 3806 effectu
314 3751 479 3808 minoren.
499 3749 639 3808 Rationes
658 3751 748 3806 huius
764 3751 808 3806 rel
820 3753 890 3804 sunt
904 3771 917 3802 o
930 3751 961 3806 in
977 3750 1097 3808 oecultie
1116 3749 1169 3802 Dei
1189 3751 1229 3802 le·

72 3839 140 3900 titus
151 3863 162 3890 ι
174 3842 374 3898 sanctissime
387 3841 614 3910 etiustissimee,
635 3837 718 3897 nohis
732 3857 799 3894 vero
816 3841 987 3908 praesertim
1006 3838 1037 3890 in
1057 3837 1230 3904 pertinuisti

73 3928 97 3976 tt
105 3931 186 3996 quoed
199 3931 330 3999 singulos
341 3932 496 4000 imperviae
508 3933 537 3984 in
549 3930 602 3985 hee
613 3929 675 3984 vite
687 3931 819 3985 mortali:
835 3951 847 3977 n
859 3930 927 3997 qnid
942 3929 1016 3982 enim
1030 3941 1091 3981 eum
1102 3925 1228 3992 singulis

75 4022 167 4087 egetur,
181 4023 256 4075 Dens
276 4021 327 4088 qni
345 4021 407 4088 egit
426 4025 512 4089 etque
530 4023 588 4088 ipsi
603 4037 663 4072 cunr
679 4020 783 4088 quibus
803 4020 910 4085 egitur,
924 4020 1035 4084 sciunt,
1052 4016 1122 4084 quid
1135 4023 1229 4069 eutem

76 4111 159 4169 eretur
175 4127 237 4165 cnm
255 4125 358 4177 genere
373 4110 509 4178 hnmano,
523 4125 573 4179 per
588 4111 740 4163 historiam
758 4109 946 4162 commendari
960 4108 1055 4162 voluit
1065 4111 1094 4160 et
1104 4124 1155 4176 per
1167 4123 1229 4175 pro·

77 4195 181 4259 thetim
196 4225 208 4252 e
222 4203 296 4269 Aeg.
310 4201 344 4256 de
359 4218 428 4256 vere
446 4203 531 4266 relig.
547 4218 576 4254 n.
591 4202 636 4254 46.
649 4223 661 4249 a
674 4203 792 4255 Remoto
806 4216 872 4266 ergo
884 4201 937 4253 hee
948 4200 1130 4265 discretione,
1146 4214 1231 4266 quem

78 4281 157 4343 divine
175 4292 296 4346 scientie
309 4293 389 4346 intre
406 4295 545 4345 secretum
566 4307 633 4346 enee
654 4291 786 4345 iustitiae
806 4291 945 4358 continet,
962 4288 1154 4343 sincerissime
1174 4304 1231 4340 cre-

80 4368 181 4433 dendum
200 4399 231 4436 ec
252 4379 441 4450 profitendum
461 4384 513 4448 est,
539 4381 626 4434 Deum
638 4379 724 4446 velle,
738 4383 770 4431 ut
781 4394 876 4433 omnes
894 4377 1023 4432 homines
1044 4377 1119 4432 eelvi
1133 4377 1230 4430 flente

80 4453 102 4511 S.
111 4459 218 4536 Prosper
229 4467 265 4521 ed
285 4469 325 4522 11.
337 4465 438 4522 obiret.
454 4465 589 4522 vincent.
