3230 5072
895 373 931 388 -
953 341 1015 402 372
1035 373 1073 388 ..

401 441 649 512 intellectionis
671 448 726 512 est
747 443 826 533 ipse
848 445 1047 516 subeuntia
1063 445 1198 532 diviua,
1216 451 1270 516 ast
1285 447 1343 517 sui
1359 447 1468 538 ipsine
1481 472 1553 514 cccc

400 551 576 638 prehensio
599 549 852 620 substantiolis.

468 657 518 726 Ut
540 655 737 726 huiusmodi
759 657 898 726 nomino
919 658 1098 728 abstracta
1114 662 1183 728 rite
1198 659 1459 750 intelligantur,
1476 683 1556 730 recc

403 762 505 831 leude
520 769 613 848 suut,
628 786 715 854 quae
727 763 879 833 diximus
890 765 932 833 do
947 765 1174 856 simplicitate
1188 766 1311 837 diviua
1322 789 1429 857 supro
1444 793 1477 858 p.
1486 767 1554 838 306.

402 871 544 940 Utimur
567 870 702 940 scilicet
723 871 920 940 nominibus
941 873 1130 942 abstractis
1152 872 1197 942 ad
1227 873 1458 964 perfectiones
1479 874 1557 944 divi·

402 999 466 1046 nss
488 977 709 1068 aliquatenus
739 979 979 1070 exprimendas
1009 1001 1051 1047 ex
1081 979 1217 1048 ratione
1248 979 1401 1070 duplici,
1425 987 1498 1050 tum
1523 988 1559 1048 ut
1611 989 1612 1018 ³

402 1085 638 1175 significemus
660 1084 911 1176 plenitudinem
934 1084 1171 1176 perfectiouis,
1195 1091 1272 1155 tum
1295 1091 1337 1154 ut
1358 1086 1558 1156 declaremus

402 1190 659 1280 simplicitatem
674 1191 816 1261 excluse
831 1192 923 1260 omni
939 1193 1184 1282 compositione
1199 1193 1305 1262 etiam
1317 1193 1557 1284 metaphysica.

402 1296 560 1366 Dicimus
582 1321 613 1366 e.
628 1322 680 1388 ge
697 1299 791 1367 Deus
806 1305 862 1367 est
878 1301 1068 1387 capientia,
1091 1299 1174 1390 quia
1195 1323 1265 1368 uon
1286 1299 1401 1370 estin
1423 1301 1493 1369 Deo
1513 1321 1559 1368 sa·
1611 1367 1612 1374 ,

402 1406 536 1496 pientia
557 1407 723 1476 restricto
746 1406 791 1475 ed
813 1407 965 1500 aliquem
988 1408 1137 1497 gradum
1159 1409 1220 1478 sed
1235 1414 1290 1477 est
1311 1413 1388 1476 tota
1410 1409 1500 1478 ratio
1513 1428 1558 1476 sa·

402 1511 555 1604 pientiae
577 1507 768 1598 absolutas,
786 1514 920 1606 etquis
938 1513 1112 1604 sapientia
1132 1521 1201 1584 no'u
1224 1521 1279 1585 eat
1301 1515 1395 1585 sicut
1416 1515 1454 1584 iu
1475 1536 1557 1584 crea
1611 1549 1612 1556 κ

402 1619 507 1704 turis,
519 1619 652 1712 aliquid
668 1621 929 1710 superadditum
945 1623 1160 1691 substantioe
1175 1628 1211 1691 st
1225 1622 1409 1708 esseutiae,
1420 1622 1479 1692 esd
1493 1622 1561 1712 ipsa

402 1727 553 1796 essentis
570 1750 612 1795 ex
627 1728 818 1798 intrinsece
831 1728 888 1797 sui
903 1728 1039 1798 ratione
1053 1735 1110 1798 est
1122 1729 1307 1820 snpientia.
1317 1728 1445 1799 Eodem
1457 1729 1561 1818 igitur

403 1833 501 1901 modo
524 1833 657 1902 utimur
679 1834 785 1902 etiam
808 1834 1004 1904 nominibus
1026 1835 1226 1920 abstractis,
1245 1857 1333 1928 quae
1347 1836 1387 1906 iu
1401 1835 1562 1906 creaturis

403 1941 572 2012 actionem
587 1942 828 2012 immanentem
843 1943 1057 2034 significant.
1076 1945 1171 2014 Dens
1194 1951 1249 2014 est
1271 1945 1471 2027 intellectio,
1485 1947 1560 2013 ccli·
1611 2007 1612 2012 ,

405 2055 467 2132 tio,
479 2049 670 2139 efficientia
688 2045 843 2141 (ἐνεργεια)
861 2051 1014 2120 infinita.
1027 2050 1275 2140 significamus
1289 2051 1347 2120 his
1363 2051 1559 2132 nominibus,
1611 2131 1612 2137 ἵ

403 2157 619 2228 intellectum
642 2163 680 2227 et
702 2157 918 2228 voluntatem
940 2163 978 2226 et
999 2159 1294 2250 omnipotentiam,
1312 2159 1406 2229 sicut
1419 2164 1473 2228 est
1493 2159 1561 2249 ipsa

403 2265 566 2350 essentie,
584 2265 639 2334 ita
653 2287 726 2334 esse
742 2287 784 2334 ex
806 2265 999 2336 intrinseca
1020 2266 1208 2336 rationein
1224 2265 1436 2357 perfectione
1457 2272 1557 2350 ectus,
1611 2347 1612 2350 Ἴ

404 2395 472 2442 non
494 2379 611 2441 cutem
633 2395 707 2442 esse
736 2372 852 2442 instar
882 2373 1087 2459 facultatis,
1113 2395 1202 2466 quae
1224 2373 1270 2442 ad
1299 2379 1417 2443 actum
1439 2373 1559 2442 intelli·
1611 2453 1612 2458 ἵ

403 2481 521 2573 geudi,
539 2481 690 2567 volendi,
707 2481 876 2552 efficiendi
899 2483 1157 2573 progredietur.
1176 2483 1322 2566 Quando
1344 2505 1428 2575 ergo
1441 2483 1560 2554 dicitur
1611 2561 1612 2568 ἵ

403 2591 499 2660 Deus
514 2611 588 2658 esse
602 2591 844 2658 substantiolis
859 2593 1103 2681 comprehensio
1118 2613 1203 2661 suae
1218 2593 1400 2678 essentiae,
1420 2592 1483 2661 hoo
1501 2590 1559 2660 sibi

404 2697 499 2782 vult,
516 2697 701 2766 essentiam
725 2697 880 2767 divinam
895 2721 969 2768 asse
993 2698 1210 2770 intellectum
1225 2698 1398 2785 divinum,
1415 2705 1452 2769 et
1469 2697 1558 2768 intel·
1611 2757 1612 2782 ,

404 2803 533 2874 lectum
548 2804 783 2874 essentialiter
797 2827 870 2874 esse
882 2805 920 2874 in
932 2807 1141 2897 perfectione
1154 2813 1269 2893 actus,
1279 2813 1386 2900 atque
1400 2808 1484 2878 edec
1496 2826 1559 2877 esso
1611 2851 1612 2888 3

404 2910 686 2999 intellectiouem3
697 2911 787 2980 uude
799 2911 852 2998 fit,
863 2918 906 2980 ut
919 2911 1059 2982 infinita
1070 2913 1264 2984 intellectio
1275 2914 1398 2986 divine
1405 2915 1559 3006 adaequet

404 3018 577 3087 infinitam
600 3019 785 3088 essentiam
808 3019 987 3106 divinam,
1013 3021 1201 3091 secundum
1224 3041 1327 3112 quam
1350 3021 1556 3115 adaequatis

403 3147 480 3195 nem
503 3125 696 3195 intellectio
719 3125 852 3196 dicitur
876 3129 1134 3216 comprehensio.
1611 3195 1612 3208 ,

471 3232 714 3302 (locellos-ium.
733 3235 773 3304 Si
788 3234 911 3305 divina
926 3235 1118 3305 intellectio
1134 3236 1388 3322 consideratur,
1403 3243 1556 3329 quatenoc
1611 3277 1612 3318 ,

404 3341 539 3410 ratione
562 3341 796 3431 distinguitur
812 3365 833 3410 a
848 3365 912 3412 suo
927 3343 1071 3430 obiecto,
1090 3345 1180 3438 quod
1196 3351 1252 3414 est
1269 3345 1423 3414 essentia
1437 3342 1553 3420 diune,

405 3455 519 3540 potest
531 3450 575 3518 ad
586 3451 784 3542 analogiam
795 3459 934 3523 nostroe
946 3454 1358 3546 cognitionisccmpsrari
1370 3477 1449 3524 cum
1458 3450 1554 3542 cogni·

406 3559 500 3628 tione
522 3557 667 3642 etrccca,·
683 3559 714 3628 si
730 3582 811 3629 vero
826 3559 1018 3630 intellectio
1041 3567 1222 3652 spectatur
1245 3568 1416 3653 qnatenus
1430 3559 1555 3648 ostipao

406 3664 529 3735 divina
550 3667 712 3752 essentia,
732 3674 836 3759 atque
859 3668 912 3736 ita
934 3668 1002 3736 sibi
1025 3669 1094 3759 ipsi
1117 3673 1171 3737 est
1192 3667 1376 3754 obiectum,
1395 3667 1553 3756 analogice

406 3773 441 3842 ai
452 3775 638 3865 respondet
649 3775 802 3865 cognitio
812 3775 953 3862 reflccc,
963 3795 1032 3866 quc
1043 3775 1281 3866 cognoscimus
1291 3775 1407 3866 ipsum
1417 3781 1553 3844 uosuuu

407 3887 524 3952 ectum
547 3882 767 3974 cognitionis.
