3230 5072
521 381 560 398 -
582 349 642 410 447
663 379 701 394 -

36 455 171 540 natione,
189 461 227 524 et
249 455 330 524 dnm
353 475 395 524 ea
418 473 556 526 censam
572 451 757 524 secundam
772 457 984 542 praemonet,
998 469 1198 543 repugnare

36 571 68 628 nt
87 562 169 630 talis
192 570 293 631 actua
316 583 383 630 non
406 563 592 633 eliciatur:
619 561 647 629 ii
674 582 790 629 omnes
820 564 1069 651 consequenter
1091 562 1197 630 etiam

34 671 114 739 circa
135 670 375 740 conditionata
397 671 532 741 nnllam
547 673 693 762 possunt
708 687 894 758 agnoscere
911 668 1052 758 proprie
1067 669 1197 738 dictam

34 777 202 845 scientiam
225 777 371 845 mediam
394 779 488 848 inter
518 779 682 846 visionem
712 777 974 843 enistmatioram
997 783 1034 845 et
1064 777 1198 843 intelli-

33 887 174 974 gentiam
198 889 431 954 essentiarum.
456 887 500 954 In
517 885 609 954 omni
624 885 714 953 enim
730 888 813 952 actu
829 882 990 968 secundo,
1010 884 1071 976 qni
1095 884 1198 954 intel-

33 991 88 1082 ligi
106 993 229 1062 debeat
239 999 418 1086 tamquam
432 994 579 1062 futurus
591 993 655 1061 suh
670 989 878 1075 conditione,
893 991 1048 1060 conditio
1065 1013 1199 1082 semper

33 1106 77 1167 est
97 1104 199 1168 actua
222 1100 357 1190 primus
380 1100 535 1190 proxime
558 1098 742 1189 expeditus
759 1119 836 1166 oum
858 1099 1017 1166 omnibns
1040 1098 1115 1166 suis
1138 1099 1198 1168 ad·

33 1207 164 1276 innotis.
183 1207 258 1274 Iam
275 1229 358 1276 vero
381 1207 418 1275 in
435 1207 558 1275 horum
573 1205 814 1295 theologorum
831 1205 1006 1274 sententia
1020 1206 1064 1274 ad
1081 1212 1197 1275 actum

34 1313 171 1400 primum
196 1314 352 1404 proxime
382 1314 580 1404 expeditum
605 1333 730 1382 causae
758 1311 927 1382 secundae
957 1314 1111 1404 pertinet
1140 1337 1198 1407 ap-

33 1421 130 1508 prime
153 1419 497 1512 praedeterminatio.
523 1420 623 1489 Unde
655 1419 765 1488 omnis
796 1421 928 1489 veritas
960 1421 1197 1492 conditionata

34 1533 123 1594 actus
145 1525 291 1596 secundi
315 1534 501 1597 revocatur
526 1527 569 1596 ad
592 1527 695 1596 hanc:
721 1527 752 1596 ai
768 1527 894 1596 Petrus
910 1529 979 1597 erit
1001 1531 1195 1620 praedeter-

34 1635 175 1702 ninatns
198 1634 244 1702 sd
266 1635 372 1703 talem
395 1639 525 1720 actum,
552 1633 671 1703 eliciet
693 1633 786 1702 huno
816 1643 957 1722 actnm;
987 1636 1103 1706 sinon
1127 1639 1198 1707 erit

34 1738 372 1826 praedeterminatus,
389 1759 457 1806 non
473 1737 602 1808 eliciet.
618 1735 718 1805 Talis
736 1744 850 1807 eutem
867 1739 1034 1828 cognitio,
1045 1741 1197 1809 nondum

35 1847 207 1917 verifioata
228 1846 404 1915 alterutra
426 1847 634 1931 conditione,
653 1853 708 1915 est
722 1849 867 1913 scientia
881 1849 1051 1936 simplicia
1067 1850 1198 1916 intelli-

34 1958 161 2042 gentiae
189 1954 252 2042 (1),
278 1954 435 2043 cognitio
458 1953 595 2023 seilicet
616 1961 765 2024 naturae
787 1975 829 2023 ac
854 1956 1027 2024 essentiae
1057 1979 1194 2045 rerum,

36 2063 208 2133 verificata
232 2062 428 2131 conditione
451 2068 506 2130 est
534 2065 622 2129 cisio
654 2067 756 2131 actus
786 2063 941 2132 secundi.
967 2064 1059 2134 Hinc
1091 2066 1198 2134 etiam
1271 2085 1274 2092 “

35 2170 159 2238 omnino
183 2174 432 2260 consequenter
455 2169 499 2237 ad
523 2168 608 2239 haec
631 2167 804 2259 principia
834 2175 913 2259 post
941 2169 1111 2240 Didacum
1134 2173 1198 2240 Al·

37 2297 126 2345 varen
151 2276 322 2344 docebant
343 2275 461 2360 iidem,
488 2275 689 2344 huiuamodi
719 2277 956 2346 conditionata
985 2280 1147 2369 cognosci
1177 2302 1198 2346 a

35 2382 156 2451 Deoia
179 2403 241 2450 auo
264 2383 416 2467 decreto,
431 2382 522 2473 quod
545 2382 708 2452 dicebant
733 2411 750 2447 a
772 2383 971 2453 absolutum
1003 2387 1196 2457 subiective

36 2513 86 2558 ren
106 2515 150 2560 ex
173 2495 275 2580 parte
297 2497 409 2576 actus,
424 2496 459 2560 et
482 2490 754 2560 conditionatum
780 2515 822 2561 ex
845 2500 946 2582 parte
962 2494 1134 2564 obiectizn
1159 2495 1197 2563 in

36 2599 161 2668 decreto
183 2621 317 2688 nempe,
342 2595 435 2689 quod
458 2603 543 2666 actu
565 2606 620 2666 est
642 2598 679 2666 in
694 2597 778 2684 Deo,
798 2599 857 2667 sed
873 2623 941 2690 qno
956 2621 1025 2690 non
1041 2601 1198 2671 decernit

37 2715 69 2775 nt
89 2708 174 2776 talis
198 2706 291 2775 actio
315 2712 497 2774 creaturae
520 2706 580 2792 sit,
596 2706 656 2774 sed
679 2712 817 2774 tantum
833 2711 875 2774 nt
890 2707 975 2776 talis
992 2707 1084 2777 actio
1100 2723 1196 2791 esser,

37 2813 60 2879 si
80 2813 246 2905 quaedam
269 2811 422 2882 conditio
445 2819 643 2902 poneretur.
659 2811 832 2903 Cognovit
847 2835 876 2881 e.
894 2839 928 2903 g.
952 2815 1046 2883 Deua
1061 2814 1197 2884 habita·

36 2927 117 2989 tores
128 2921 245 2989 Oeilae
260 2917 308 3007 (1.
323 2920 411 3010 Reg.
427 2919 565 2987 XXIII.
581 2919 613 2988 1.
630 2925 699 3012 sq.)
709 2919 905 2988 tradituros
921 2943 996 2990 essa
1011 2921 1193 3008 Davidem,

37 3025 61 3092 si
81 3028 115 3095 in
140 3027 225 3096 urbe
248 3030 413 3111 manerat,
435 3026 520 3118 quia
542 3025 700 3095 decrevit
730 3049 792 3116 pro
824 3027 891 3095 tali
923 3027 1110 3118 hypothesi
1140 3051 1198 3098 eoa

37 3133 185 3204 adhunc
207 3142 338 3220 actum,
357 3141 530 3226 quatenus
553 3140 608 3202 eat
629 3133 767 3226 aliquid
783 3134 980 3224 physicum,
1002 3137 1197 3227 praedeter-

40 3241 169 3311 ninara.
184 3241 348 3331 cognitio
371 3241 477 3310 huius
500 3241 632 3311 decreti
654 3247 709 3310 est
732 3241 880 3310 scientia
899 3245 1055 3326 cisionis,
1081 3244 1198 3333 cogni·

39 3349 80 3415 tio
100 3350 185 3418 talis
208 3355 330 3433 actus,
357 3348 419 3440 qni
446 3349 538 3416 foret
560 3350 625 3416 sub
647 3369 689 3417 ea
719 3348 937 3433 conditione,
966 3355 1022 3418 est
1044 3350 1198 3440 cognitio

39 3457 195 3544 simplicia
218 3454 492 3545 intelligentiae,-
515 3453 608 3522 nihil
632 3454 723 3521 onim
746 3462 801 3522 eat
824 3454 922 3523 aliud
953 3475 1056 3546 quam
1080 3457 1197 3546 cogni-

40 3561 82 3629 tio
97 3561 266 3632 easantiae
288 3568 325 3630 et
347 3567 495 3630 naturae
518 3561 604 3630 talis
627 3567 727 3630 aetna
749 3561 854 3652 primi
870 3563 1020 3652 proximi
1043 3562 1198 3632 Ceileno·

41 3692 105 3739 run
126 3691 314 3760 numquam
338 3669 465 3754 futuri,
484 3689 527 3738 ex
543 3691 611 3762 quo
627 3671 665 3738 in
680 3693 778 3737 senaa
794 3673 973 3759 composito
991 3694 1068 3740 cum
1092 3671 1200 3740 omni-

95 3889 134 3965 (1)
150 3893 254 3944 Posset
273 3888 343 3942 haec
359 3887 447 3941 etiarn
470 3885 597 3952 cognltlo
617 3885 648 3938 in
673 3884 786 3940 decreto
809 3886 1006 3940 conditionem
1027 3886 1085 3940 dini
1107 3888 1199 3940 medic

43 3981 272 4036 intercedentium
290 3979 426 4046 simplicia
447 3977 659 4044 intelligentius
678 3981 709 4030 et
727 3977 861 4042 visionis,
881 3979 908 4032 si
928 3977 1041 4030 nonina
1057 3978 1198 4045 simplioIs

44 4069 243 4139 luteIIIgantiaa
263 4067 485 4136 comprehendar
505 4069 619 4120 tantum
646 4067 797 4120 scientiam
822 4082 898 4121 mere
924 4067 1116 4134 poaelbilium.
1139 4067 1199 4121 Hac

45 4161 258 4216 consideratione
280 4161 365 4215 aera.
384 4157 506 4212 Bastida
523 4159 643 4212 ratoraIt
662 4157 849 4212 ohlaotlonanr
870 4155 983 4212 ductam
1002 4173 1037 4210 ax
1057 4173 1098 4224 ao,
1124 4157 1198 4225 quod

47 4247 168 4304 udaiaus
195 4249 308 4304 causari
335 4247 437 4302 debeat
462 4247 572 4302 divisio
592 4262 679 4314 penas
701 4250 814 4300 vetares
834 4247 971 4300 solemnis
991 4247 1023 4300 In
1048 4247 1198 4301 scientiam

46 4337 161 4403 simplicia
180 4339 394 4407 intelligentias
414 4343 445 4392 at
464 4338 584 4390 vidonis
602 4335 686 4409 (Lis.
702 4337 735 4391 da
749 4338 847 4403 Ileyar
864 4337 943 4390 Eiet.
964 4336 998 4392 ds
1017 4338 1108 4392 auxil.
1128 4339 1150 4390 1.
1162 4339 1195 4392 V.

47 4429 112 4482 ull.
125 4425 251 4502 p.511.).
271 4427 327 4484 Sed
346 4427 512 4482 denomino
535 4442 591 4481 non
613 4430 668 4494 ast,
693 4425 768 4494 qnod
787 4426 876 4480 aimus
898 4441 974 4480 nnnc
993 4426 1126 4482 solliciti.
