3262 5076
562 437 600 450 -
623 409 681 469 469
702 441 739 454 -

74 511 224 577 claritudo
249 515 412 580 universi.
431 512 530 580 Unde
554 515 655 580 aiunt
683 513 751 596 illi,
770 515 967 596 terminum,
986 525 1068 602 prae
1092 537 1158 606 quo
1174 514 1239 582 Dei

74 618 232 687 voluntas
255 619 415 688 salvifica
437 621 570 688 dicitur
594 620 790 688 antecedens
808 621 864 688 vel
882 646 1094 712 consequens,
1112 643 1239 714 nequa·

72 745 166 816 quam
190 747 264 794 esse
280 726 475 815 praevisam
503 729 726 795 sanctitatem
743 727 799 794 vel
817 727 1237 816 pravitatemcreaturae,

72 841 109 899 ut
130 855 195 900 nos
217 833 426 903 asserimus:
452 835 511 904 sed
535 835 751 902 voluntatem
778 832 1023 901 antecedentem
1053 857 1145 918 esse,
1171 858 1240 928 qua

70 941 159 1009 Deus
184 941 265 1010 vult
288 941 436 1010 salutem
463 943 615 1010 omnium
645 949 837 1030 spectatam
861 965 922 1031 per
946 965 1000 1026 se,
1027 943 1240 1032 praecisione

71 1050 162 1117 facta
185 1051 229 1116 ab
253 1072 291 1117 eo
314 1050 492 1134 adiuncto,
511 1051 600 1141 quod
617 1049 702 1117 haec
719 1050 869 1116 omnium
886 1049 1039 1118 salvatio
1057 1051 1242 1139 impediret

73 1186 86 1219 o
103 1157 216 1224 mains
242 1158 364 1225 bonnm
380 1158 580 1225 universale
596 1165 632 1224 et
648 1157 948 1245 pulchritudinem
957 1157 1127 1241 universi;
1145 1185 1160 1218 n
1181 1179 1238 1224 vo·

69 1264 238 1332 luntatem
255 1279 504 1356 consequentem
516 1287 601 1347 csse,
617 1286 686 1355 qua
702 1265 794 1332 Deus
808 1265 1025 1333 considerato
1041 1265 1104 1333 illo
1120 1265 1239 1334 adiun-

69 1378 120 1438 cto
144 1371 226 1438 boni
255 1371 396 1438 maioris
429 1371 509 1439 vult
538 1355 686 1438 salntem
720 1371 1056 1460 praedestinatorum
1088 1377 1237 1453 tantum,

67 1477 213 1547 salntem
237 1478 387 1546 aliorum
410 1501 478 1546 non
503 1477 594 1547 vult.

128 1585 260 1654 Utrum
274 1586 427 1654 fideliter
440 1586 664 1653 retulerimus
678 1587 882 1675 opinionem,
899 1609 999 1676 quarn
1014 1586 1238 1654 refellendam
1307 1677 1309 1680 Ι

68 1694 287 1783 suscipimus,
306 1694 484 1762 iudicetur
500 1716 540 1762 ex
558 1695 709 1783 propriis
726 1695 843 1761 verbis
859 1717 977 1762 eorum
995 1695 1237 1783 interpretum,

67 1821 150 1890 quae
166 1802 221 1867 ita
238 1799 378 1866 habent.
397 1829 413 1862 u
427 1799 472 1866 1⁰.
491 1800 632 1867 Dicitur
653 1801 817 1867 voluntas
834 1801 1051 1882 antecedens,
1073 1825 1139 1867 non
1158 1801 1240 1890 quia

67 1907 249 1976 antecedat
275 1908 396 1974 bonum
422 1907 477 1974 vel
503 1908 629 1974 malum
648 1931 746 1975 usum
771 1907 884 1974 nostri
908 1908 1061 1990 arbitria
1081 1909 1140 1976 sed
1157 1910 1239 1998 qnia

67 2015 242 2084 antecedit
266 2013 493 2098 voluntatem,
520 2037 588 2105 que
615 2016 708 2083 Deus
732 2017 848 2084 fertur
872 2015 909 2080 in
933 2016 1105 2084 obiectum
1129 2017 1238 2084 correi·

67 2125 223 2192 deratum
248 2145 326 2190 cum
349 2122 467 2212 aliquo
495 2123 673 2206 adiuncto,
700 2145 788 2214 quae
816 2131 870 2190 est
897 2146 1106 2214 consequens
1131 2123 1238 2191 consi·

67 2231 199 2299 duratio
223 2231 312 2298 eius.
332 2231 412 2297 122⁰.
436 2230 509 2297 «Si
533 2231 772 2300 consideretur
794 2231 891 2298 salus
908 2231 1131 2320 reproborum
1148 2231 1189 2316 (i.
1208 2253 1237 2298 e.

68 2361 129 2404 non
145 2337 499 2427 praedestinatorum,
518 2337 599 2405 dum
616 2337 730 2405 adhuc
747 2339 919 2406 fruuntur
934 2338 998 2406 hac
1014 2339 1238 2426 vitassemu-

67 2443 143 2511 dnm
168 2467 206 2512 se
230 2451 266 2510 et
288 2444 463 2526 absolute,
483 2445 533 2511 sie
556 2451 610 2512 est
626 2468 647 2510 a
669 2445 740 2513 Deo
759 2445 880 2530 volita;
899 2445 929 2512 si
947 2456 1062 2512 autem
1087 2446 1240 2514 conside·

67 2559 173 2637 retur,
193 2557 237 2620 ut
253 2551 359 2619 habet
370 2552 496 2638 (salus)
509 2552 708 2620 adiunctam
726 2553 956 2641 privationem
974 2561 1038 2621 aut
1051 2553 1240 2621 carentiam

67 2660 205 2728 maioris
222 2661 315 2743 boni,
334 2659 498 2728 videlieet
515 2661 595 2726 doni
610 2661 816 2726 aniversalis
830 2659 1070 2748 providentiae
1086 2659 1238 2741 divinae,

65 2767 337 2856 pulchritudinis
359 2771 524 2849 uniuersi,
553 2771 853 2856 manifestationis
869 2771 1028 2834 iustitiae
1044 2767 1185 2836 diuinae
1200 2773 1238 2834 in

66 2877 229 2967 reprobis,
256 2891 287 2942 et
311 2880 453 2943 maioris
475 2869 666 2964 splendoris
689 2875 945 2942 misericordiae
968 2881 1038 2941 eins
1056 2881 1094 2941 in
1111 2877 1237 2958 electis,

67 2982 112 3049 sic
135 3005 205 3050 non
229 2987 284 3051 est
300 2983 448 3052 volitaa
472 2983 556 3050 Deo.
573 2982 622 3049 Et
645 2983 832 3050 secundum
849 2983 913 3050 hoe
929 2983 1128 3066 asserimus,
1148 2983 1238 3074 quod

68 3090 247 3158 voluntate
264 3096 491 3181 consequente
514 3090 609 3157 Deus
622 3113 689 3157 non
706 3089 794 3159 velit
808 3113 922 3158 omnes
939 3089 1055 3157 salvos
1071 3091 1159 3174 fieri,
1179 3093 1238 3159 sed

68 3196 154 3264 solos
184 3199 514 3287 praedestinatos.»
541 3197 596 3264 3¹⁰.
621 3199 730 3266 «Non
762 3203 816 3264 est
840 3219 994 3280 necesse,
1022 3197 1113 3287 quod
1144 3199 1238 3283 Deus

69 3303 246 3373 voluntate
270 3305 492 3373 antecedente
517 3305 606 3372 velit
629 3305 825 3394 oppositum
848 3305 936 3385 eius,
963 3304 1052 3392 quod
1078 3303 1156 3370 vult
1180 3326 1237 3372 vo-

69 3410 201 3481 luntate
214 3421 444 3502 consequente
458 3440 474 3474 n
494 3413 557 3498 (l).
571 3413 616 3480 4⁰.
638 3443 654 3476 n
666 3412 839 3479 Voluntas
855 3411 1060 3478 antecedens
1073 3411 1239 3500 importat

70 3519 262 3589 formaliter
285 3521 322 3587 in
348 3521 421 3588 Deo
443 3528 560 3590 actum
584 3520 872 3601 conditionatum,
891 3542 956 3608 quo
973 3518 1074 3584 aetlct
1090 3519 1239 3586 salutem
1299 3559 1301 3564 .

71 3629 233 3711 omnium,
259 3627 329 3696 nisi
352 3649 393 3695 ex
417 3627 481 3696 hoc
505 3629 733 3718 impediretur
764 3625 990 3714 pulchritudo
1021 3626 1179 3694 universi
1202 3631 1239 3694 et

130 3861 172 3934 (1)
190 3865 271 3929 Quod
281 3863 389 3918 dicitur
399 3865 451 3919 hoc
462 3867 497 3918 3¹·
507 3881 621 3920 numero
635 3871 680 3919 est
699 3867 881 3919 verissimum
892 3871 921 3918 ct
934 3883 951 3918 e
961 3865 1043 3919 uobis
1060 3863 1234 3932 conceditur,

74 3951 179 4016 quaudo
196 3953 345 4020 terminus,
368 3969 436 4020 prae
459 3969 513 4020 qno
530 3957 664 4007 voluutas
686 3955 792 4006 salutis
812 3955 920 4006 dicitur
940 3953 1102 4004 antecedens
1121 3955 1151 4003 et
1172 3968 1236 4005 eon·
1323 4020 1324 4023 Ἰ

73 4053 188 4104 canens,
204 4045 250 4093 est
266 4041 422 4106 sanctitum
440 4045 497 4094 turn
520 4043 595 4094 enim
615 4043 700 4107 Deus,
724 4044 799 4096 sicut
819 4045 884 4094 vult
900 4043 1021 4094 salutern
1043 4041 1169 4094 hominis
1187 4056 1234 4093 ro·
1281 4084 1286 4092 .

75 4127 180 4182 lentate
193 4129 378 4183 antecedente
395 4131 600 4196 conditionata,
614 4131 658 4182 ita
669 4131 839 4196 praevidens
852 4129 1043 4182 conditionem
1061 4129 1235 4182 verificatam

76 4219 135 4268 vult
154 4222 275 4272 salntem
293 4223 443 4273 voluntate
465 4222 655 4286 consequente
676 4223 705 4270 ct
729 4220 786 4271 iam
804 4220 946 4272 absoluta.
969 4217 1007 4272 st
1030 4221 1055 4271 si
1078 4222 1233 4284 terminus,

77 4320 137 4370 pree
157 4325 211 4376 quo
229 4311 263 4362 flt
284 4309 443 4374 distinctio,
461 4313 494 4362 ut
517 4311 548 4362 iu
570 4309 700 4362 omnibus
723 4309 862 4376 reprobis,
885 4313 931 4360 est
952 4307 1048 4361 dualis
1068 4314 1162 4362 status
1176 4324 1235 4376 pec-

77 4399 137 4462 eati,
156 4399 291 4452 voluntas
310 4415 485 4466 consequens
498 4399 592 4452 iustae
605 4398 799 4451 damnationis
817 4399 882 4450 vult
900 4415 969 4451 sane
987 4400 1148 4466 oppositum
1162 4400 1233 4463 eius,

79 4485 228 4548 quodvult
248 4489 385 4544 voluntas
406 4487 588 4544 antecedens.
