3240 5064
34 468 147 562 aliquo
171 469 289 539 miuus
313 468 450 555 stricto,
473 469 574 539 cuius
596 475 714 540 tamen
736 470 773 538 in
797 470 872 541 illis
895 471 1113 543 documentis
1138 470 1206 540 sal-

34 583 97 646 tem
120 577 265 647 nullum
279 583 335 647 est
350 576 531 666 indicium
550 579 654 648 immo
669 586 754 649 suut
768 585 976 670 argumenta
991 579 1079 649 satis
1095 579 1203 663 clara,

31 693 69 754 ut
89 709 173 756 mox
196 686 401 771 ostendam,
428 707 517 778 qnae
539 686 634 755 hunc
656 686 770 777 ipsum
794 711 933 757 sensum
956 688 1105 756 maxime
1128 711 1205 778 pro·

33 794 146 884 prium
170 815 193 862 s
215 794 284 863 PP.
304 793 522 864 intellectum
544 816 618 863 esse
631 793 882 866 demonstrant.
901 799 931 882 e)
948 797 1206 886 incomprehen-

32 902 189 970 sibilitas
210 924 274 972 seu
296 902 510 972 attributum
531 901 739 972 eminentiae
762 926 869 994 supra
903 927 1035 974 omnem
1069 903 1225 974 intelle-¹

33 1015 124 1078 etum
149 1017 309 1080 ereetum
331 1008 558 1100 praedicatur
573 1009 618 1078 ad
633 1009 924 1080 manifestandam
940 1011 1115 1080 infinitam
1130 1033 1206 1102 per-

34 1119 219 1188 fectionem
254 1119 398 1188 divinae
431 1119 615 1188 essentiae.
639 1118 754 1212 Atqui
775 1119 948 1189 ,infinitas
981 1117 1207 1211 perfectionis

34 1231 208 1318 quatenus
222 1226 267 1296 ad
283 1224 502 1295 intellectum
517 1225 685 1311 refertur,
705 1226 868 1296 consistit
883 1226 921 1294 in
937 1226 1016 1316 ipsa
1030 1227 1207 1298 infinitate

34 1331 363 1421 cognoscibilitatis,
371 1337 408 1401 et
419 1330 509 1424 quod
522 1331 666 1423 proinde
677 1333 771 1402 Deus
784 1333 972 1403 secundum
984 1339 1094 1402 totam
1107 1355 1206 1404 auem

34 1439 203 1510 rationem
218 1438 533 1530 cognoscibilitatis
549 1438 707 1530 intelligi
729 1463 798 1508 nou
814 1445 928 1530 potest
949 1440 1020 1508 nisi
1043 1441 1086 1508 ab
1103 1440 1207 1510 iutel-

36 1545 128 1615 leetn
151 1546 306 1616 infinito.
328 1545 425 1636 Ergo
448 1546 610 1615 absolute
635 1547 1035 1638 incomprehensibilitas
1053 1548 1120 1618 Dei
1143 1548 1208 1618 hoc

35 1675 136 1724 sensu
159 1654 198 1722 iu
221 1653 439 1725 revelatione
453 1655 631 1745 proposita
648 1655 782 1724 censeri
799 1656 912 1740 debet,
933 1655 1024 1748 quod
1040 1655 1207 1724 nimirum

37 1760 129 1829 Deus
145 1761 285 1832 induite
308 1761 555 1852 cognoscibilis
570 1783 593 1829 a
607 1761 705 1830 nullo
729 1761 914 1831 intellectu
929 1763 1029 1832 finito
1045 1763 1206 1853 cognosci

39 1875 161 1958 potest,
188 1875 361 1962 quantum
383 1875 438 1938 est
460 1869 719 1960 cognoscibilis.
743 1871 894 1941 Proinde
916 1872 1023 1940 etiam
1046 1895 1089 1941 ex
1105 1894 1209 1962 oppo-

39 1978 103 2044 sito
127 1975 386 2068 comprehensio
407 1973 474 2046 Dei
495 1999 564 2046 non
586 1983 641 2047 est
663 1975 772 2066 aliud,
790 2001 894 2070 quam
916 1979 1112 2072 adaequata
1141 1979 1208 2050 Dei

42 2085 191 2174 cognitio
221 2085 411 2154 secuudum
445 2089 556 2154 totam
583 2085 758 2154 infinitam
794 2087 964 2156 rationem
994 2087 1207 2178 cognoscibi-

42 2189 165 2262 litatis.

103 2301 149 2370 2⁹.
168 2299 244 2369 Hoc
258 2299 358 2369 modo
372 2299 410 2368 S.
421 2299 572 2370 Thomas
585 2301 743 2371 declarat
758 2301 1209 2393 incomprehensibilitatem

44 2407 102 2478 Dei
124 2408 286 2478 omuibus
313 2407 420 2493 locis,
446 2408 574 2500 quibus
608 2409 651 2478 de
684 2431 725 2479 ea
759 2409 995 2500 quaestionem
1031 2409 1204 2480 instituit.

48 2515 180 2584 cOmne
203 2513 296 2607 quod
319 2514 623 2604 comprehenditur
637 2517 680 2585 ab
697 2515 814 2610 aliquo
831 2524 1068 2607 cognoscente,
1088 2543 1209 2610 cogno·

46 2626 148 2688 scitur
168 2623 212 2689 ob
228 2646 265 2690 eo
282 2624 336 2689 ito
346 2621 513 2712 perfecte,
525 2625 615 2690 sicot
635 2625 860 2712 cognoscibile
874 2640 980 2695 est...
1000 2624 1210 2696 Substantia

46 2737 154 2800 sutem
176 2731 301 2813 divina
324 2730 494 2822 quoddam
510 2731 690 2801 infinitam
706 2739 760 2804 est
775 2755 835 2824 par
855 2733 1144 2824 comparationem
1165 2735 1210 2804 ad

47 2861 169 2908 omnem
183 2839 403 2909 intellectum
419 2844 590 2926 creatum,
604 2863 709 2932 quum
726 2839 835 2908 omnis
850 2840 1051 2910 intellectus
1068 2847 1209 2912 creatus

48 2949 106 3016 sub
128 2955 224 3018 certa
246 2949 360 3038 specie
381 2949 593 3018 terminetur
608 2949 750 3037 (hebeat
773 2949 1039 3018 determinatum
1070 2955 1108 3020 et
1130 2948 1209 3019 fini-

50 3057 118 3121 tum
127 3055 276 3144 gradum
289 3055 516 3146 perfectionis
527 3056 565 3124 in
573 3055 833 3145 cognoscendo).
844 3055 1063 3147 Impossibile
1079 3061 1132 3126 est
1143 3057 1210 3147 igi·

48 3165 120 3246 tur,
138 3161 229 3254 quod
253 3162 346 3231 visio
368 3162 521 3232 alicuius
543 3163 746 3233 intellectus
768 3163 879 3233 creati
905 3161 1073 3255 adaequet
1095 3164 1132 3232 in
1156 3166 1207 3233 oi·

51 3265 147 3336 dendo
170 3269 329 3338 divinum
358 3272 607 3355 substantiam,
635 3273 766 3340 scilicet
797 3276 850 3338 ita
873 3272 1030 3365 perfecte
1061 3297 1134 3340 sum
1159 3274 1209 3342 oi·

51 3373 147 3442 dendo
173 3380 265 3445 sicot
291 3363 444 3446 {risibilis
470 3394 530 3448 ese.
556 3379 687 3450 Nullus
710 3380 825 3470 igitur
846 3378 1049 3449 intellectus
1072 3388 1211 3450 oreatus

50 3481 149 3573 ipsam
164 3485 451 3576 comprehendere
478 3486 639 3576 poterit»
659 3487 696 3556 S.
708 3487 775 3556 Th.
794 3494 904 3556 contr.
918 3487 1093 3577 geutlII.
1109 3511 1139 3556 c.
1151 3489 1207 3558 55.
1302 3568 1307 3580 1

52 3611 81 3658 n.
93 3591 123 3660 1.
133 3592 165 3660 2.
179 3593 275 3663 «Hie
287 3599 341 3662 est
351 3594 627 3684 perfectissimus
642 3595 764 3665 modus
776 3595 932 3664 divinam
945 3595 1210 3664 similitudinem

52 3702 282 3795 consequendi,
300 3709 341 3771 ut
364 3703 501 3773 scilieet
524 3704 639 3795 ipsum
662 3725 908 3793 cognoscamus
931 3726 971 3772 eo
994 3703 1114 3788 modo,
1140 3725 1210 3796 quo

53 3829 82 3874 se
102 3808 172 3899 ipse
195 3811 393 3900 cognoscit,
410 3812 546 3882 scilieet
579 3835 642 3902 per
672 3813 859 3882 essentiam
888 3833 1004 3898 suam;
1023 3811 1108 3880 licet
1140 3833 1209 3882 nou

53 3915 372 4006 comprehendamus
394 3920 523 4010 ipsam,
542 3921 636 3990 sicut
668 3920 743 4010 ipse
774 3943 810 3989 se
834 3916 1116 4010 comprehendit,
1142 3941 1212 3987 non

55 4023 134 4113 quod
156 4023 310 4116 aliquam
332 4034 466 4116 partem
489 4029 566 4098 eius
589 4029 801 4118 ignoremus,
820 4051 896 4096 cum
913 4030 1046 4117 partem
1062 4049 1130 4094 uon
1148 4024 1209 4094 ha·

56 4127 131 4216 heae
156 4129 216 4199 sed
238 4133 324 4224 poio
347 4156 414 4199 non
437 4137 492 4200 ito
521 4135 678 4224 perfecte
705 4138 816 4224 ipsum
843 4155 1072 4224 cognoscemus
1086 4180 1095 4214 ,
1121 4134 1212 4200 sicut

58 4237 279 4323 capnoscitr'lis
303 4253 378 4323 αις
403 4265 481 4312 oum
516 4242 633 4314 virtus
667 4243 869 4313 intellectus
899 4241 1015 4310 nostri
1038 4241 1075 4310 in
1106 4239 1211 4310 intel·

58 4339 182 4430 ligando
212 4367 281 4414 non
315 4348 427 4438 possit
459 4351 649 4444 adaequari
684 4350 831 4420 veritati
866 4348 990 4440 ipsius,
1024 4347 1212 4418 secundum

62 4469 147 4540 quom
168 4455 414 4546 cognoscibilis
435 4464 507 4548 est,
533 4481 612 4529 cum
645 4457 722 4528 eius
752 4458 897 4530 claritas
920 4478 981 4526 sau
1004 4456 1139 4528 veritas
1162 4455 1212 4525 ait
