3360 5060
891 372 928 384 -
951 341 1010 400 702
1031 371 1069 386 .-

398 453 479 516 Post
500 445 708 536 descriptam
732 467 807 536 oap.
820 445 902 514 VII.
920 453 957 515 et
973 443 1073 514 VIII.
1092 445 1335 515 infirmitatem
1359 447 1486 530 earnis,
1507 469 1553 514 ae·

396 577 665 646 rumnarumqne
688 554 891 644 praesertim
915 553 1130 622 internarum
1155 553 1411 643 perpessionem
1434 577 1475 620 ex
1497 576 1556 620 nna

397 669 496 752 parte
518 669 554 730 et
577 662 746 730 virtutem
770 661 944 751 Spiritus,
971 683 1038 752 quo
1061 685 1182 730 sumus
1205 660 1272 728 lilii
1295 661 1373 744 Dei,
1400 683 1443 728 ex
1469 669 1557 750 parte

397 767 521 850 altera,
548 767 680 837 Paulus
703 767 946 859 prosequitur:
968 767 1135 836 «Scimus
1151 774 1281 852 autem,
1301 769 1466 858 quoniam
1487 768 1557 836 dili-

396 876 560 966 gentibus
583 877 692 944 Deum
716 877 831 944 omnia
854 881 1082 965 cooperantur
1098 875 1136 942 in
1154 877 1278 944 bonum
1294 875 1353 958 iis,
1371 876 1436 968 qni
1451 897 1558 944 seonn

395 985 476 1052 dum
501 983 716 1074 propositum
742 982 858 1052 vocati
881 989 966 1050 sunt
988 984 1114 1054 saneti.
1140 983 1228 1052 Nam
1253 1007 1339 1075 quos
1361 983 1557 1074 praescivit,

395 1097 431 1160 et
453 1089 731 1182 praedestinavit
754 1091 945 1160 conformes
971 1091 1048 1160 lieri
1071 1091 1235 1180 imaginis
1260 1090 1326 1158 lilii
1351 1091 1430 1176 sni,
1456 1091 1559 1158 nteit

394 1197 468 1287 ipse
493 1196 747 1287 primogenitus
770 1195 807 1264 in
832 1196 953 1264 multis
976 1197 1162 1266 fratribus.
1182 1196 1278 1280 Quos
1293 1205 1412 1266 entem
1428 1197 1559 1286 praede

394 1305 556 1389 stinavit,
571 1304 633 1372 hos
648 1315 686 1373 et
701 1305 862 1392 vooavit;
881 1310 918 1372 et
934 1327 1020 1396 quos
1037 1305 1191 1390 vocavit,
1209 1303 1324 1373 hosat
1340 1305 1557 1388 iustifioevit

395 1435 480 1506 quos
502 1417 618 1480 autem
642 1411 868 1496 iustiliaavit,
894 1412 976 1482 illos
998 1418 1035 1480 et
1058 1411 1306 1502 glorifieavite
1326 1411 1498 1480 v.28-30.

461 1521 502 1588 ln
527 1521 649 1610 primis
664 1521 918 1604 animadverto,
936 1544 984 1590 es.
1000 1521 1124 1590 Patres
1141 1543 1183 1589 ex
1200 1519 1266 1588 hoo
1281 1519 1357 1609 ipso
1371 1519 1450 1588 loeo
1466 1519 1560 1587 valde

395 1632 594 1722 frequenter
611 1627 743 1710 dooere,
759 1629 1110 1719 praedestinationem
1121 1631 1167 1698 ad
1180 1629 1290 1698 vitam
1303 1635 1484 1696 aeternam
1495 1649 1562 1696 eme

393 1759 435 1806 er
444 1735 898 1826 praeseientiameritorum.
911 1736 999 1806 Vide
1007 1737 1241 1822 Ambrosium,
1251 1735 1560 1816 Anbmmesnum,

394 1841 647 1912 Theodoretnm
671 1843 798 1910 eitatos
814 1843 851 1910 in
867 1843 959 1914 thesi
973 1845 1070 1912 LIX.
1085 1867 1120 1914 n.
1136 1844 1185 1911 Π.
1211 1845 1319 1912 Porro
1342 1843 1516 1932 Origenes
1529 1843 1561 1909 in

392 1950 491 2020 Rom.
510 1950 622 2018 LVII.
633 1951 700 2020 n.8
730 1951 1002 2042 chrysostomus
1024 1951 1116 2022 hom.
1130 1951 1210 2020 XV.
1227 1976 1263 2020 n.
1278 1953 1309 2034 1,
1326 1951 1491 2020 Isidorus
1506 1951 1561 2018 Pe

392 2058 523 2127 lusiota
538 2057 563 2126 l.
580 2058 643 2126 IV.
655 2082 709 2150 ep.
720 2059 775 2128 51.
790 2059 834 2128 ad
848 2059 1033 2146 Thoonem,
1052 2060 1304 2144 Theodoretus,
1319 2057 1558 2140 Oeoumenius,

393 2165 680 2255 Theopbylaotus
704 2167 742 2234 in
765 2166 801 2234 b.
817 2167 840 2236 l.
855 2172 1067 2256 propositam
1091 2169 1370 2258 interpretantur
1392 2190 1465 2234 non
1487 2165 1558 2246 Dei,

392 2272 453 2344 sed
474 2273 689 2364 propositum
718 2281 755 2342 et
778 2273 995 2344 voluntatem
1025 2275 1188 2344 hominis.
1214 2274 1312 2356 Quae
1335 2273 1447 2342 buius
1470 2273 1559 2341 vooie

391 2381 579 2471 explieatio
601 2381 688 2450 lieet
711 2403 794 2450 vera
817 2405 884 2450 non
915 2383 983 2466 sit,
1016 2383 1172 2452 ostendit
1200 2389 1317 2450 tamen
1347 2381 1557 2462 durissime,

392 2489 558 2580 quomodo
572 2488 610 2556 hi
626 2487 749 2557 Patres
761 2489 1002 2560 intellexerint
1017 2490 1173 2559 ordinem
1189 2489 1281 2558 inter
1294 2489 1559 2578 praescientiam

391 2601 428 2665 et
438 2596 787 2686 praedestinationem
799 2598 1004 2666 nominatim
1015 2598 1054 2666 in
1065 2597 1123 2666 his
1135 2597 1251 2668 verbis
1263 2595 1442 2686 Apostoli:
1459 2617 1559 2686 epam

391 2705 575 2792 maceriei!
599 2717 631 2770 et
649 2703 937 2792 praedestinavit.
960 2733 976 2767 n
997 2705 1098 2774 Unde
1120 2705 1174 2774 ait
1194 2703 1445 2786 Oeoumeuius,
1472 2703 1558 2772 siout

392 2814 428 2880 in
453 2809 650 2894 voeatione,
676 2811 928 2880 instifioetione
959 2819 996 2882 et
1023 2811 1279 2902 glorifioetione
1302 2811 1555 2900 pergratiam,

390 2921 442 2988 ita
465 2920 502 2988 in
526 2917 841 3010 praedestinatione
865 2919 994 3010 ubique
1023 2917 1245 3007 subintelligi
1272 2923 1433 3006 oportere
1456 2917 1556 2986 etiam

389 3029 588 3118 praevisum
610 3028 758 3097 liberum
784 3027 997 3117 propositum
1021 3025 1182 3096 hominis.
1204 3025 1331 3109 «Quos
1352 3024 1555 3115 praescivit,

389 3135 452 3206 hos
474 3136 579 3205 etiam
605 3134 894 3224 praedestinavit,
913 3135 974 3224 qui
991 3133 1180 3204 seeundum
1194 3133 1408 3222 propositum
1433 3139 1554 3199 sunt...

390 3251 430 3312 ut
445 3243 537 3312 nihil
552 3243 696 3312 absurdi
712 3251 884 3324 ooourrat,
900 3243 932 3310 si
946 3241 1042 3310 Deus
1057 3239 1263 3332 quibusdam
1279 3240 1466 3322 baneam,
1484 3239 1555 3330 qni·

389 3352 531 3422 busdam
556 3375 638 3420 vero
661 3373 740 3420 uon.
768 3350 884 3434 Quum
907 3357 1023 3418 autem
1046 3349 1258 3418 subauditur
1280 3345 1460 3414 meandum
1479 3371 1554 3436 pro·

387 3461 548 3547 positam,
574 3459 747 3528 statuitur
771 3458 912 3528 illorum
936 3457 1052 3528 virtus
1076 3458 1155 3544 (sub
1177 3457 1297 3546 gratia
1319 3455 1476 3547 ntique),
1499 3454 1554 3544 qui

388 3563 575 3634 seeundum
600 3564 778 3654 proprium
802 3565 1017 3655 propositum
1042 3563 1171 3650 (libere
1195 3561 1255 3630 sed
1278 3560 1394 3630 adiuti
1416 3560 1554 3650 gratis)

388 3671 631 3754 erediderunt,
657 3677 693 3739 et
715 3694 736 3738 a
761 3693 984 3762 personarum
1008 3670 1207 3760 eooeptions
1229 3669 1325 3737 Deus
1351 3669 1550 3736 liberatur·

388 3781 569 3852 Oeeumsn.
589 3781 626 3848 in
643 3779 678 3846 b.
690 3780 715 3848 l.
731 3779 817 3850 121.
833 3803 866 3870 p.
882 3779 960 3850 314.
976 3779 1122 3848 Gemina
1139 3777 1245 3846 babet
1256 3776 1548 3866 Theophylaotue.

391 3887 577 3958 eVooatns
600 3895 657 3956 est
679 3887 778 3956 homo
802 3887 988 3958 seeundum
1012 3885 1244 3978 propositum,
1271 3885 1307 3954 h.
1321 3907 1352 3952 e.
1370 3884 1550 3954 seeundum

386 3997 563 4086 propriam
586 3995 822 4064 voluntatem:
848 4019 914 4064 non
939 3995 1031 4064 enim
1061 3993 1192 4062 suffieit
1215 3993 1352 4060 voeatio
1374 3997 1485 4083 (qnae
1506 3989 1551 4056 sit

386 4125 429 4173 ex
452 4103 633 4173 voluntate
655 4103 722 4172 Dei
745 4103 1001 4189 auteoedeute);
1027 4123 1127 4170 seous
1149 4123 1266 4168 omnes
1280 4103 1397 4168 essent
1411 4095 1546 4174 mirati,

385 4232 501 4280 omnes
523 4211 614 4278 enim
638 4217 722 4278 sunt
745 4211 880 4280 voeati:
907 4210 967 4280 sed
991 4231 1078 4299 opus
1101 4214 1155 4276 est
1177 4207 1283 4276 edam
1306 4205 1417 4274 libere
1433 4205 1547 4274 voluu-

384 4321 500 4385 tate...
518 4317 620 4386 Prior
642 4324 696 4386 est
719 4319 962 4406 praescientia,
981 4315 1105 4387 deinde
1121 4313 1426 4406 praedestinatio»
1444 4311 1544 4382 'ibeo

385 4422 544 4513 phyleot.
564 4424 602 4492 in
625 4423 660 4492 h.
675 4423 702 4492 l.
722 4423 763 4492 Τ.
778 4425 827 4494 Π.
848 4450 883 4516 p.
899 4425 954 4494 63.
972 4425 1050 4494 Non
1067 4423 1182 4491 minus
1198 4420 1328 4490 diserte
1345 4419 1455 4490 losum
1470 4441 1545 4488 euu-
