3230 5072
474 407 475 410 =
546 403 584 416 -
607 372 667 432 419
688 403 726 416 -

43 479 184 548 eandem
207 499 283 548 esse
305 476 476 546 rationem
492 497 618 546 causae
639 476 781 560 liberae,
800 498 889 569 quae
911 477 1040 568 positis
1056 478 1215 546 omnibus

42 589 94 656 ad
112 587 283 678 agendum
313 585 496 680 requisitis
519 591 556 655 et
578 586 785 678 opportunis
808 589 925 677 potest
955 608 1059 676 agere
1089 592 1125 656 et
1147 611 1215 656 non

41 719 158 787 agere.

111 805 234 897 Aliqui
255 803 411 894 theologi
434 802 588 893 gratiam
611 803 792 888 efficacem,
811 807 985 895 quatenus
1001 805 1156 894 pertinet
1171 807 1215 876 ad

40 919 159 982 aetum
174 911 336 1002 primum,
357 916 391 978 et
407 909 568 1002 sineque
585 914 704 978 aetum
722 909 915 978 secundum
932 909 1014 980 elici
1025 916 1213 1002 repugnet,

40 1020 236 1090 defendunt
257 1020 322 1104 ita,
348 1023 389 1086 ut
412 1017 531 1106 gretia
555 1017 674 1086 efficax
700 1040 760 1108 per
778 1019 958 1107 physicam
969 1017 1214 1108 praedetermi-

40 1131 215 1195 -nationem
237 1133 375 1196 creatae
406 1125 616 1210 voluntatis,
644 1125 701 1194 vel
732 1125 803 1193 alio
832 1125 998 1194 medoen
1023 1127 1215 1196 intrinseca

41 1238 156 1327 ipsius
178 1236 317 1326 gratiae
338 1241 468 1304 natura
497 1233 740 1304 infallibiliter
762 1256 854 1303 nexa
876 1235 924 1304 sit
947 1258 1023 1304 cum
1055 1240 1138 1304 actu
1163 1258 1213 1303 se·

42 1345 166 1429 eundo,
191 1345 276 1414 adeo
299 1349 341 1412 ut
363 1348 538 1434 repugnet
560 1343 672 1432 recipi
694 1343 732 1411 in
755 1348 838 1411 aetu
861 1342 972 1432 primo
995 1343 1101 1412 talem
1126 1343 1214 1411 enti·

40 1459 151 1520 tatem
173 1452 313 1542 gratiae
328 1457 365 1521 et
380 1455 497 1520 actum
513 1449 700 1520 secundnm
717 1471 785 1518 non
800 1449 911 1542 sequi.
932 1450 1039 1518 Immo
1061 1473 1214 1541 praemo-

42 1561 171 1628 tiouem
186 1565 222 1628 et
244 1559 514 1650 applicationem
538 1557 687 1626 similem
710 1557 907 1628 derivatam
922 1581 943 1626 a
959 1580 1064 1627 causa
1086 1559 1211 1648 prima,

42 1669 127 1737 licet
148 1669 336 1738 entitative
358 1667 567 1752 naturalem,
586 1667 699 1758 aliqui
722 1672 851 1758 putant
872 1667 1008 1758 requiri
1030 1666 1075 1736 ad
1099 1689 1214 1736 omnes

43 1781 143 1844 actus
165 1795 350 1844 causarum
373 1775 618 1861 secundarum,
646 1780 683 1844 et
704 1775 848 1866 proinde
871 1776 915 1845 ad
940 1798 1056 1845 omnes
1080 1798 1214 1868 quoque

45 1888 142 1952 aetus
164 1882 294 1952 liberos
316 1883 513 1952 voluntatis
537 1887 675 1952 creatae
697 1883 803 1952 etiam
826 1883 871 1952 ad
902 1889 1002 1953 aetus
1032 1883 1214 1951 moraliter

46 1989 167 2076 malos,
192 2013 261 2059 non
285 1990 408 2082 utique
432 1996 604 2082 quatenus
627 1997 712 2059 sunt
736 1989 831 2076 mali,
851 1991 911 2060 sed
935 1995 1108 2083 quatenns
1131 1996 1216 2060 sunt

45 2101 160 2192 aliqua
182 2099 325 2170 entitas.
343 2099 410 2168 His
426 2099 590 2169 admissis
613 2098 832 2190 intelligitur
849 2089 1029 2186 facillime,
1049 2103 1214 2194 quomodo

46 2209 135 2278 Dens
157 2209 195 2278 in
218 2208 293 2276 suis
324 2209 496 2294 decretis,
523 2208 650 2299 quibus
673 2208 717 2276 ab
748 2213 890 2276 aeterno
921 2207 1079 2278 destinat
1107 2209 1214 2278 talem

48 2315 193 2405 gratiam
217 2321 254 2384 et
275 2313 382 2382 talem
406 2314 695 2404 praemotionem,
723 2319 760 2382 et
781 2313 926 2404 proinde
949 2315 1054 2384 etiam
1077 2315 1116 2386 in
1138 2315 1214 2406 ipsa

47 2423 109 2490 tali
138 2422 258 2512 gratia
280 2421 338 2492 vel
370 2421 605 2512 praemotiona
628 2420 827 2511 pertinente
850 2421 894 2490 ad
917 2427 1034 2491 actum
1064 2423 1214 2512 primum

48 2529 159 2598 videat
181 2552 297 2598 omues
312 2534 413 2600 actus
436 2529 616 2616 secundos3
636 2528 696 2598 sed
712 2551 751 2597 eo
774 2528 952 2598 difficilius
968 2535 1016 2616 et,
1035 2534 1077 2599 ct
1093 2553 1213 2600 verum

49 2637 167 2724 fatear,
181 2637 281 2706 nullo
297 2635 396 2706 modo
413 2635 640 2726 intelligibile
655 2635 755 2704 nobis
771 2635 924 2721 videtur,
941 2637 1106 2728 quomodo
1121 2637 1213 2706 tales

50 2751 141 2813 actus
165 2747 239 2815 sint
260 2743 365 2814 liberi
388 2743 567 2814 voluntati
589 2750 739 2813 creatae.
1123 2801 1125 2808 Α

108 2851 155 2920 Ut
177 2851 242 2921 boc
265 2850 442 2941 explicent
463 2849 521 2918 illi
544 2848 719 2938 theologi,
746 2847 801 2917 uti
825 2847 939 2917 solent
966 2849 1209 2934 distinetione,

51 2980 139 3048 quae,
164 2960 196 3028 si
218 2957 467 3048 restringimus
492 2956 765 3046 disputationem
788 2956 833 3024 ad
856 2955 948 3024 solos
970 2963 1070 3026 actus
1094 2981 1212 3048 super·

51 3067 230 3152 naturales,
256 3065 325 3136 hnc
348 3067 489 3136 tandem
512 3065 618 3134 redit:
645 3068 682 3130 in
707 3087 804 3132 sensa
828 3067 1022 3154 composito,
1041 3065 1078 3133 in
1101 3065 1212 3156 hypo-

51 3172 133 3242 thesi
148 3173 285 3244 scilicet
299 3177 462 3263 receptae
478 3171 565 3240 talis
581 3171 719 3262 gratiae
744 3171 903 3256 efficacis,
922 3194 1119 3263 repugnare
1135 3174 1211 3266 qui-

53 3281 118 3348 dem
146 3283 268 3366 aiunt,
302 3287 343 3350 nt
373 3286 492 3366 aetus,
526 3281 571 3350 ad
606 3303 704 3372 quem
736 3287 789 3350 est
819 3280 940 3370 gratia
972 3280 1112 3367 efficax,
1144 3304 1213 3350 non

53 3395 208 3476 ponatur3
234 3411 334 3478 posse
357 3395 473 3457 tamen
497 3390 536 3455 ia
559 3412 656 3455 sensa
679 3386 789 3456 diviso
813 3393 929 3458 actum
956 3411 1024 3457 non
1047 3387 1148 3480 poni,
1176 3397 1213 3458 et

55 3493 120 3564 ideo
141 3495 358 3565 voluntatem
382 3517 519 3566 manere
551 3495 696 3566 liberam
719 3495 825 3564 etiam
848 3519 926 3564 eum
949 3497 1068 3584 gratia
1091 3502 1126 3566 et
1148 3498 1212 3565 su'b

55 3603 177 3688 gratia,
202 3607 308 3694 prout
330 3603 374 3670 ab
398 3603 556 3672 omnibus
580 3601 772 3671 Catholicis
804 3601 881 3670 sine
903 3602 1008 3671 dubio
1039 3603 1208 3673 creditur.

56 3707 207 3799 'theologi
231 3709 295 3777 alii
317 3709 424 3778 huius
448 3708 685 3778 distinctionis
717 3709 1012 3800 opportunitatem
1035 3734 1103 3779 non
1132 3735 1208 3781 eon-

56 3817 184 3905 cedunt,
210 3817 294 3912 quia
316 3839 391 3887 eam
415 3841 484 3887 non
507 3819 611 3888 aliter
636 3817 756 3887 valent
785 3817 988 3908 intelligere
1011 3841 1112 3910 quam
1136 3820 1207 3914 ita,

57 3933 90 3992 ut
107 3927 283 4012 voluntas,
310 3924 389 3994 dam
412 3940 461 3994 est
484 3929 522 3992 ia
546 3950 585 3993 ea
607 3929 711 3992 motio
734 3949 775 3995 ex
800 3948 874 3995 sese
904 3927 1044 4011 efficax,
1071 3926 1211 3996 dicatur

58 4053 112 4102 non
132 4059 227 4125 posse
249 4035 439 4105 dissentire
462 4039 543 4103 actu
567 4034 728 4120 secundm
754 4033 838 4103 licet
861 4033 1051 4118 voluntati,
1078 4036 1116 4100 in
1141 4061 1210 4126 qao

61 4154 97 4204 ct
115 4145 212 4208 motio
236 4142 305 4208 illa
327 4141 459 4224 efficax,
479 4162 539 4232 per
563 4163 599 4209 se
622 4145 797 4231 spectatae
821 4139 869 4209 sit
893 4139 1050 4230 potentia
1072 4141 1117 4210 ad
1141 4142 1210 4212 dis·

61 4267 176 4317 sensum
198 4250 392 4341 ponendum
415 4249 475 4315 aab
499 4249 574 4316 otia
599 4249 788 4338 hypothesi.
814 4246 899 4316 Cum
922 4255 1039 4316 autem
1062 4249 1211 4320 liberum

62 4351 187 4428 hominis
209 4358 398 4428 arbitrium
421 4359 530 4428 aDeo
554 4363 685 4427 motum
700 4364 735 4426 et
750 4357 942 4426 excitatum
966 4359 1211 4448 praeveniente

65 4465 158 4546 gratia
181 4467 237 4536 vel
260 4465 425 4535 assentiri
447 4464 560 4556 possit
573 4465 645 4534 Deo
669 4463 838 4534 excitanti
861 4467 966 4557 atquc
989 4465 1129 4534 vocanti
1154 4465 1212 4535 vel

1086 4589 1104 4624 st
