<?xml version="1.0" encoding="UTF-8"?>
<!DOCTYPE html PUBLIC "-//W3C//DTD XHTML 1.0 Transitional//EN"
    "http://www.w3.org/TR/xhtml1/DTD/xhtml1-transitional.dtd">
<html xmlns="http://www.w3.org/1999/xhtml" xml:lang="en" lang="en">
 <head>
  <title>
</title>
<meta http-equiv="Content-Type" content="text/html;charset=utf-8" />
  <meta name='ocr-system' content='tesseract 3.04.00' />
  <meta name='ocr-capabilities' content='ocr_page ocr_carea ocr_par ocr_line ocrx_word'/>
</head>
<body>
  <div class='ocr_page' id='page_1' title='image "./ioannisbaptfran01frangoog_0074.png"; bbox 0 0 3394 5056; ppageno 0'>
   <div class='ocr_carea' id='block_1_1' title="bbox 98 371 1270 2511">
    <p class='ocr_par' dir='ltr' id='par_1_1' title="bbox 98 371 1270 2511">
     <span class='ocr_line' id='line_1_1' title="bbox 602 371 761 432; baseline -0.006 -14"><span class='ocrx_word' id='word_1_1' title='bbox 602 403 640 418; x_wconf 92' lang='grc'><strong>..</strong></span> <span class='ocrx_word' id='word_1_2' title='bbox 661 371 702 432; x_wconf 86' lang='lat'><strong>57</strong></span> <span class='ocrx_word' id='word_1_3' title='bbox 723 403 761 417; x_wconf 91' lang='lat'>-</span> 
     </span>
     <span class='ocr_line' id='line_1_2' title="bbox 109 474 1270 566; baseline -0.004 -18"><span class='ocrx_word' id='word_1_4' title='bbox 109 481 242 550; x_wconf 82' lang='lat' dir='ltr'><strong>sitivam</strong></span> <span class='ocrx_word' id='word_1_5' title='bbox 273 477 523 549; x_wconf 74' lang='lat' dir='ltr'><strong>revelationem</strong></span> <span class='ocrx_word' id='word_1_6' title='bbox 547 477 610 566; x_wconf 90' lang='lat' dir='ltr'><strong>(l).</strong></span> <span class='ocrx_word' id='word_1_7' title='bbox 635 477 758 546; x_wconf 88' lang='lat' dir='ltr'><strong>Estius</strong></span> <span class='ocrx_word' id='word_1_8' title='bbox 781 477 873 545; x_wconf 90' lang='lat' dir='ltr'><strong>enim</strong></span> <span class='ocrx_word' id='word_1_9' title='bbox 906 476 1012 546; x_wconf 87' lang='lat' dir='ltr'><strong>verbe</strong></span> <span class='ocrx_word' id='word_1_10' title='bbox 1034 474 1139 546; x_wconf 89' lang='lat' dir='ltr'><strong>Pauli</strong></span> <span class='ocrx_word' id='word_1_11' title='bbox 1166 474 1270 565; x_wconf 70' lang='lat' dir='ltr'><strong>«ipsi</strong></span> 
     </span>
     <span class='ocr_line' id='line_1_3' title="bbox 107 583 1269 677; baseline -0.005 -21"><span class='ocrx_word' id='word_1_12' title='bbox 107 589 171 656; x_wconf 86' lang='lat' dir='ltr'><strong>sibi</strong></span> <span class='ocrx_word' id='word_1_13' title='bbox 193 593 273 656; x_wconf 87' lang='lat' dir='ltr'><strong>sunt</strong></span> <span class='ocrx_word' id='word_1_14' title='bbox 295 587 374 673; x_wconf 86' lang='lat' dir='ltr'><strong>lex,</strong></span> <span class='ocrx_word' id='word_1_15' title='bbox 394 615 411 651; x_wconf 78' lang='lat' dir='ltr'><strong>a</strong></span> <span class='ocrx_word' id='word_1_16' title='bbox 429 588 685 677; x_wconf 79' lang='lat' dir='ltr'><strong>interpetratur</strong></span> <span class='ocrx_word' id='word_1_17' title='bbox 710 585 747 654; x_wconf 96' lang='lat' dir='ltr'><strong>in</strong></span> <span class='ocrx_word' id='word_1_18' title='bbox 771 585 865 653; x_wconf 91' lang='lat' dir='ltr'><strong>hunc</strong></span> <span class='ocrx_word' id='word_1_19' title='bbox 889 606 1047 653; x_wconf 85' lang='lat' dir='ltr'><strong>sensum:</strong></span> <span class='ocrx_word' id='word_1_20' title='bbox 1064 583 1269 673; x_wconf 67' lang='lat' dir='ltr'><strong>«sibiipsis</strong></span> 
     </span>
     <span class='ocr_line' id='line_1_4' title="bbox 107 687 1270 784; baseline -0.006 -22"><span class='ocrx_word' id='word_1_21' title='bbox 107 703 187 764; x_wconf 85' lang='lat' dir='ltr'><strong>aunt</strong></span> <span class='ocrx_word' id='word_1_22' title='bbox 205 695 276 764; x_wconf 91' lang='lat' dir='ltr'><strong>loco</strong></span> <span class='ocrx_word' id='word_1_23' title='bbox 299 694 410 784; x_wconf 86' lang='lat' dir='ltr'><strong>legis,</strong></span> <span class='ocrx_word' id='word_1_24' title='bbox 437 696 521 764; x_wconf 93' lang='lat' dir='ltr'><strong>dum</strong></span> <span class='ocrx_word' id='word_1_25' title='bbox 544 715 609 762; x_wconf 85' lang='lat' dir='ltr'><strong>suu</strong></span> <span class='ocrx_word' id='word_1_26' title='bbox 639 699 761 782; x_wconf 90' lang='lat' dir='ltr'><strong>sponte</strong></span> <span class='ocrx_word' id='word_1_27' title='bbox 792 715 831 761; x_wconf 86' lang='lat' dir='ltr'><strong>ac</strong></span> <span class='ocrx_word' id='word_1_28' title='bbox 859 693 1004 782; x_wconf 76' lang='lat' dir='ltr'><strong>proprio</strong></span> <span class='ocrx_word' id='word_1_29' title='bbox 1036 687 1165 756; x_wconf 79' lang='lat' dir='ltr'><strong>iudicio</strong></span> <span class='ocrx_word' id='word_1_30' title='bbox 1195 691 1270 755; x_wconf 79' lang='lat' dir='ltr'><strong>sine</strong></span> 
     </span>
     <span class='ocr_line' id='line_1_5' title="bbox 106 797 1267 891; baseline -0.004 -23"><span class='ocrx_word' id='word_1_31' title='bbox 106 815 233 868; x_wconf 68' lang='lat' dir='ltr'><strong>memo</strong></span> <span class='ocrx_word' id='word_1_32' title='bbox 256 801 345 891; x_wconf 78' lang='lat' dir='ltr'><strong>lepis</strong></span> <span class='ocrx_word' id='word_1_33' title='bbox 369 801 519 868; x_wconf 75' lang='lat' dir='ltr'><strong>iubentia</strong></span> <span class='ocrx_word' id='word_1_34' title='bbox 550 799 759 867; x_wconf 79' lang='lat' dir='ltr'><strong>adminiculo</strong></span> <span class='ocrx_word' id='word_1_35' title='bbox 797 805 832 867; x_wconf 92' lang='lat' dir='ltr'><strong>et</strong></span> <span class='ocrx_word' id='word_1_36' title='bbox 866 797 1019 889; x_wconf 90' lang='lat' dir='ltr'><strong>impulsu</strong></span> <span class='ocrx_word' id='word_1_37' title='bbox 1050 798 1175 866; x_wconf 90' lang='lat' dir='ltr'><strong>bonum</strong></span> <span class='ocrx_word' id='word_1_38' title='bbox 1192 818 1267 886; x_wconf 93' lang='lat' dir='ltr'><strong>ope·</strong></span> 
     </span>
     <span class='ocr_line' id='line_1_6' title="bbox 105 903 1268 995; baseline -0.003 -21"><span class='ocrx_word' id='word_1_39' title='bbox 105 913 268 976; x_wconf 68' lang='lat' dir='ltr'><strong>rantur.»</strong></span> <span class='ocrx_word' id='word_1_40' title='bbox 295 907 335 975; x_wconf 86' lang='lat' dir='ltr'><strong>Si</strong></span> <span class='ocrx_word' id='word_1_41' title='bbox 359 915 475 978; x_wconf 87' lang='lat' dir='ltr'><strong>autem</strong></span> <span class='ocrx_word' id='word_1_42' title='bbox 498 907 663 976; x_wconf 87' lang='lat' dir='ltr'><strong>videatur</strong></span> <span class='ocrx_word' id='word_1_43' title='bbox 692 928 766 974; x_wconf 89' lang='lat' dir='ltr'><strong>esse</strong></span> <span class='ocrx_word' id='word_1_44' title='bbox 793 927 912 995; x_wconf 91' lang='lat' dir='ltr'><strong>pugna</strong></span> <span class='ocrx_word' id='word_1_45' title='bbox 938 905 1032 975; x_wconf 90' lang='lat' dir='ltr'><strong>inter</strong></span> <span class='ocrx_word' id='word_1_46' title='bbox 1060 903 1268 975; x_wconf 88' lang='lat' dir='ltr'><strong>sententiam</strong></span> 
     </span>
     <span class='ocr_line' id='line_1_7' title="bbox 103 1012 1268 1104; baseline -0.002 -22"><span class='ocrx_word' id='word_1_47' title='bbox 103 1017 142 1084; x_wconf 87' lang='lat' dir='ltr'><strong>ab</strong></span> <span class='ocrx_word' id='word_1_48' title='bbox 162 1015 259 1084; x_wconf 88' lang='lat' dir='ltr'><strong>Estio</strong></span> <span class='ocrx_word' id='word_1_49' title='bbox 289 1023 483 1102; x_wconf 87' lang='lat' dir='ltr'><strong>assertam,</strong></span> <span class='ocrx_word' id='word_1_50' title='bbox 510 1014 645 1084; x_wconf 90' lang='lat' dir='ltr'><strong>nominc</strong></span> <span class='ocrx_word' id='word_1_51' title='bbox 679 1013 837 1104; x_wconf 89' lang='lat' dir='ltr'><strong>gentium</strong></span> <span class='ocrx_word' id='word_1_52' title='bbox 860 1014 896 1083; x_wconf 90' lang='lat' dir='ltr'><strong>h.</strong></span> <span class='ocrx_word' id='word_1_53' title='bbox 915 1013 941 1083; x_wconf 90' lang='lat' dir='ltr'><strong>l.</strong></span> <span class='ocrx_word' id='word_1_54' title='bbox 961 1013 1142 1103; x_wconf 84' lang='lat' dir='ltr'><strong>designari</strong></span> <span class='ocrx_word' id='word_1_55' title='bbox 1177 1012 1268 1080; x_wconf 92' lang='lat' dir='ltr'><strong>solos</strong></span> 
     </span>
     <span class='ocr_line' id='line_1_8' title="bbox 104 1121 1266 1214; baseline -0.002 -22"><span class='ocrx_word' id='word_1_56' title='bbox 104 1126 235 1211; x_wconf 86' lang='lat' dir='ltr'><strong>fideles,</strong></span> <span class='ocrx_word' id='word_1_57' title='bbox 261 1132 436 1196; x_wconf 90' lang='lat' dir='ltr'><strong>ettamen</strong></span> <span class='ocrx_word' id='word_1_58' title='bbox 467 1125 602 1195; x_wconf 92' lang='lat' dir='ltr'><strong>nomine</strong></span> <span class='ocrx_word' id='word_1_59' title='bbox 636 1124 727 1213; x_wconf 87' lang='lat' dir='ltr'><strong>legis</strong></span> <span class='ocrx_word' id='word_1_60' title='bbox 750 1123 912 1194; x_wconf 77' lang='lat' dir='ltr'><strong>cordibus</strong></span> <span class='ocrx_word' id='word_1_61' title='bbox 942 1123 1134 1214; x_wconf 79' lang='lat' dir='ltr'><strong>inscriptae</strong></span> <span class='ocrx_word' id='word_1_62' title='bbox 1164 1121 1266 1190; x_wconf 90' lang='lat' dir='ltr'><strong>intel-</strong></span> 
     </span>
     <span class='ocr_line' id='line_1_9' title="bbox 102 1231 1268 1325; baseline -0.002 -25"><span class='ocrx_word' id='word_1_63' title='bbox 102 1233 163 1322; x_wconf 92' lang='lat' dir='ltr'><strong>ligi</strong></span> <span class='ocrx_word' id='word_1_64' title='bbox 174 1233 293 1304; x_wconf 90' lang='lat' dir='ltr'><strong>debere</strong></span> <span class='ocrx_word' id='word_1_65' title='bbox 305 1235 418 1325; x_wconf 88' lang='lat' dir='ltr'><strong>legem</strong></span> <span class='ocrx_word' id='word_1_66' title='bbox 428 1233 624 1303; x_wconf 79' lang='lat' dir='ltr'><strong>naturalem</strong></span> <span class='ocrx_word' id='word_1_67' title='bbox 636 1233 811 1321; x_wconf 79' lang='lat' dir='ltr'><strong>cognitam</strong></span> <span class='ocrx_word' id='word_1_68' title='bbox 826 1232 957 1300; x_wconf 88' lang='lat' dir='ltr'><strong>lumine</strong></span> <span class='ocrx_word' id='word_1_69' title='bbox 973 1231 1123 1299; x_wconf 88' lang='lat' dir='ltr'><strong>rationis</strong></span> <span class='ocrx_word' id='word_1_70' title='bbox 1138 1231 1268 1322; x_wconf 88' lang='lat' dir='ltr'><strong>absque</strong></span> 
     </span>
     <span class='ocr_line' id='line_1_10' title="bbox 102 1337 1268 1430; baseline -0.001 -25"><span class='ocrx_word' id='word_1_71' title='bbox 102 1340 184 1428; x_wconf 86' lang='lat' dir='ltr'><strong>legis</strong></span> <span class='ocrx_word' id='word_1_72' title='bbox 198 1340 353 1410; x_wconf 86' lang='lat' dir='ltr'><strong>eiusdem</strong></span> <span class='ocrx_word' id='word_1_73' title='bbox 370 1341 596 1425; x_wconf 86' lang='lat' dir='ltr'><strong>revelatione,</strong></span> <span class='ocrx_word' id='word_1_74' title='bbox 618 1363 799 1430; x_wconf 90' lang='lat' dir='ltr'><strong>possumus</strong></span> <span class='ocrx_word' id='word_1_75' title='bbox 815 1361 902 1407; x_wconf 88' lang='lat' dir='ltr'><strong>onus</strong></span> <span class='ocrx_word' id='word_1_76' title='bbox 921 1337 1152 1429; x_wconf 90' lang='lat' dir='ltr'><strong>respondendi</strong></span> <span class='ocrx_word' id='word_1_77' title='bbox 1167 1337 1268 1405; x_wconf 87' lang='lat' dir='ltr'><strong>Estio</strong></span> 
     </span>
     <span class='ocr_line' id='line_1_11' title="bbox 102 1446 1268 1541; baseline -0.002 -25"><span class='ocrx_word' id='word_1_78' title='bbox 102 1448 307 1541; x_wconf 86' lang='lat' dir='ltr'><strong>relinquere;</strong></span> <span class='ocrx_word' id='word_1_79' title='bbox 334 1471 397 1517; x_wconf 91' lang='lat' dir='ltr'><strong>nos</strong></span> <span class='ocrx_word' id='word_1_80' title='bbox 420 1449 510 1518; x_wconf 89' lang='lat' dir='ltr'><strong>enim</strong></span> <span class='ocrx_word' id='word_1_81' title='bbox 535 1449 663 1517; x_wconf 85' lang='lat' dir='ltr'><strong>falsum</strong></span> <span class='ocrx_word' id='word_1_82' title='bbox 686 1471 759 1516; x_wconf 88' lang='lat' dir='ltr'><strong>esse</strong></span> <span class='ocrx_word' id='word_1_83' title='bbox 782 1448 932 1518; x_wconf 81' lang='lat' dir='ltr'><strong>dicimus</strong></span> <span class='ocrx_word' id='word_1_84' title='bbox 954 1447 1090 1515; x_wconf 87' lang='lat' dir='ltr'><strong>nominc</strong></span> <span class='ocrx_word' id='word_1_85' title='bbox 1109 1446 1268 1536; x_wconf 89' lang='lat' dir='ltr'><strong>gentium</strong></span> 
     </span>
     <span class='ocr_line' id='line_1_12' title="bbox 102 1545 1268 1646; baseline -0.002 -22"><span class='ocrx_word' id='word_1_86' title='bbox 102 1557 185 1626; x_wconf 87' lang='lat' dir='ltr'><strong>solos</strong></span> <span class='ocrx_word' id='word_1_87' title='bbox 206 1557 326 1627; x_wconf 88' lang='lat' dir='ltr'><strong>fideles</strong></span> <span class='ocrx_word' id='word_1_88' title='bbox 342 1557 593 1646; x_wconf 90' lang='lat' dir='ltr'><strong>intelligendos</strong></span> <span class='ocrx_word' id='word_1_89' title='bbox 608 1579 694 1626; x_wconf 88' lang='lat' dir='ltr'><strong>esse.</strong></span> <span class='ocrx_word' id='word_1_90' title='bbox 714 1555 837 1624; x_wconf 85' lang='lat' dir='ltr'><strong>Estius</strong></span> <span class='ocrx_word' id='word_1_91' title='bbox 854 1561 971 1625; x_wconf 88' lang='lat' dir='ltr'><strong>autem</strong></span> <span class='ocrx_word' id='word_1_92' title='bbox 983 1555 1066 1624; x_wconf 91' lang='lat' dir='ltr'><strong>huic</strong></span> <span class='ocrx_word' id='word_1_93' title='bbox 1082 1545 1268 1624; x_wconf 81' lang='lat' dir='ltr'><strong>obiectioni</strong></span> 
     </span>
     <span class='ocr_line' id='line_1_13' title="bbox 102 1663 1267 1755; baseline -0.001 -24"><span class='ocrx_word' id='word_1_94' title='bbox 102 1664 393 1749; x_wconf 86' lang='lat' dir='ltr'><strong>contradictionis,</strong></span> <span class='ocrx_word' id='word_1_95' title='bbox 420 1685 521 1755; x_wconf 90' lang='lat' dir='ltr'><strong>quam</strong></span> <span class='ocrx_word' id='word_1_96' title='bbox 545 1664 647 1734; x_wconf 89' lang='lat' dir='ltr'><strong>velut</strong></span> <span class='ocrx_word' id='word_1_97' title='bbox 670 1663 938 1754; x_wconf 86' lang='lat' dir='ltr'><strong>Pelagianorum</strong></span> <span class='ocrx_word' id='word_1_98' title='bbox 953 1663 1129 1754; x_wconf 87' lang='lat' dir='ltr'><strong>propriam</strong></span> <span class='ocrx_word' id='word_1_99' title='bbox 1145 1685 1267 1754; x_wconf 90' lang='lat' dir='ltr'><strong>propo·</strong></span> 
     </span>
     <span class='ocr_line' id='line_1_14' title="bbox 102 1771 1268 1863; baseline 0.001 -26"><span class='ocrx_word' id='word_1_100' title='bbox 102 1773 161 1858; x_wconf 83' lang='lat' dir='ltr'><strong>nit,</strong></span> <span class='ocrx_word' id='word_1_101' title='bbox 174 1795 240 1841; x_wconf 92' lang='lat' dir='ltr'><strong>non</strong></span> <span class='ocrx_word' id='word_1_102' title='bbox 252 1772 452 1863; x_wconf 87' lang='lat' dir='ltr'><strong>respondet,</strong></span> <span class='ocrx_word' id='word_1_103' title='bbox 466 1777 508 1840; x_wconf 87' lang='lat' dir='ltr'><strong>ut</strong></span> <span class='ocrx_word' id='word_1_104' title='bbox 518 1775 739 1859; x_wconf 85' lang='lat' dir='ltr'><strong>recentiores,</strong></span> <span class='ocrx_word' id='word_1_105' title='bbox 754 1772 912 1862; x_wconf 88' lang='lat' dir='ltr'><strong>negando</strong></span> <span class='ocrx_word' id='word_1_106' title='bbox 929 1771 1161 1860; x_wconf 85' lang='lat' dir='ltr'><strong>cognitionem</strong></span> <span class='ocrx_word' id='word_1_107' title='bbox 1177 1771 1268 1860; x_wconf 88' lang='lat' dir='ltr'><strong>legis</strong></span> 
     </span>
     <span class='ocr_line' id='line_1_15' title="bbox 101 1879 1267 1972; baseline 0.001 -28"><span class='ocrx_word' id='word_1_108' title='bbox 101 1881 218 1972; x_wconf 87' lang='lat' dir='ltr'><strong>absque</strong></span> <span class='ocrx_word' id='word_1_109' title='bbox 239 1879 478 1970; x_wconf 87' lang='lat' dir='ltr'><strong>propositione</strong></span> <span class='ocrx_word' id='word_1_110' title='bbox 500 1882 576 1949; x_wconf 91' lang='lat' dir='ltr'><strong>eius</strong></span> <span class='ocrx_word' id='word_1_111' title='bbox 599 1902 661 1971; x_wconf 91' lang='lat' dir='ltr'><strong>per</strong></span> <span class='ocrx_word' id='word_1_112' title='bbox 684 1880 943 1965; x_wconf 88' lang='lat' dir='ltr'><strong>revelationem,</strong></span> <span class='ocrx_word' id='word_1_113' title='bbox 963 1879 1023 1949; x_wconf 91' lang='lat' dir='ltr'><strong>sed</strong></span> <span class='ocrx_word' id='word_1_114' title='bbox 1050 1879 1267 1948; x_wconf 83' lang='lat' dir='ltr'><strong>admittendo</strong></span> 
     </span>
     <span class='ocr_line' id='line_1_16' title="bbox 101 1985 1268 2079; baseline 0.001 -26"><span class='ocrx_word' id='word_1_115' title='bbox 101 1993 131 2054; x_wconf 87' lang='lat' dir='ltr'><strong>et</strong></span> <span class='ocrx_word' id='word_1_116' title='bbox 160 1986 378 2056; x_wconf 88' lang='lat' dir='ltr'><strong>conciliando</strong></span> <span class='ocrx_word' id='word_1_117' title='bbox 414 1993 601 2079; x_wconf 88' lang='lat' dir='ltr'><strong>utrumque</strong></span> <span class='ocrx_word' id='word_1_118' title='bbox 638 1993 823 2056; x_wconf 86' lang='lat' dir='ltr'><strong>assertum.</strong></span> <span class='ocrx_word' id='word_1_119' title='bbox 857 1987 958 2068; x_wconf 78' lang='lat' dir='ltr'><strong>Quod</strong></span> <span class='ocrx_word' id='word_1_120' title='bbox 995 1985 1116 2055; x_wconf 89' lang='lat' dir='ltr'><strong>fideles</strong></span> <span class='ocrx_word' id='word_1_121' title='bbox 1150 2009 1268 2056; x_wconf 88' lang='lat' dir='ltr'><strong>omnes</strong></span> 
     </span>
     <span class='ocr_line' id='line_1_17' title="bbox 98 2093 1264 2186; baseline 0.001 -25"><span class='ocrx_word' id='word_1_122' title='bbox 98 2111 224 2181; x_wconf 77' lang='lat' dir='ltr'><strong>praeter</strong></span> <span class='ocrx_word' id='word_1_123' title='bbox 247 2095 356 2186; x_wconf 70' lang='lat' dir='ltr'><strong>legem</strong></span> <span class='ocrx_word' id='word_1_124' title='bbox 378 2109 526 2161; x_wconf 81' lang='lat' dir='ltr'><strong>naturae</strong></span> <span class='ocrx_word' id='word_1_125' title='bbox 541 2098 670 2163; x_wconf 72' lang='lat' dir='ltr'><strong>crocotis</strong></span> <span class='ocrx_word' id='word_1_126' title='bbox 687 2099 830 2162; x_wconf 80' lang='lat' dir='ltr'><strong>insitam</strong></span> <span class='ocrx_word' id='word_1_127' title='bbox 846 2095 959 2184; x_wconf 88' lang='lat' dir='ltr'><strong>legem</strong></span> <span class='ocrx_word' id='word_1_128' title='bbox 975 2094 1103 2164; x_wconf 87' lang='lat' dir='ltr'><strong>habent</strong></span> <span class='ocrx_word' id='word_1_129' title='bbox 1118 2093 1264 2181; x_wconf 79' lang='lat' dir='ltr'><strong>Christi,</strong></span> 
     </span>
     <span class='ocr_line' id='line_1_18' title="bbox 102 2203 1268 2294; baseline 0.001 -26"><span class='ocrx_word' id='word_1_130' title='bbox 102 2207 132 2268; x_wconf 87' lang='lat' dir='ltr'><strong>et</strong></span> <span class='ocrx_word' id='word_1_131' title='bbox 150 2203 224 2272; x_wconf 87' lang='lat' dir='ltr'><strong>ideo</strong></span> <span class='ocrx_word' id='word_1_132' title='bbox 245 2227 316 2272; x_wconf 91' lang='lat' dir='ltr'><strong>non</strong></span> <span class='ocrx_word' id='word_1_133' title='bbox 340 2203 477 2292; x_wconf 88' lang='lat' dir='ltr'><strong>possint</strong></span> <span class='ocrx_word' id='word_1_134' title='bbox 498 2203 584 2272; x_wconf 89' lang='lat' dir='ltr'><strong>haec</strong></span> <span class='ocrx_word' id='word_1_135' title='bbox 606 2203 769 2294; x_wconf 83' lang='lat' dir='ltr'><strong>Apostoli</strong></span> <span class='ocrx_word' id='word_1_136' title='bbox 786 2205 904 2288; x_wconf 87' lang='lat' dir='ltr'><strong>verba,</strong></span> <span class='ocrx_word' id='word_1_137' title='bbox 923 2218 1040 2294; x_wconf 77' lang='lat' dir='ltr'><strong>pentes</strong></span> <span class='ocrx_word' id='word_1_138' title='bbox 1055 2227 1144 2294; x_wconf 81' lang='lat' dir='ltr'><strong>quoe</strong></span> <span class='ocrx_word' id='word_1_139' title='bbox 1161 2204 1268 2294; x_wconf 73' lang='lat' dir='ltr'><strong>legem</strong></span> 
     </span>
     <span class='ocr_line' id='line_1_19' title="bbox 102 2310 1267 2401; baseline 0.007 -29"><span class='ocrx_word' id='word_1_140' title='bbox 102 2311 317 2392; x_wconf 69' lang='lat' dir='ltr'><strong>sociabant,</strong></span> <span class='ocrx_word' id='word_1_141' title='bbox 344 2311 501 2400; x_wconf 82' lang='lat' dir='ltr'><strong>intelligi</strong></span> <span class='ocrx_word' id='word_1_142' title='bbox 525 2310 567 2379; x_wconf 90' lang='lat' dir='ltr'><strong>de</strong></span> <span class='ocrx_word' id='word_1_143' title='bbox 591 2311 773 2380; x_wconf 87' lang='lat' dir='ltr'><strong>fidelibus:</strong></span> <span class='ocrx_word' id='word_1_144' title='bbox 794 2339 811 2376; x_wconf 74' lang='lat' dir='ltr'><strong><em>a</em></strong></span> <span class='ocrx_word' id='word_1_145' title='bbox 830 2311 895 2380; x_wconf 95' lang='lat' dir='ltr'><strong>hoc</strong></span> <span class='ocrx_word' id='word_1_146' title='bbox 924 2317 1189 2401; x_wconf 88' lang='lat' dir='ltr'><strong>argumentum,</strong></span> <span class='ocrx_word' id='word_1_147' title='bbox 1216 2311 1267 2380; x_wconf 92' lang='lat' dir='ltr'><strong>in·</strong></span> 
     </span>
     <span class='ocr_line' id='line_1_20' title="bbox 103 2417 1267 2511; baseline 0.002 -26"><span class='ocrx_word' id='word_1_148' title='bbox 103 2418 180 2508; x_wconf 88' lang='lat' dir='ltr'><strong>quit,</strong></span> <span class='ocrx_word' id='word_1_149' title='bbox 198 2419 316 2488; x_wconf 90' lang='lat' dir='ltr'><strong>videri</strong></span> <span class='ocrx_word' id='word_1_150' title='bbox 339 2425 457 2509; x_wconf 88' lang='lat' dir='ltr'><strong>potest</strong></span> <span class='ocrx_word' id='word_1_151' title='bbox 478 2417 614 2509; x_wconf 86' lang='lat' dir='ltr'><strong>aliquid</strong></span> <span class='ocrx_word' id='word_1_152' title='bbox 648 2417 775 2486; x_wconf 91' lang='lat' dir='ltr'><strong>habere</strong></span> <span class='ocrx_word' id='word_1_153' title='bbox 806 2419 987 2504; x_wconf 90' lang='lat' dir='ltr'><strong>momenti,</strong></span> <span class='ocrx_word' id='word_1_154' title='bbox 1021 2425 1190 2511; x_wconf 81' lang='lat' dir='ltr'><strong>quantum</strong></span> <span class='ocrx_word' id='word_1_155' title='bbox 1222 2419 1267 2488; x_wconf 90' lang='lat' dir='ltr'><strong>ad</strong></span> 
     </span>
    </p>
   </div>
   <div class='ocr_carea' id='block_1_2' title="bbox 102 2525 1268 2943">
    <p class='ocr_par' dir='ltr' id='par_1_2' title="bbox 102 2525 1268 2943">
     <span class='ocr_line' id='line_1_21' title="bbox 102 2525 1268 2618; baseline 0.005 -26"><span class='ocrx_word' id='word_1_156' title='bbox 102 2525 239 2610; x_wconf 86' lang='lat' dir='ltr'><strong>gentiles</strong></span> <span class='ocrx_word' id='word_1_157' title='bbox 262 2527 402 2596; x_wconf 87' lang='lat' dir='ltr'><strong>adtinet</strong></span> <span class='ocrx_word' id='word_1_158' title='bbox 425 2526 658 2614; x_wconf 78' lang='lat' dir='ltr'><strong>christianos;</strong></span> <span class='ocrx_word' id='word_1_159' title='bbox 684 2526 776 2594; x_wconf 88' lang='lat' dir='ltr'><strong>nihil</strong></span> <span class='ocrx_word' id='word_1_160' title='bbox 804 2533 920 2597; x_wconf 91' lang='lat' dir='ltr'><strong>tamen</strong></span> <span class='ocrx_word' id='word_1_161' title='bbox 951 2527 996 2596; x_wconf 92' lang='lat' dir='ltr'><strong>ad</strong></span> <span class='ocrx_word' id='word_1_162' title='bbox 1028 2551 1084 2598; x_wconf 90' lang='lat' dir='ltr'><strong>eos</strong></span> <span class='ocrx_word' id='word_1_163' title='bbox 1115 2528 1268 2618; x_wconf 89' lang='lat' dir='ltr'><strong>pertinet</strong></span> 
     </span>
     <span class='ocr_line' id='line_1_22' title="bbox 102 2633 1267 2728; baseline 0.003 -27"><span class='ocrx_word' id='word_1_164' title='bbox 102 2635 250 2720; x_wconf 81' lang='lat' dir='ltr'><strong>gentiles,</strong></span> <span class='ocrx_word' id='word_1_165' title='bbox 270 2635 333 2728; x_wconf 91' lang='lat' dir='ltr'><strong>qui</strong></span> <span class='ocrx_word' id='word_1_166' title='bbox 356 2633 492 2704; x_wconf 88' lang='lat' dir='ltr'><strong>Christi</strong></span> <span class='ocrx_word' id='word_1_167' title='bbox 514 2636 705 2705; x_wconf 88' lang='lat' dir='ltr'><strong>adventum</strong></span> <span class='ocrx_word' id='word_1_168' title='bbox 728 2643 993 2725; x_wconf 86' lang='lat' dir='ltr'><strong>praecesserunt</strong></span> <span class='ocrx_word' id='word_1_169' title='bbox 1016 2643 1053 2705; x_wconf 88' lang='lat' dir='ltr'><strong>et</strong></span> <span class='ocrx_word' id='word_1_170' title='bbox 1082 2642 1198 2706; x_wconf 84' lang='lat' dir='ltr'><strong>temen</strong></span> <span class='ocrx_word' id='word_1_171' title='bbox 1230 2637 1267 2704; x_wconf 90' lang='lat' dir='ltr'><strong>in</strong></span> 
     </span>
     <span class='ocr_line' id='line_1_23' title="bbox 102 2742 1267 2834; baseline 0.004 -28"><span class='ocrx_word' id='word_1_172' title='bbox 102 2762 166 2809; x_wconf 88' lang='lat' dir='ltr'><strong>eum</strong></span> <span class='ocrx_word' id='word_1_173' title='bbox 188 2749 380 2812; x_wconf 87' lang='lat' dir='ltr'><strong>venturum</strong></span> <span class='ocrx_word' id='word_1_174' title='bbox 402 2743 638 2813; x_wconf 87' lang='lat' dir='ltr'><strong>crediderunt.</strong></span> <span class='ocrx_word' id='word_1_175' title='bbox 656 2771 673 2805; x_wconf 82' lang='lat' dir='ltr'><strong>n</strong></span> <span class='ocrx_word' id='word_1_176' title='bbox 691 2742 869 2813; x_wconf 88' lang='lat' dir='ltr'><strong>Videlicet</strong></span> <span class='ocrx_word' id='word_1_177' title='bbox 885 2744 976 2834; x_wconf 92' lang='lat' dir='ltr'><strong>quod</strong></span> <span class='ocrx_word' id='word_1_178' title='bbox 994 2765 1036 2812; x_wconf 88' lang='lat' dir='ltr'><strong>ex</strong></span> <span class='ocrx_word' id='word_1_179' title='bbox 1052 2744 1267 2814; x_wconf 90' lang='lat' dir='ltr'><strong>revelatione</strong></span> 
     </span>
     <span class='ocr_line' id='line_1_24' title="bbox 103 2851 1267 2943; baseline 0.007 -29"><span class='ocrx_word' id='word_1_180' title='bbox 103 2857 332 2938; x_wconf 85' lang='lat' dir='ltr'><strong>cognoverunt</strong></span> <span class='ocrx_word' id='word_1_181' title='bbox 355 2851 479 2921; x_wconf 87' lang='lat' dir='ltr'><strong>saltem</strong></span> <span class='ocrx_word' id='word_1_182' title='bbox 502 2851 674 2942; x_wconf 86' lang='lat' dir='ltr'><strong>implicite</strong></span> <span class='ocrx_word' id='word_1_183' title='bbox 691 2852 852 2920; x_wconf 86' lang='lat' dir='ltr'><strong>futurum</strong></span> <span class='ocrx_word' id='word_1_184' title='bbox 868 2851 1130 2943; x_wconf 86' lang='lat' dir='ltr'><strong>Redemptorem</strong></span> <span class='ocrx_word' id='word_1_185' title='bbox 1146 2853 1210 2939; x_wconf 80' lang='lat'><strong>(2),</strong></span> <span class='ocrx_word' id='word_1_186' title='bbox 1230 2853 1267 2922; x_wconf 94' lang='lat' dir='ltr'><strong>id</strong></span> 
     </span>
    </p>
   </div>
   <div class='ocr_carea' id='block_1_3' title="bbox 104 3033 1332 3742">
    <p class='ocr_par' dir='ltr' id='par_1_3' title="bbox 104 3033 1332 3742">
     <span class='ocr_line' id='line_1_25' title="bbox 155 3033 1268 3108; baseline 0.006 -22"><span class='ocrx_word' id='word_1_187' title='bbox 155 3033 195 3108; x_wconf 86' lang='grc'><strong>(1)</strong></span> <span class='ocrx_word' id='word_1_188' title='bbox 215 3035 270 3089; x_wconf 86' lang='lat' dir='ltr'><strong>Per</strong></span> <span class='ocrx_word' id='word_1_189' title='bbox 289 3051 319 3088; x_wconf 84' lang='lat' dir='ltr'><strong>ae</strong></span> <span class='ocrx_word' id='word_1_190' title='bbox 338 3039 430 3104; x_wconf 84' lang='lat' dir='ltr'><strong>patet,</strong></span> <span class='ocrx_word' id='word_1_191' title='bbox 452 3039 485 3090; x_wconf 86' lang='lat' dir='ltr'><strong>ut</strong></span> <span class='ocrx_word' id='word_1_192' title='bbox 504 3037 561 3089; x_wconf 87' lang='lat' dir='ltr'><strong>iam</strong></span> <span class='ocrx_word' id='word_1_193' title='bbox 580 3053 666 3104; x_wconf 80' lang='lat' dir='ltr'><strong>snpra</strong></span> <span class='ocrx_word' id='word_1_194' title='bbox 685 3039 796 3104; x_wconf 87' lang='lat' dir='ltr'><strong>monui,</strong></span> <span class='ocrx_word' id='word_1_195' title='bbox 817 3055 873 3093; x_wconf 92' lang='lat' dir='ltr'><strong>non</strong></span> <span class='ocrx_word' id='word_1_196' title='bbox 894 3054 956 3092; x_wconf 86' lang='lat' dir='ltr'><strong>esse</strong></span> <span class='ocrx_word' id='word_1_197' title='bbox 976 3053 1131 3092; x_wconf 89' lang='lat' dir='ltr'><strong>sermonem</strong></span> <span class='ocrx_word' id='word_1_198' title='bbox 1151 3038 1185 3092; x_wconf 91' lang='lat' dir='ltr'><strong>de</strong></span> <span class='ocrx_word' id='word_1_199' title='bbox 1206 3043 1268 3093; x_wconf 88' lang='lat' dir='ltr'><strong>tota</strong></span> 
     </span>
     <span class='ocr_line' id='line_1_26' title="bbox 104 3123 1332 3197; baseline 0.007 -23"><span class='ocrx_word' id='word_1_200' title='bbox 104 3123 154 3190; x_wconf 74' lang='lat' dir='ltr'><strong>lere</strong></span> <span class='ocrx_word' id='word_1_201' title='bbox 171 3131 295 3180; x_wconf 80' lang='lat' dir='ltr'><strong>naturae</strong></span> <span class='ocrx_word' id='word_1_202' title='bbox 314 3131 367 3180; x_wconf 88' lang='lat' dir='ltr'><strong>aut</strong></span> <span class='ocrx_word' id='word_1_203' title='bbox 385 3127 577 3194; x_wconf 78' lang='lat' dir='ltr'><strong>cognoscenda</strong></span> <span class='ocrx_word' id='word_1_204' title='bbox 598 3133 649 3182; x_wconf 83' lang='lat' dir='ltr'><strong>aut</strong></span> <span class='ocrx_word' id='word_1_205' title='bbox 667 3129 813 3197; x_wconf 88' lang='lat' dir='ltr'><strong>implenda</strong></span> <span class='ocrx_word' id='word_1_206' title='bbox 831 3131 862 3182; x_wconf 91' lang='lat' dir='ltr'><strong>iu</strong></span> <span class='ocrx_word' id='word_1_207' title='bbox 882 3133 947 3184; x_wconf 87' lang='lat' dir='ltr'><strong>actu</strong></span> <span class='ocrx_word' id='word_1_208' title='bbox 968 3129 1100 3183; x_wconf 85' lang='lat' dir='ltr'><strong>seeundo.</strong></span> <span class='ocrx_word' id='word_1_209' title='bbox 1114 3129 1220 3196; x_wconf 77' lang='lat' dir='ltr'><strong>Agitur</strong></span> <span class='ocrx_word' id='word_1_210' title='bbox 1233 3130 1267 3182; x_wconf 83' lang='lat' dir='ltr'><strong>dc</strong></span> <span class='ocrx_word' id='word_1_211' title='bbox 1327 3139 1332 3160; x_wconf 83' lang='lat'><strong>·</strong></span> 
     </span>
     <span class='ocr_line' id='line_1_27' title="bbox 104 3214 1266 3288; baseline 0.009 -23"><span class='ocrx_word' id='word_1_212' title='bbox 104 3214 201 3271; x_wconf 83' lang='lat' dir='ltr'><strong>viribus</strong></span> <span class='ocrx_word' id='word_1_213' title='bbox 223 3217 348 3270; x_wconf 86' lang='lat' dir='ltr'><strong>rationis</strong></span> <span class='ocrx_word' id='word_1_214' title='bbox 368 3233 419 3285; x_wconf 91' lang='lat' dir='ltr'><strong>per</strong></span> <span class='ocrx_word' id='word_1_215' title='bbox 438 3234 469 3272; x_wconf 83' lang='lat' dir='ltr'><strong>eo</strong></span> <span class='ocrx_word' id='word_1_216' title='bbox 488 3220 640 3286; x_wconf 73' lang='lat' dir='ltr'><strong>spectatis,</strong></span> <span class='ocrx_word' id='word_1_217' title='bbox 663 3221 755 3288; x_wconf 84' lang='lat' dir='ltr'><strong>quoad</strong></span> <span class='ocrx_word' id='word_1_218' title='bbox 775 3221 966 3286; x_wconf 82' lang='lat' dir='ltr'><strong>coguitionem</strong></span> <span class='ocrx_word' id='word_1_219' title='bbox 980 3225 1074 3274; x_wconf 86' lang='lat' dir='ltr'><strong>autem</strong></span> <span class='ocrx_word' id='word_1_220' title='bbox 1094 3225 1123 3274; x_wconf 89' lang='lat' dir='ltr'><strong>et</strong></span> <span class='ocrx_word' id='word_1_221' title='bbox 1135 3223 1266 3276; x_wconf 85' lang='lat' dir='ltr'><strong>observa·</strong></span> 
     </span>
     <span class='ocr_line' id='line_1_28' title="bbox 104 3303 1268 3378; baseline 0.009 -24"><span class='ocrx_word' id='word_1_222' title='bbox 104 3303 192 3359; x_wconf 81' lang='lat' dir='ltr'><strong>tionem</strong></span> <span class='ocrx_word' id='word_1_223' title='bbox 212 3307 244 3360; x_wconf 89' lang='lat' dir='ltr'><strong>in</strong></span> <span class='ocrx_word' id='word_1_224' title='bbox 263 3313 331 3360; x_wconf 73' lang='lat' dir='ltr'><strong>ectu</strong></span> <span class='ocrx_word' id='word_1_225' title='bbox 353 3307 476 3361; x_wconf 83' lang='lat' dir='ltr'><strong>secundo</strong></span> <span class='ocrx_word' id='word_1_226' title='bbox 497 3324 591 3362; x_wconf 88' lang='lat' dir='ltr'><strong>eorum</strong></span> <span class='ocrx_word' id='word_1_227' title='bbox 611 3325 682 3376; x_wconf 82' lang='lat' dir='ltr'><strong>quae</strong></span> <span class='ocrx_word' id='word_1_228' title='bbox 698 3309 771 3375; x_wconf 82' lang='lat' dir='ltr'><strong>legis</strong></span> <span class='ocrx_word' id='word_1_229' title='bbox 786 3315 862 3374; x_wconf 86' lang='lat' dir='ltr'><strong>sunt,</strong></span> <span class='ocrx_word' id='word_1_230' title='bbox 878 3311 1034 3378; x_wconf 81' lang='lat' dir='ltr'><strong>Apostolus</strong></span> <span class='ocrx_word' id='word_1_231' title='bbox 1054 3327 1122 3364; x_wconf 87' lang='lat' dir='ltr'><strong>sane</strong></span> <span class='ocrx_word' id='word_1_232' title='bbox 1137 3327 1198 3364; x_wconf 85' lang='lat' dir='ltr'><strong>eam</strong></span> <span class='ocrx_word' id='word_1_233' title='bbox 1211 3327 1268 3365; x_wconf 89' lang='lat' dir='ltr'><strong>non</strong></span> 
     </span>
     <span class='ocr_line' id='line_1_29' title="bbox 105 3393 1266 3468; baseline 0.008 -23"><span class='ocrx_word' id='word_1_234' title='bbox 105 3393 134 3445; x_wconf 87' lang='lat' dir='ltr'><strong>ad</strong></span> <span class='ocrx_word' id='word_1_235' title='bbox 150 3397 237 3462; x_wconf 65' lang='lat' dir='ltr'><strong>legam</strong></span> <span class='ocrx_word' id='word_1_236' title='bbox 255 3399 420 3452; x_wconf 78' lang='lat' dir='ltr'><strong>naturalem</strong></span> <span class='ocrx_word' id='word_1_237' title='bbox 440 3399 605 3453; x_wconf 84' lang='lat' dir='ltr'><strong>universam</strong></span> <span class='ocrx_word' id='word_1_238' title='bbox 624 3400 766 3468; x_wconf 80' lang='lat' dir='ltr'><strong>extendit,</strong></span> <span class='ocrx_word' id='word_1_239' title='bbox 782 3401 830 3453; x_wconf 89' lang='lat' dir='ltr'><strong>sed</strong></span> <span class='ocrx_word' id='word_1_240' title='bbox 850 3400 886 3452; x_wconf 89' lang='lat' dir='ltr'><strong>ad</strong></span> <span class='ocrx_word' id='word_1_241' title='bbox 901 3402 1000 3468; x_wconf 88' lang='lat' dir='ltr'><strong>aliqua</strong></span> <span class='ocrx_word' id='word_1_242' title='bbox 1013 3415 1085 3468; x_wconf 87' lang='lat' dir='ltr'><strong>quae</strong></span> <span class='ocrx_word' id='word_1_243' title='bbox 1099 3401 1173 3466; x_wconf 67' lang='lat' dir='ltr'><strong>legia</strong></span> <span class='ocrx_word' id='word_1_244' title='bbox 1188 3405 1266 3454; x_wconf 87' lang='lat' dir='ltr'><strong>sunt.</strong></span> 
     </span>
     <span class='ocr_line' id='line_1_30' title="bbox 104 3485 1268 3558; baseline 0.003 -19"><span class='ocrx_word' id='word_1_245' title='bbox 104 3485 250 3552; x_wconf 70' lang='lat' dir='ltr'><strong>Siquando</strong></span> <span class='ocrx_word' id='word_1_246' title='bbox 270 3489 448 3540; x_wconf 76' lang='lat' dir='ltr'><strong>naturaliter</strong></span> <span class='ocrx_word' id='word_1_247' title='bbox 456 3489 577 3556; x_wconf 75' lang='lat' dir='ltr'><strong>faciam</strong></span> <span class='ocrx_word' id='word_1_248' title='bbox 590 3507 662 3557; x_wconf 80' lang='lat' dir='ltr'><strong>qaae</strong></span> <span class='ocrx_word' id='word_1_249' title='bbox 673 3492 746 3556; x_wconf 72' lang='lat' dir='ltr'><strong>lupi·</strong></span> <span class='ocrx_word' id='word_1_250' title='bbox 756 3499 832 3552; x_wconf 82' lang='lat' dir='ltr'><strong>sunt,</strong></span> <span class='ocrx_word' id='word_1_251' title='bbox 848 3491 954 3557; x_wconf 88' lang='lat' dir='ltr'><strong>inquit,</strong></span> <span class='ocrx_word' id='word_1_252' title='bbox 976 3490 1114 3545; x_wconf 86' lang='lat' dir='ltr'><strong>eiusmodi</strong></span> <span class='ocrx_word' id='word_1_253' title='bbox 1134 3491 1192 3558; x_wconf 91' lang='lat' dir='ltr'><strong>ipsi</strong></span> <span class='ocrx_word' id='word_1_254' title='bbox 1210 3492 1268 3545; x_wconf 84' lang='lat' dir='ltr'><strong>sibi</strong></span> 
     </span>
     <span class='ocr_line' id='line_1_31' title="bbox 105 3579 1268 3652; baseline 0.009 -28"><span class='ocrx_word' id='word_1_255' title='bbox 105 3581 160 3628; x_wconf 76' lang='lat' dir='ltr'><strong>mm</strong></span> <span class='ocrx_word' id='word_1_256' title='bbox 176 3580 233 3632; x_wconf 85' lang='lat' dir='ltr'><strong>lex.</strong></span> <span class='ocrx_word' id='word_1_257' title='bbox 246 3579 394 3633; x_wconf 72' lang='lat' dir='ltr'><strong>Particula</strong></span> <span class='ocrx_word' id='word_1_258' title='bbox 407 3579 523 3646; x_wconf 79' lang='lat' dir='ltr'><strong>quando</strong></span> <span class='ocrx_word' id='word_1_259' title='bbox 538 3582 584 3634; x_wconf 89' lang='lat' dir='ltr'><strong>vel</strong></span> <span class='ocrx_word' id='word_1_260' title='bbox 600 3581 624 3632; x_wconf 81' lang='grc' dir='ltr'><strong>ιι·</strong></span> <span class='ocrx_word' id='word_1_261' title='bbox 637 3582 753 3648; x_wconf 79' lang='lat' dir='ltr'><strong>quando</strong></span> <span class='ocrx_word' id='word_1_262' title='bbox 767 3597 828 3634; x_wconf 88' lang='lat' dir='ltr'><strong>cum</strong></span> <span class='ocrx_word' id='word_1_263' title='bbox 847 3581 1029 3636; x_wconf 89' lang='lat' dir='ltr'><strong>coniunctivo</strong></span> <span class='ocrx_word' id='word_1_264' title='bbox 1043 3583 1105 3636; x_wconf 72' lang='grc' dir='ltr'><strong>ὁταν</strong></span> <span class='ocrx_word' id='word_1_265' title='bbox 1120 3603 1197 3652; x_wconf 64' lang='lat' dir='ltr'><strong>nora.</strong></span> <span class='ocrx_word' id='word_1_266' title='bbox 1211 3597 1268 3635; x_wconf 90' lang='lat' dir='ltr'><strong>non</strong></span> 
     </span>
     <span class='ocr_line' id='line_1_32' title="bbox 106 3665 1299 3742; baseline 0.003 -23"><span class='ocrx_word' id='word_1_267' title='bbox 106 3665 212 3720; x_wconf 76' lang='lat' dir='ltr'><strong>ammae</strong></span> <span class='ocrx_word' id='word_1_268' title='bbox 230 3669 405 3736; x_wconf 85' lang='lat' dir='ltr'><strong>simpliciter</strong></span> <span class='ocrx_word' id='word_1_269' title='bbox 424 3673 454 3722; x_wconf 87' lang='lat' dir='ltr'><strong>et</strong></span> <span class='ocrx_word' id='word_1_270' title='bbox 466 3669 656 3724; x_wconf 85' lang='lat' dir='ltr'><strong>determinate</strong></span> <span class='ocrx_word' id='word_1_271' title='bbox 676 3675 782 3736; x_wconf 62' lang='lat' dir='ltr'><strong>actuum</strong></span> <span class='ocrx_word' id='word_1_272' title='bbox 799 3670 848 3724; x_wconf 88' lang='lat' dir='ltr'><strong>sed</strong></span> <span class='ocrx_word' id='word_1_273' title='bbox 862 3670 972 3725; x_wconf 89' lang='lat' dir='ltr'><strong>indicat</strong></span> <span class='ocrx_word' id='word_1_274' title='bbox 985 3674 1044 3724; x_wconf 88' lang='lat' dir='ltr'><strong>tum</strong></span> <span class='ocrx_word' id='word_1_275' title='bbox 1057 3671 1218 3736; x_wconf 79' lang='lat' dir='ltr'><strong>potentium</strong></span> <span class='ocrx_word' id='word_1_276' title='bbox 1232 3671 1269 3722; x_wconf 83' lang='lat' dir='ltr'><strong>ad</strong></span> <span class='ocrx_word' id='word_1_277' title='bbox 1295 3733 1299 3742; x_wconf 24' lang='lat'>⁸</span> 
     </span>
    </p>
   </div>
   <div class='ocr_carea' id='block_1_4' title="bbox 106 3757 1384 3828">
    <p class='ocr_par' dir='ltr' id='par_1_4' title="bbox 106 3757 1384 3828">
     <span class='ocr_line' id='line_1_33' title="bbox 106 3757 1384 3828; baseline 0.005 -21"><span class='ocrx_word' id='word_1_278' title='bbox 106 3757 227 3816; x_wconf 71' lang='lat' dir='ltr'><strong>coendum</strong></span> <span class='ocrx_word' id='word_1_279' title='bbox 239 3763 298 3811; x_wconf 85' lang='lat' dir='ltr'><strong>tum</strong></span> <span class='ocrx_word' id='word_1_280' title='bbox 305 3759 421 3826; x_wconf 79' lang='lat' dir='ltr'><strong>sactum</strong></span> <span class='ocrx_word' id='word_1_281' title='bbox 433 3768 545 3812; x_wconf 79' lang='lat' dir='ltr'><strong>actuum</strong></span> <span class='ocrx_word' id='word_1_282' title='bbox 559 3761 720 3827; x_wconf 79' lang='lat' dir='ltr'><strong>aliquorum</strong></span> <span class='ocrx_word' id='word_1_283' title='bbox 734 3761 966 3814; x_wconf 88' lang='lat' dir='ltr'><strong>indeterminate:</strong></span> <span class='ocrx_word' id='word_1_284' title='bbox 979 3775 1029 3814; x_wconf 89' lang='lat' dir='ltr'><strong>nec</strong></span> <span class='ocrx_word' id='word_1_285' title='bbox 1040 3777 1171 3826; x_wconf 80' lang='lat' dir='ltr'><strong>maguum</strong></span> <span class='ocrx_word' id='word_1_286' title='bbox 1181 3761 1267 3814; x_wconf 88' lang='lat' dir='ltr'><strong>etiam</strong></span> <span class='ocrx_word' id='word_1_287' title='bbox 1382 3821 1384 3828; x_wconf 31' lang='lat'><strong>¹</strong></span> 
     </span>
    </p>
   </div>
   <div class='ocr_carea' id='block_1_5' title="bbox 106 3842 1269 4550">
    <p class='ocr_par' dir='ltr' id='par_1_5' title="bbox 106 3842 1267 4008">
     <span class='ocr_line' id='line_1_34' title="bbox 106 3842 1267 3918; baseline 0.006 -21"><span class='ocrx_word' id='word_1_288' title='bbox 106 3842 151 3896; x_wconf 69' lang='lat' dir='ltr'><strong>erit</strong></span> <span class='ocrx_word' id='word_1_289' title='bbox 161 3845 322 3916; x_wconf 77' lang='lat' dir='ltr'><strong>discrimen,</strong></span> <span class='ocrx_word' id='word_1_290' title='bbox 336 3848 362 3900; x_wconf 85' lang='lat' dir='ltr'><strong>si</strong></span> <span class='ocrx_word' id='word_1_291' title='bbox 376 3864 438 3902; x_wconf 85' lang='lat' dir='ltr'><strong>cum</strong></span> <span class='ocrx_word' id='word_1_292' title='bbox 457 3851 590 3917; x_wconf 85' lang='lat' dir='ltr'><strong>pluribus</strong></span> <span class='ocrx_word' id='word_1_293' title='bbox 602 3851 689 3904; x_wconf 81' lang='lat' dir='ltr'><strong>codd.</strong></span> <span class='ocrx_word' id='word_1_294' title='bbox 700 3852 813 3918; x_wconf 83' lang='lat' dir='ltr'><strong>legatur</strong></span> <span class='ocrx_word' id='word_1_295' title='bbox 824 3853 855 3904; x_wconf 90' lang='lat' dir='ltr'><strong>iu</strong></span> <span class='ocrx_word' id='word_1_296' title='bbox 866 3851 1025 3904; x_wconf 83' lang='lat' dir='ltr'><strong>indicativo</strong></span> <span class='ocrx_word' id='word_1_297' title='bbox 1041 3869 1106 3905; x_wconf 65' lang='lat' dir='ltr'><strong>nossa</strong></span> <span class='ocrx_word' id='word_1_298' title='bbox 1119 3853 1165 3904; x_wconf 91' lang='lat' dir='ltr'><strong>vel</strong></span> <span class='ocrx_word' id='word_1_299' title='bbox 1180 3873 1267 3904; x_wconf 77' lang='lat' dir='ltr'><strong>romo-</strong></span> 
     </span>
     <span class='ocr_line' id='line_1_35' title="bbox 107 3937 1017 4008; baseline 0.005 -19"><span class='ocrx_word' id='word_1_300' title='bbox 107 3937 209 3990; x_wconf 66' lang='lat' dir='ltr'><strong>camai</strong></span> <span class='ocrx_word' id='word_1_301' title='bbox 229 3937 304 4005; x_wconf 90' lang='lat' dir='ltr'><strong>qnod</strong></span> <span class='ocrx_word' id='word_1_302' title='bbox 328 3941 546 3994; x_wconf 82' lang='lat' dir='ltr'><strong>asseverantiue</strong></span> <span class='ocrx_word' id='word_1_303' title='bbox 565 3951 642 3994; x_wconf 79' lang='lat' dir='ltr'><strong>octos</strong></span> <span class='ocrx_word' id='word_1_304' title='bbox 661 3942 755 4008; x_wconf 78' lang='lat' dir='ltr'><strong>aliqui</strong></span> <span class='ocrx_word' id='word_1_305' title='bbox 774 3941 1017 4008; x_wconf 81' lang='lat' dir='ltr'><strong>significarentur.</strong></span> 
     </span>
    </p>

    <p class='ocr_par' dir='ltr' id='par_1_6' title="bbox 107 4021 1269 4550">
     <span class='ocr_line' id='line_1_36' title="bbox 156 4021 1269 4097; baseline 0.006 -19"><span class='ocrx_word' id='word_1_306' title='bbox 156 4021 194 4097; x_wconf 65' lang='grc' dir='ltr'><strong>(Β)</strong></span> <span class='ocrx_word' id='word_1_307' title='bbox 211 4029 252 4082; x_wconf 84' lang='lat' dir='ltr'><strong>De</strong></span> <span class='ocrx_word' id='word_1_308' title='bbox 265 4028 321 4081; x_wconf 84' lang='lat' dir='ltr'><strong>ilde</strong></span> <span class='ocrx_word' id='word_1_309' title='bbox 335 4029 479 4096; x_wconf 86' lang='lat' dir='ltr'><strong>implicita</strong></span> <span class='ocrx_word' id='word_1_310' title='bbox 499 4031 531 4082; x_wconf 90' lang='lat' dir='ltr'><strong>in</strong></span> <span class='ocrx_word' id='word_1_311' title='bbox 551 4029 698 4084; x_wconf 72' lang='lat' dir='ltr'><strong>Christum</strong></span> <span class='ocrx_word' id='word_1_312' title='bbox 715 4031 870 4085; x_wconf 84' lang='lat' dir='ltr'><strong>sufficiente</strong></span> <span class='ocrx_word' id='word_1_313' title='bbox 886 4031 1055 4086; x_wconf 86' lang='lat' dir='ltr'><strong>adsalutem</strong></span> <span class='ocrx_word' id='word_1_314' title='bbox 1076 4034 1177 4086; x_wconf 81' lang='lat' dir='ltr'><strong>saltem</strong></span> <span class='ocrx_word' id='word_1_315' title='bbox 1200 4037 1269 4086; x_wconf 87' lang='lat' dir='ltr'><strong>enta</strong></span> 
     </span>
     <span class='ocr_line' id='line_1_37' title="bbox 107 4119 1268 4190; baseline 0.009 -24"><span class='ocrx_word' id='word_1_316' title='bbox 107 4119 347 4183; x_wconf 67' lang='lat' dir='ltr'><strong>promulgationem</strong></span> <span class='ocrx_word' id='word_1_317' title='bbox 367 4119 522 4187; x_wconf 76' lang='lat' dir='ltr'><strong>Evangelii</strong></span> <span class='ocrx_word' id='word_1_318' title='bbox 541 4121 585 4174; x_wconf 85' lang='lat' dir='ltr'><strong>ita</strong></span> <span class='ocrx_word' id='word_1_319' title='bbox 602 4121 733 4189; x_wconf 86' lang='lat' dir='ltr'><strong>loquitur</strong></span> <span class='ocrx_word' id='word_1_320' title='bbox 751 4121 922 4186; x_wconf 81' lang='lat' dir='ltr'><strong>Angelicus:</strong></span> <span class='ocrx_word' id='word_1_321' title='bbox 937 4121 992 4176; x_wconf 76' lang='lat' dir='ltr'><strong>usi</strong></span> <span class='ocrx_word' id='word_1_322' title='bbox 1013 4123 1064 4190; x_wconf 89' lang='lat' dir='ltr'><strong>qui</strong></span> <span class='ocrx_word' id='word_1_323' title='bbox 1086 4123 1196 4176; x_wconf 85' lang='lat' dir='ltr'><strong>aalvati</strong></span> <span class='ocrx_word' id='word_1_324' title='bbox 1210 4124 1268 4177; x_wconf 83' lang='lat' dir='ltr'><strong>fus·</strong></span> 
     </span>
     <span class='ocr_line' id='line_1_38' title="bbox 109 4208 1268 4281; baseline 0.008 -26"><span class='ocrx_word' id='word_1_325' title='bbox 109 4208 171 4268; x_wconf 74' lang='lat' dir='ltr'><strong>nui,</strong></span> <span class='ocrx_word' id='word_1_326' title='bbox 190 4209 296 4275; x_wconf 85' lang='lat' dir='ltr'><strong>quibus</strong></span> <span class='ocrx_word' id='word_1_327' title='bbox 320 4211 461 4263; x_wconf 85' lang='lat' dir='ltr'><strong>revelatio</strong></span> <span class='ocrx_word' id='word_1_328' title='bbox 481 4225 537 4263; x_wconf 90' lang='lat' dir='ltr'><strong>uon</strong></span> <span class='ocrx_word' id='word_1_329' title='bbox 560 4211 618 4264; x_wconf 82' lang='lat' dir='ltr'><strong>luit</strong></span> <span class='ocrx_word' id='word_1_330' title='bbox 636 4211 722 4276; x_wconf 84' lang='lat' dir='ltr'><strong>iactu,</strong></span> <span class='ocrx_word' id='word_1_331' title='bbox 745 4225 801 4264; x_wconf 89' lang='lat' dir='ltr'><strong>uon</strong></span> <span class='ocrx_word' id='word_1_332' title='bbox 823 4212 941 4264; x_wconf 82' lang='lat' dir='ltr'><strong>fuorunt</strong></span> <span class='ocrx_word' id='word_1_333' title='bbox 961 4213 1067 4266; x_wconf 84' lang='lat' dir='ltr'><strong>salvati</strong></span> <span class='ocrx_word' id='word_1_334' title='bbox 1088 4214 1195 4281; x_wconf 85' lang='lat' dir='ltr'><strong>absquo</strong></span> <span class='ocrx_word' id='word_1_335' title='bbox 1214 4213 1268 4265; x_wconf 86' lang='lat' dir='ltr'><strong>flde</strong></span> 
     </span>
     <span class='ocr_line' id='line_1_39' title="bbox 110 4291 1267 4368; baseline 0.009 -24"><span class='ocrx_word' id='word_1_336' title='bbox 110 4291 271 4362; x_wconf 72' lang='lat' dir='ltr'><strong>nutamus,</strong></span> <span class='ocrx_word' id='word_1_337' title='bbox 294 4300 364 4365; x_wconf 86' lang='lat' dir='ltr'><strong>quia</strong></span> <span class='ocrx_word' id='word_1_338' title='bbox 383 4301 440 4352; x_wconf 87' lang='lat' dir='ltr'><strong>etsi</strong></span> <span class='ocrx_word' id='word_1_339' title='bbox 459 4316 515 4352; x_wconf 91' lang='lat' dir='ltr'><strong>uon</strong></span> <span class='ocrx_word' id='word_1_340' title='bbox 529 4301 692 4354; x_wconf 82' lang='lat' dir='ltr'><strong>habuerunt</strong></span> <span class='ocrx_word' id='word_1_341' title='bbox 704 4300 787 4354; x_wconf 85' lang='lat' dir='ltr'><strong>fldem</strong></span> <span class='ocrx_word' id='word_1_342' title='bbox 801 4302 976 4368; x_wconf 81' lang='lat' dir='ltr'><strong>explicitam,</strong></span> <span class='ocrx_word' id='word_1_343' title='bbox 993 4303 1159 4356; x_wconf 83' lang='lat' dir='ltr'><strong>habuerunt</strong></span> <span class='ocrx_word' id='word_1_344' title='bbox 1172 4306 1267 4355; x_wconf 84' lang='lat' dir='ltr'><strong>tamen</strong></span> 
     </span>
     <span class='ocr_line' id='line_1_40' title="bbox 112 4377 1267 4458; baseline 0.005 -22"><span class='ocrx_word' id='word_1_345' title='bbox 112 4377 177 4436; x_wconf 72' lang='lat' dir='ltr'><strong>fldem</strong></span> <span class='ocrx_word' id='word_1_346' title='bbox 193 4387 364 4456; x_wconf 82' lang='lat' dir='ltr'><strong>implicitam</strong></span> <span class='ocrx_word' id='word_1_347' title='bbox 388 4377 420 4441; x_wconf 86' lang='lat' dir='ltr'><strong>in</strong></span> <span class='ocrx_word' id='word_1_348' title='bbox 441 4389 542 4442; x_wconf 85' lang='lat' dir='ltr'><strong>divina</strong></span> <span class='ocrx_word' id='word_1_349' title='bbox 561 4391 754 4458; x_wconf 84' lang='lat' dir='ltr'><strong>providentia,</strong></span> <span class='ocrx_word' id='word_1_350' title='bbox 776 4391 923 4444; x_wconf 87' lang='lat' dir='ltr'><strong>credentes</strong></span> <span class='ocrx_word' id='word_1_351' title='bbox 940 4393 1028 4446; x_wconf 85' lang='lat' dir='ltr'><strong>Deum</strong></span> <span class='ocrx_word' id='word_1_352' title='bbox 1049 4409 1111 4446; x_wconf 85' lang='lat' dir='ltr'><strong>esso</strong></span> <span class='ocrx_word' id='word_1_353' title='bbox 1133 4393 1267 4446; x_wconf 84' lang='lat' dir='ltr'><strong>liberato·</strong></span> 
     </span>
     <span class='ocr_line' id='line_1_41' title="bbox 112 4477 1266 4550; baseline 0.007 -23"><span class='ocrx_word' id='word_1_354' title='bbox 112 4483 158 4526; x_wconf 75' lang='lat' dir='ltr'><strong>ren</strong></span> <span class='ocrx_word' id='word_1_355' title='bbox 177 4477 319 4534; x_wconf 83' lang='lat' dir='ltr'><strong>hominum</strong></span> <span class='ocrx_word' id='word_1_356' title='bbox 339 4480 493 4536; x_wconf 85' lang='lat' dir='ltr'><strong>secuudum</strong></span> <span class='ocrx_word' id='word_1_357' title='bbox 513 4481 607 4536; x_wconf 81' lang='lat' dir='ltr'><strong>modos</strong></span> <span class='ocrx_word' id='word_1_358' title='bbox 622 4481 679 4536; x_wconf 81' lang='lat' dir='ltr'><strong>sibl</strong></span> <span class='ocrx_word' id='word_1_359' title='bbox 691 4483 814 4548; x_wconf 82' lang='lat' dir='ltr'><strong>placitos</strong></span> <span class='ocrx_word' id='word_1_360' title='bbox 826 4503 839 4532; x_wconf 77' lang='lat' dir='ltr'><strong>a</strong></span> <span class='ocrx_word' id='word_1_361' title='bbox 851 4481 880 4536; x_wconf 83' lang='lat' dir='ltr'><strong>S.</strong></span> <span class='ocrx_word' id='word_1_362' title='bbox 893 4483 946 4536; x_wconf 69' lang='grc' dir='ltr'><strong>Ἧι.</strong></span> <span class='ocrx_word' id='word_1_363' title='bbox 958 4483 985 4536; x_wconf 82' lang='lat'><strong>2.</strong></span> <span class='ocrx_word' id='word_1_364' title='bbox 997 4485 1024 4538; x_wconf 81' lang='lat'><strong>2.</strong></span> <span class='ocrx_word' id='word_1_365' title='bbox 1038 4499 1066 4550; x_wconf 86' lang='lat' dir='ltr'><strong>q.</strong></span> <span class='ocrx_word' id='word_1_366' title='bbox 1080 4486 1106 4537; x_wconf 82' lang='lat'><strong>2.</strong></span> <span class='ocrx_word' id='word_1_367' title='bbox 1120 4483 1174 4538; x_wconf 74' lang='lat' dir='ltr'><strong>ai.</strong></span> <span class='ocrx_word' id='word_1_368' title='bbox 1186 4483 1222 4536; x_wconf 86' lang='lat' dir='ltr'><strong>ad</strong></span> <span class='ocrx_word' id='word_1_369' title='bbox 1235 4485 1266 4550; x_wconf 86' lang='grc'><strong>3;</strong></span> 
     </span>
    </p>
   </div>
   <div class='ocr_carea' id='block_1_6' title="bbox 0 0 1707 5056">
    <p class='ocr_par' dir='ltr' id='par_1_7' title="bbox 0 0 1707 5056">
     <span class='ocr_line' id='line_1_42' title="bbox 0 0 1707 5056; baseline 0 0"><span class='ocrx_word' id='word_1_370' title='bbox 0 0 1707 5056; x_wconf 95' lang='lat' dir='ltr'><strong> </strong></span> 
     </span>
    </p>
   </div>
  </div>
 </body>
</html>
