3310 5056
906 363 943 377 -
968 331 1025 392 100
1046 365 1083 377 -

415 435 685 504 «Ratiocinatio
708 435 773 503 Dei
797 436 1033 522 existentiam,
1052 439 1187 506 animae
1199 436 1500 526 spiritualitatem,
1522 437 1573 505 ho-

413 542 516 610 minis
540 542 736 611 libertatem
761 567 836 612 cum
858 545 1070 612 certitudine
1086 546 1230 632 probare
1248 550 1373 636 petest.
1395 575 1411 606 n
1429 545 1529 635 Prop.
1542 546 1573 612 4.

416 649 630 718 eMetbodus
654 672 723 741 qua
740 653 796 718 usi
812 656 895 718 sunt
910 653 954 720 D.
967 652 1129 736 Thomas,
1144 654 1188 720 D.
1206 653 1455 721 Beneventura
1470 660 1505 720 et
1520 652 1574 720 alii

413 763 491 846 post
513 758 607 846 ipses
631 757 840 826 Scholastici
865 782 932 826 non
956 759 1000 827 ad
1024 760 1302 828 rationalismum
1333 761 1447 846 ducit,
1474 782 1574 852 neque

414 885 519 932 cause
542 865 625 948 fuit,
653 888 715 933 cur
738 866 831 954 apud
855 865 991 934 scholas
1024 865 1210 934 hodiernae
1233 867 1455 958 philosophia
1474 868 1575 936 inua-

411 971 634 1040 turalismum
657 979 693 1040 et
715 972 970 1062 pantheismum
994 973 1249 1063 impingeret„

878 1197 1022 1258 THESIS
1044 1198 1114 1258 Vll.

498 1322 544 1383 De
564 1339 659 1384 sense
680 1339 742 1400 que
766 1323 883 1383 Patres
904 1325 1069 1382 notionem
1090 1323 1151 1385 Dei
1171 1333 1313 1384 naturae
1334 1323 1498 1383 humanae

831 1419 956 1482 insitam
979 1423 1159 1497 appellant.

477 1573 489 1629 i
504 1581 590 1634 Notio
609 1580 662 1633 Dei
680 1579 831 1647 primitlve
850 1585 879 1634 et
902 1583 995 1636 adhuc
1013 1583 1131 1636 confuse
1150 1599 1167 1636 e
1185 1581 1233 1636 SS.
1246 1582 1381 1636 Patribus
1400 1589 1521 1633 netum
1537 1581 1575 1630 in·

413 1666 494 1719 scite
512 1668 678 1734 appelletur
697 1683 752 1720 nen
772 1683 804 1719 eo
823 1683 919 1734 seusu,
941 1683 995 1736 qno
1015 1669 1189 1722 recentiores
1210 1668 1325 1736 quidem
1340 1667 1374 1721 de
1388 1668 1460 1718 ideis
1473 1667 1577 1718 tenetis

413 1757 609 1822 eloquuntur.
628 1757 729 1808 Patres
748 1755 822 1808 euim
841 1757 923 1810 illem
942 1757 994 1810 Dei
1014 1758 1148 1811 notitiem
1167 1773 1229 1811 cem
1249 1758 1313 1826 ipse
1325 1756 1463 1810 rationali
1478 1759 1577 1810 nature

412 1870 423 1895 n
439 1852 595 1900 consertam
617 1845 725 1910 dicunt,
742 1845 817 1912 quod
831 1851 951 1899 naturae
965 1846 1056 1900 insito
1072 1847 1180 1900 lemine
1194 1847 1277 1900 velut
1290 1849 1391 1914 sponte
1405 1845 1577 1913 concipietur

410 1949 475 1988 nex
497 1935 582 1987 ebria
600 1947 693 1988 rerum
711 1935 917 1987 mundanarum
936 1935 1165 1988 consideratione
1184 1936 1260 1988 eitra
1278 1934 1499 2002 inquisitionem
1519 1933 1577 2000 pbi-

411 2047 423 2074 η
439 2025 612 2092 losephicem
625 2029 655 2077 et
668 2026 743 2078 citra
760 2025 974 2078 iustitutionem
994 2027 1137 2094 positivae
1156 2025 1363 2090 revelationis,
1384 2023 1510 2090 adeoque
1525 2021 1576 2074 dis·

411 2114 578 2178 »tinguent
596 2115 727 2166 notitiem
745 2115 860 2167 insitam
879 2131 934 2168 nou
955 2116 989 2168 eb
1010 2115 1154 2182 aequisita
1173 2114 1357 2181 simpliciter,
1374 2113 1423 2166 sed
1437 2117 1497 2165 tum
1511 2126 1575 2164 eec-

411 2205 569 2272 ugnitione
588 2205 739 2258 exceltieri
759 2221 810 2274 per
821 2205 1022 2270 diligentiores
1041 2204 1265 2270 subtilioreeque
1285 2203 1502 2268 meditationes,
1523 2205 1576 2253 tum

412 2295 561 2348 »maxime
579 2311 597 2348 e
614 2295 776 2362 cognitione
795 2296 961 2364 perfectiori
981 2311 1054 2362 quae
1072 2295 1246 2349 revelationi
1265 2293 1395 2348 debetur.
1408 2313 1421 2340 n

474 2469 714 2559 coguitionem
744 2469 899 2561 aliquam
930 2467 996 2537 Dei
1027 2469 1185 2538 omuibus
1217 2466 1415 2536 hominibus
1445 2467 1575 2536 ratione

407 2580 587 2648 utentibus
611 2583 644 2666 (e
663 2579 817 2666 exeeptis
840 2577 974 2666 paucis,
989 2575 1027 2644 in
1051 2578 1178 2668 quibua
1201 2584 1331 2644 natura
1354 2574 1501 2644 nimium
1524 2573 1575 2642 de·

408 2693 557 2776 pravata
579 2695 633 2754 eet
650 2689 683 2771 n)
700 2706 909 2754 communem
933 2691 969 2753 et
993 2683 1093 2752 velut
1115 2692 1237 2774 sponte
1260 2683 1471 2752 oborientem
1484 2703 1506 2748 a
1519 2681 1575 2748 Pa·

407 2794 524 2862 tribus
547 2816 672 2882 magno
695 2814 863 2862 consensu
886 2791 1008 2876 asseri,
1035 2790 1244 2884 eandemque
1267 2800 1415 2860 naturae
1438 2789 1576 2857 insitam

395 2900 489 2982 dici,
504 2923 546 2968 ex
570 2900 741 2989 superiori
763 2898 856 2966 thesi
880 2897 968 2968 satis
992 2905 1140 2967 constat.
1160 2898 1214 2964 Ex
1234 2897 1299 2964 hae
1315 2905 1432 2964 autem
1448 2904 1485 2966 et
1499 2895 1576 2962 aliis

407 3008 490 3076 huic
526 3008 675 3096 geminis
706 3005 1001 3096 appellationibus
1031 3013 1069 3073 et
1098 3004 1414 3095 descriptionibus,
1440 3003 1575 3096 quidam
1647 3007 1648 3010 ’

409 3115 479 3182 viri
518 3114 650 3182 eruditi
686 3113 945 3199 Thomasinus,
979 3113 1152 3182 Heuricus
1186 3113 1298 3196 Klee,
1336 3119 1373 3181 et
1406 3119 1485 3202 post
1522 3132 1576 3180 ces

408 3220 654 3290 Staudenmair
677 3220 914 3288 demonstrare
937 3221 1099 3309 aggressi
1123 3228 1227 3304 sunt,
1247 3241 1346 3288 suam
1370 3221 1575 3288 seutentiam

408 3328 449 3397 de
472 3327 550 3396 idea
565 3327 630 3396 Dei
646 3327 768 3394 innata
784 3337 820 3396 et
834 3319 984 3395 naturae
1000 3327 1167 3396 rationali
1192 3336 1376 3398 concreata
1391 3329 1574 3418 genuinam

407 3457 481 3504 esse
504 3441 540 3503 et
563 3435 622 3502 vix
646 3457 714 3501 neu
738 3457 949 3504 communem
968 3435 1113 3503 Petrum
1130 3436 1336 3504 doctrinam.
1353 3437 1426 3505 Nes
1442 3436 1574 3528 quidem

407 3543 506 3610 illam
533 3541 723 3631 opinionem
758 3541 996 3634 philosophice
1028 3551 1218 3634 spectatam
1251 3552 1415 3634 putamus
1444 3544 1574 3612 demon·

408 3650 516 3718 strari
540 3639 638 3739 pess'e
660 3649 757 3718 nullo
788 3649 890 3739 plene
920 3650 1038 3718 nixam
1071 3651 1182 3719 solido
1213 3650 1460 3738 fundament03
1486 3671 1575 3718 nune

407 3760 521 3824 temen
547 3757 646 3826 unice
669 3757 711 3824 de
734 3757 879 3824 Petrum
903 3751 1077 3825 sententie
1100 3781 1210 3826 sermo
1237 3757 1337 3826 uobis
1359 3766 1425 3841 est,
1452 3757 1512 3850 qui
1535 3756 1574 3824 de

407 3862 473 3932 hae
495 3886 533 3931 re
556 3887 623 3932 uon
647 3885 728 3934 rare
751 3865 787 3932 in
812 3864 1021 3934 counexione
1045 3887 1121 3933 eum
1138 3865 1299 3934 doctrina
1315 3864 1573 3956 scripturarum

408 3975 512 4061 atque
535 3971 619 4040 adeo
642 3972 835 4062 theologice
858 3971 1062 4064 loquuntur.

472 4077 644 4166 Inspectis
659 4079 777 4170 itaque
790 4081 933 4148 Petrum
950 4081 1170 4149 contestibus
1187 4080 1323 4149 omniuo
1339 4079 1570 4162 convincitur,

407 4183 497 4250 hene
519 4185 630 4272 ipsam
653 4187 896 4276 cognitionem,
923 4209 1010 4276 quae
1035 4187 1183 4278 prolatis
1205 4211 1323 4258 eorum
1347 4189 1463 4259 verbis
1485 4210 1571 4256 assc-

406 4290 503 4359 ritur
524 4291 633 4360 insite
655 4301 691 4362 et
713 4295 899 4384 congenita
921 4299 1090 4380 naturae,
1117 4296 1232 4366 doceri
1256 4298 1411 4366 obortam
1434 4319 1475 4365 ex
1498 4317 1570 4385 epe-

407 4420 483 4466 rum
506 4398 572 4468 Dei
594 4400 805 4490 inspectione
831 4402 916 4471 lieet
950 4403 1054 4472 obvia
1082 4409 1119 4472 et
1149 4412 1271 4494 sponte
1300 4429 1337 4474 se
1367 4406 1567 4496 ingerente,
