3230 5072
879 345 917 360 -
938 310 999 376 440
1018 343 1057 358 -

393 418 470 504 scit,
486 417 575 511 quod
598 417 688 486 idem
711 416 886 486 existendi
909 417 1116 486 necessitate
1147 435 1264 484 cerere
1286 437 1358 484 non
1380 413 1560 484 nesciet.»

391 523 446 592 C.
506 575 514 594 .
638 573 646 590 .

420 522 735 714 tabuilfflmodo
759 629 957 698 assueverit
979 627 1199 698 considerare
1222 629 1412 698 veritatem
1436 625 1565 694 liberae

391 846 506 914 omnia
528 844 801 934 complectentis,
828 844 920 912 sicut
943 843 980 911 in
996 865 1033 912 so
1049 849 1146 926 sunt,
1168 865 1235 910 non
1260 843 1404 910 nimiam
1430 842 1470 909 in
1495 860 1566 930 per-

390 951 568 1043 spicienda
591 951 735 1020 fallacia
758 959 1041 1041 argumentorum
1066 972 1155 1042 quac
1177 949 1303 1040 opponi
1326 949 1454 1032 solent,
1473 969 1566 1036 repe

389 1061 460 1128 niet
482 1058 735 1128 difficultatem.
753 1058 845 1141 Quia
862 1067 977 1127 temen
994 1059 1031 1125 in
1046 1057 1111 1126 hac
1127 1081 1164 1126 re
1180 1080 1248 1125 non
1263 1065 1318 1126 est
1332 1057 1566 1148 inopportune

390 1173 428 1236 et
449 1167 542 1256 apud
564 1165 745 1255 theologos
768 1163 952 1234 admodum
984 1165 1150 1256 frequens
1180 1163 1365 1235 distinctio
1396 1162 1565 1254 quaedam

389 1274 483 1343 inter
505 1272 758 1357 necessitatem,
774 1295 861 1364 quae
885 1295 953 1340 aon
976 1272 1075 1340 tollit
1099 1273 1158 1342 sed
1189 1273 1293 1341 immo
1332 1270 1504 1360 supponit
1525 1269 1564 1336 li·

389 1383 568 1464 bertatem,
583 1386 619 1448 et
642 1380 735 1449 inter
759 1380 1002 1450 necessitatem
1025 1381 1186 1450 libertati
1200 1381 1426 1464 contrariam,
1445 1379 1490 1448 de
1512 1379 1565 1445 his

388 1487 525 1580 aliquid
549 1487 774 1556 indicandum
797 1492 862 1556 est.
880 1487 1118 1574 Distinguunt
1148 1489 1267 1579 itaque
1291 1489 1386 1558 inter
1417 1487 1563 1556 necessi·

386 1603 496 1664 tatem
520 1594 557 1662 in
581 1618 681 1662 sensu
705 1597 886 1682 composito
910 1603 946 1662 et
968 1595 1005 1661 in
1029 1618 1128 1662 sensu
1145 1593 1268 1679 diuiso,
1287 1616 1374 1686 quae
1391 1594 1562 1662 aliisver·

388 1705 442 1774 bis
458 1711 494 1774 et
516 1703 739 1794 conceptibus
770 1703 875 1793 paulo
905 1703 1058 1772 diversis
1084 1704 1191 1772 etiam
1221 1703 1355 1773 dicitnr
1381 1702 1562 1772 distinctio

388 1812 482 1881 inter
504 1813 744 1881 necessitatem
762 1835 802 1878 esa
819 1812 997 1901 hypothesi
1019 1817 1056 1880 et
1079 1811 1321 1880 necessitatem
1344 1809 1560 1900 simpliciter,

388 1920 445 1990 vel
459 1919 550 1986 inter
563 1919 801 1987 necessitatem
816 1920 1072 2010 consequentiae
1083 1925 1119 1986 et
1135 1921 1379 2010 consequentis,
1392 1917 1451 1986 vel
1474 1918 1561 1985 inter

388 2024 632 2093 necessitatem
658 2038 908 2114 consequentem
930 2031 967 2092 et
990 2021 1248 2108 antecedentem,
1268 2023 1325 2092 vel
1341 2023 1436 2094 inter
1450 2045 1560 2092 neces·

389 2133 528 2202 sitatem
553 2129 739 2200 secundum
758 2129 830 2197 dici
844 2139 880 2200 et
897 2131 1085 2201 secundum
1100 2155 1181 2199 ren.
1196 2131 1322 2200 Omnes
1333 2131 1424 2200 istae
1441 2130 1559 2199 distin·

390 2241 521 2308 stiones
545 2237 661 2306 eodem
684 2235 843 2321 redeunt,
858 2237 910 2306 ita
926 2247 967 2306 ut
989 2238 1179 2307 necessitas
1199 2241 1237 2304 in
1252 2262 1352 2306 sensa
1366 2242 1555 2328 composito,

388 2346 579 2414 necessitas
602 2368 644 2412 ex
668 2344 857 2433 hypothesi,
870 2345 1061 2414 necessitas
1085 2349 1355 2438 consequentiae,
1372 2347 1558 2415 necessita

389 2478 600 2546 consequens,
622 2455 814 2524 necessitas
836 2451 1014 2520 secundnm
1038 2452 1110 2520 clici
1131 2453 1222 2522 nihil
1247 2453 1375 2522 officiat
1390 2453 1554 2539 libertati,

389 2561 449 2631 sed
474 2563 672 2632 libertatem
695 2565 836 2630 auferat
857 2560 1047 2630 necessitas
1064 2563 1102 2625 in
1118 2585 1215 2628 sensu
1231 2559 1356 2638 diviso,
1375 2564 1556 2630 necessitas

388 2665 594 2756 simpliciter
616 2665 722 2748 dicta,
735 2665 925 2735 necessitas
950 2667 1196 2758 consequentis,
1220 2666 1411 2736 necessitas
1434 2681 1553 2732 antece

388 2771 480 2856 dens,
505 2773 695 2843 necessitas
717 2771 897 2840 secundum
918 2795 999 2840 sem.

456 2878 494 2948 Si
518 2890 633 2948 tamen
657 2902 725 2947 non
749 2879 866 2948 verbis
890 2879 1043 2948 contenti
1060 2877 1180 2964 simus,
1196 2879 1256 2948 sed
1270 2903 1341 2949 rem
1358 2880 1470 2970 ipsam
1486 2899 1552 2970 spe·

389 2993 532 3070 ctemus,
559 2983 665 3054 facile
689 2995 846 3077 apparet,
872 2986 1112 3056 necessitatem
1131 2989 1168 3052 in
1184 3011 1283 3054 sensu
1305 2992 1487 3077 composito
1501 3009 1552 3055 seu

390 3117 431 3162 en
458 3095 635 3184 hypothesi
649 3117 723 3164 esse
739 3094 912 3184 duplicem
935 3095 1221 3180 diversissimam,
1236 3116 1384 3186 quaram
1401 3117 1472 3163 ans
1486 3093 1550 3186 qai·

388 3203 462 3273 dem
486 3202 685 3272 libertatem
709 3203 874 3293 supponit
896 3211 932 3272 et
955 3203 1101 3287 indicat,
1118 3203 1231 3272 altera
1253 3226 1336 3272 vero
1359 3225 1436 3272 eam
1462 3203 1549 3294 plane

387 3313 508 3379 aufert
528 3317 563 3379 et
586 3319 703 3401 negot.
724 3315 845 3379 Sensus
869 3315 1069 3400 compositus
1093 3313 1130 3380 in
1152 3311 1218 3380 hac
1241 3313 1390 3380 materia
1408 3309 1548 3402 appelle·

386 3425 459 3502 tur,
475 3417 611 3509 quando
635 3417 790 3487 subiecto
813 3419 939 3486 affecto
953 3418 1074 3510 aliqua
1090 3419 1201 3487 torma
1219 3419 1273 3487 vel
1290 3419 1482 3488 constituto
1496 3415 1548 3484 rab

387 3525 507 3615 aliqua
521 3522 722 3614 hypothesi,
738 3539 905 3616 quotenus
921 3541 968 3592 est
991 3526 1051 3592 suh
1077 3526 1144 3592 illa
1155 3527 1276 3614 forma
1292 3540 1354 3592 aut
1370 3525 1545 3618 hypothesi,

386 3633 570 3702 convenire
594 3655 692 3722 posse
716 3632 847 3702 dicitur
871 3641 971 3701 actus
994 3633 1127 3726 aliquis
1149 3635 1356 3703 enuntiatus
1372 3634 1409 3703 in
1427 3629 1546 3725 praedi·

388 3745 477 3827 cato;
492 3763 605 3807 sensus
630 3739 761 3807 divisus
783 3747 848 3824 est,
874 3739 1011 3832 quando
1034 3740 1190 3809 subiecto
1214 3740 1325 3808 solum
1348 3741 1448 3809 facta
1469 3736 1545 3808 divi·

387 3845 481 3916 sione
505 3849 548 3915 ab
572 3845 637 3914 illa
660 3847 770 3914 torma
792 3853 856 3914 aut
879 3846 922 3913 ab
944 3845 1010 3912 illa
1032 3845 1221 3936 hypothesi
1243 3855 1344 3915 actus
1368 3843 1544 3936 praedicati
1600 3893 1601 3932 ,

387 3961 501 4042 potest
523 3952 721 4022 convenire.
738 3953 795 4021 Sit
816 3951 965 4042 exempli
989 3974 1095 4021 causa
1119 3953 1320 4044 propositio:
1351 3953 1452 4022 homo
1481 3954 1542 4020 vin·
1600 3985 1601 4074 q

387 4061 477 4129 culis
500 4060 695 4129 arctissime
719 4059 932 4128 constrictus
955 4066 1071 4149 potest
1101 4083 1265 4146 currere,
1290 4061 1393 4130 homo
1415 4063 1542 4154 loquens
1600 4109 1601 4120 ,

388 4175 503 4256 potest
530 4175 657 4236 tacere.
682 4165 878 4256 Propositio
908 4173 1057 4258 utraque
1087 4167 1124 4235 in
1157 4191 1262 4238 seusu
1291 4169 1473 4260 composito
1498 4175 1541 4234 est
1600 4177 1601 4266 l

389 4273 492 4358 falsa,
508 4275 543 4342 in
568 4298 670 4344 sensu
694 4275 809 4343 diviso
825 4283 975 4366 utraque
992 4297 1088 4364 vera;
1103 4281 1139 4344 et
1155 4276 1312 4345 vicissim
1329 4299 1467 4367 negans:
1477 4273 1539 4340 vin·
1600 4315 1601 4326 κ

388 4383 478 4452 culis
502 4383 713 4454 constrictus
736 4407 805 4451 non
827 4391 943 4472 potest
965 4405 1118 4471 currere3
1135 4384 1280 4476 loquens
1296 4409 1364 4454 non
1381 4389 1485 4476 potest
1497 4388 1537 4448 a·
