3360 5060
658 448 696 461 ..
718 417 778 477 699
799 449 836 460 ..

154 523 381 590 sanctitatem
404 522 437 590 ei
461 522 644 590 decernere
674 523 782 588 vitam
816 529 1015 604 aeternam,
1045 543 1131 611 quae
1165 543 1241 588 cum
1266 519 1333 587 tali

156 637 267 698 morte
301 635 354 696 cst
389 651 564 712 connexa,
597 641 634 697 et
661 637 800 719 propter
831 651 932 720 quam
965 629 1208 696 connexionem
1242 649 1332 694 mors

155 737 262 804 habet
283 737 452 803 rationem
479 737 647 804 beneficii.
666 737 731 803 Dei
746 736 866 826 itaque
883 735 1097 824 propositum
1121 734 1332 824 impediendi

153 844 293 913 finalem
317 845 452 933 lapsum
477 845 564 912 iusti
589 844 740 912 includit
767 844 1019 932 praevisionem
1052 843 1228 925 institiae,
1256 864 1332 908 con-

153 957 340 1042 sequenter
364 951 529 1042 adquam
555 951 807 1039 praevisionem
831 950 925 1018 Deus
954 949 1008 1015 vel
1028 949 1186 1037 gratuito
1210 948 1267 1015 val
1291 971 1332 1015 ex

155 1059 280 1127 merito
312 1081 483 1146 congruo,
510 1057 600 1148 quod
632 1057 806 1148 posterius
838 1055 985 1145 Sapiens
1015 1055 1050 1123 h.
1070 1055 1095 1122 l.
1116 1078 1197 1144 prae
1221 1055 1332 1122 oculis

153 1165 279 1249 habet,
305 1165 461 1233 decernit
493 1164 693 1232 beneficium
727 1165 848 1231 mortis
879 1165 915 1230 in
948 1163 1089 1230 iustitia
1120 1170 1224 1253 atque
1257 1155 1333 1230 ideo

152 1271 260 1340 etiam
284 1273 393 1340 vitam
417 1279 604 1338 aeternam.
631 1271 708 1338 Non
732 1293 815 1359 ergo
839 1271 948 1338 Deum
965 1269 1125 1336 absoluta
1149 1269 1332 1337 voluntate

155 1380 267 1446 vitam
297 1388 377 1446 ante
401 1401 532 1446 omnem
563 1377 722 1445 iustitiae
750 1378 1002 1467 praevisionem
1034 1378 1330 1466 praedestinasse,

154 1485 216 1553 sed
239 1486 357 1574 potius
380 1485 575 1574 oppositum
599 1509 640 1553 ex
666 1485 729 1553 hoc
753 1485 827 1552 loco
852 1485 1033 1574 probatur.

221 1591 267 1658 2⁹.
295 1591 544 1659 Testimonium
568 1591 729 1675 alterum,
750 1592 840 1682 quod
866 1592 922 1658 illi
946 1591 1101 1680 theologi
1127 1591 1250 1659 dicunt
1266 1591 1333 1657 sibi

154 1698 269 1766 videri
286 1697 557 1788 «apodicticam,
573 1727 588 1758 n
608 1705 663 1766 est
674 1697 803 1767 Matth.
819 1698 952 1766 XXIV.
968 1697 1023 1766 22.
1040 1699 1096 1765 24.
1112 1697 1206 1782 (coll.
1220 1697 1330 1765 Marc.

153 1805 258 1872 xm.
277 1805 333 1873 20.
353 1805 439 1891 22).
461 1805 569 1874 uNisi
595 1805 745 1873 breviati
770 1807 924 1874 fuissent
944 1806 1018 1874 dies
1042 1805 1117 1889 illi,
1143 1829 1210 1872 non
1235 1805 1335 1873 fieret

155 1913 256 1982 salva
282 1914 392 1980 omnis
425 1935 524 1997 caro,
552 1914 610 1981 sed
646 1921 786 2002 propter
818 1913 946 1980 electos
978 1913 1231 1981 breviabuntur
1261 1913 1335 1981 dies

155 2021 255 2088 illi...
282 2021 437 2110 Surgent
465 2021 763 2112 pseudochristi...
791 2021 843 2088 ita
868 2021 968 2088 utin
994 2043 1143 2088 errorem
1168 2020 1334 2088 inducan-

154 2137 227 2213 tur,
253 2129 284 2196 si
308 2129 384 2196 lieri
408 2135 533 2219 potest,
559 2131 663 2197 etiam
688 2129 802 2198 electi.
820 2156 836 2189 n

222 2231 484 2302 Consideremus
507 2236 619 2324 primo
640 2235 922 2302 abreviationem
946 2235 1082 2304 dierum
1110 2241 1252 2323 propter
1268 2235 1333 2302 ele·

155 2349 244 2424 ctos,
261 2369 277 2403 n
297 2341 338 2409 de
354 2363 422 2434 qna
438 2341 530 2431 apud
547 2339 676 2440 Matth.
694 2365 729 2409 v.
748 2342 803 2428 22,
821 2341 914 2431 apud
930 2341 1038 2411 Marc.
1057 2367 1092 2408 v.
1111 2341 1166 2408 20.
1185 2343 1237 2410 At
1251 2341 1335 2409 haec

157 2449 336 2539 pertinent
359 2447 403 2514 ad
428 2470 500 2516 eam
526 2458 659 2538 partem
684 2449 855 2516 orationis
882 2448 1029 2532 Christi,
1049 2450 1085 2516 in
1109 2469 1177 2540 qua
1200 2449 1278 2538 agit
1294 2449 1334 2516 de

156 2555 480 2645 Hierosolymorum
504 2557 682 2624 eversione
707 2556 769 2644 (1).
787 2556 851 2623 Ait
875 2579 959 2645 ergo
981 2555 1156 2640 Christus,
1175 2557 1244 2623 nisi
1261 2557 1335 2623 dies

155 2663 213 2731 illi
237 2662 321 2730 belli
345 2663 553 2732 ferocissimi
578 2663 840 2748 breviarentur,
867 2687 983 2731 omnes
1007 2669 1115 2730 morte
1140 2663 1335 2730 miserrima

156 2771 331 2861 perituros
353 2792 447 2856 esse;
474 2771 532 2838 sed
565 2777 706 2859 propter
730 2770 878 2853 electos,
905 2769 941 2837 h.
962 2793 991 2838 e.
1012 2793 1077 2837 usu
1109 2770 1271 2860 loquendi
1298 2772 1334 2838 in

154 2877 200 2946 N.
220 2877 262 2944 Τ.
281 2877 456 2968 frequenti
473 2877 540 2963 (th.
560 2877 672 2962 LVI.)
688 2884 832 2966 propter
846 2876 1067 2944 Christianos
1084 2877 1175 2958 fore,
1196 2885 1237 2943 ut
1260 2877 1334 2944 bre-

156 2985 299 3052 vientur
322 2985 396 3052 dies
411 2983 480 3051 illi.
502 2984 599 3066 Quae
616 2984 700 3075 quid
717 3005 844 3074 quaeso
860 2985 903 3051 ad
922 3006 994 3050 rem
1010 2985 1185 3051 nostram?

173 3091 177 3100 '
222 3091 447 3160 Concedimus
470 3091 710 3173 nihilominus,
729 3092 856 3160 electos
869 3091 1116 3180 intelligendos
1138 3114 1211 3159 esse
1227 3093 1332 3158 etiam

155 3197 443 3288 praedestinatos,
460 3205 496 3266 et
508 3221 696 3266 sermonem
708 3221 782 3266 esse
794 3221 861 3265 non
874 3199 916 3266 de
928 3199 1112 3288 temporali
1125 3205 1332 3266 tantummo-

156 3306 211 3390 do,
222 3305 281 3374 scd
294 3305 334 3374 de
347 3311 489 3373 aeterna
501 3328 635 3397 quoque
649 3306 776 3374 salute.
791 3307 865 3373 Hoc
879 3305 960 3373 dato
974 3307 1100 3397 quibus
1116 3306 1334 3396 argumentis

155 3412 329 3495 suadebis,
344 3411 426 3480 illos
449 3413 610 3480 absoluta
633 3413 816 3480 voluntate
832 3413 942 3480 fuisse
966 3413 1093 3481 electos
1117 3414 1160 3482 ad
1185 3413 1331 3503 gloriam

155 3526 330 3588 aeternam
346 3525 427 3587 ante
443 3521 695 3609 praevisionem
711 3519 871 3588 institiae
883 3525 920 3588 et
932 3521 1145 3604 meritorum,
1157 3521 1194 3588 in
1207 3521 1333 3612 quibus

156 3636 399 3716 supponantur
414 3635 490 3696 tum
507 3649 591 3710 esse,
607 3626 742 3718 quando
766 3627 840 3695 dies
857 3627 1122 3712 breviabuntur,
1136 3635 1172 3696 at
1185 3633 1265 3694 ante
1277 3628 1333 3696 de·

155 3739 285 3804 cretam
301 3736 353 3803 eis
370 3735 617 3803 breviationem
634 3735 781 3820 dierum,
797 3735 876 3803 dum
895 3737 1050 3826 praevisi
1066 3743 1149 3804 sunt
1165 3736 1280 3804 futuri
1296 3737 1332 3802 in
1377 3753 1383 3766 ‘

155 3842 301 3909 iustitia
320 3851 518 3931 comparata
535 3845 656 3934 utique
687 3867 747 3932 per
779 3845 942 3932 gratiam,
962 3843 1021 3912 sed
1041 3867 1108 3911 non
1129 3843 1203 3911 sine
1223 3843 1333 3911 libera

156 3967 221 4012 sua
236 3947 497 4036 cooperatione?
514 3947 555 4013 ln
576 3947 693 4014 verbis
709 3947 844 4016 Christi
868 3948 909 4015 de
932 3947 999 4014 tali
1015 3947 1134 4016 ordine
1150 3947 1332 4015 electionis
1433 4031 1436 4038 ι

155 4053 334 4122 absolutae
358 4055 507 4144 primum
530 4055 573 4121 ad
597 4055 758 4143 gloriam,
778 4055 901 4122 deinde
920 4055 1109 4122 admonita
1131 4061 1166 4123 et
1190 4054 1233 4136 ad
1257 4077 1333 4142 per·

157 4159 393 4229 severantiam
428 4161 463 4227 in
496 4161 631 4228 meritis
666 4161 859 4229 certissime
890 4161 1027 4228 nullum
1062 4169 1116 4229 est
1151 4160 1331 4230 indicium.

222 4409 265 4482 (1)
283 4413 358 4478 Lege
371 4413 407 4466 cl.
419 4413 451 4466 Ρ.
463 4411 574 4465 Potniai
587 4411 818 4465 commentarium
832 4411 863 4463 In
877 4411 964 4464 Marc.
976 4427 999 4463 c.
1012 4411 1099 4476 XIII,
1116 4410 1149 4462 de
1164 4410 1333 4474 Evangelii·

159 4501 414 4566 l.11.n.148-150;
436 4505 466 4552 et
484 4499 518 4552 dc
538 4500 781 4566 Interpretatlonc
798 4515 837 4552 aa.
851 4497 899 4552 SS.
916 4499 936 4551 l.
951 4501 974 4551 1.
995 4515 1023 4550 n.
1037 4499 1099 4550 839.
