3280 5070
572 396 608 412 -
630 365 692 428 579
711 397 749 414 -

76 473 192 544 ordine
206 473 297 543 dona
310 471 376 542 Dei
391 493 466 540 esse
482 469 753 561 praedestinata,
780 493 847 564 quc
871 472 908 540 in
931 473 1151 542 exsecutione
1167 473 1246 564 ipsa

75 581 312 652 conferantur.
334 579 511 648 oConstnt
532 577 605 646 alia
627 579 737 652 Deum
760 578 875 648 danda
897 581 1002 648 etiam
1025 603 1093 648 non
1114 581 1244 650 oranti·

74 692 136 758 bns
158 687 253 757 sicut
275 686 418 756 initium
441 686 536 770 fidei,
562 685 635 753 alia
658 707 726 752 non
749 685 820 754 nisi
840 687 1024 754 orantibus
1037 711 1244 776 praeparas·

73 821 116 876 ee,
140 795 236 864 sicat
259 816 368 885 usque
392 793 429 862 in
452 792 554 861 finem
578 791 907 882 perseverantiam»
930 793 971 862 de
995 793 1092 862 Dono
1110 817 1244 885 persev.

73 930 104 973 ιι.
121 903 179 970 39.
203 901 272 972 Hic
296 901 417 984 vides,
439 900 742 989 praeparationem
768 899 820 968 ita
849 922 884 968 se
908 900 1057 986 habere,
1090 902 1183 972 siout
1207 925 1246 972 se

72 1011 176 1080 habet
198 1010 399 1095 exsecuti03
425 1030 528 1092 nam,
563 1015 604 1076 nt
633 1007 687 1076 ait
718 1007 759 1076 de
784 1007 907 1080 Praed.
939 1009 1003 1080 SS.
1022 1033 1057 1078 ιι.
1086 1009 1140 1094 12,
1170 1009 1244 1080 ofi-

72 1120 130 1188 des
152 1118 267 1208 prima
298 1117 427 1200 datur,
460 1137 502 1182 ea
530 1136 600 1207 qna
625 1115 857 1204 impetrentur
882 1121 1021 1198 cetera,
1055 1137 1144 1208 quae
1167 1138 1244 1206 ptos

73 1225 274 1316 prieopera
296 1228 577 1312 nuncupantur.»
596 1221 690 1311 Iege
709 1243 763 1310 ep.
780 1221 857 1292 194.
879 1223 925 1291 al.
945 1223 1022 1292 105.
1041 1224 1085 1294 ad
1103 1223 1244 1294 Sixtum

73 1356 106 1402 ιι.
132 1333 166 1401 9.
185 1355 261 1424 sqq.
290 1331 341 1400 De
365 1330 441 1420 ipso
471 1337 588 1398 autem
618 1330 706 1398 donc
737 1329 840 1400 fidei:
861 1359 878 1394 a
896 1331 926 1398 si
958 1331 1018 1423 qui
1046 1339 1129 1402 sunt
1159 1355 1244 1400 non·

72 1441 150 1510 dnm
174 1440 305 1523 vocati,
330 1439 459 1530 inquit,
486 1460 549 1529 pro
572 1437 625 1507 eis
648 1445 689 1506 ut
712 1445 881 1506 vocentur
904 1461 1060 1527 oremus;
1087 1440 1245 1528 sortasse

73 1551 158 1615 enim
179 1551 230 1616 nic
240 1544 496 1640 praedestinati
518 1559 610 1627 enat,
629 1559 668 1610 at
684 1547 810 1612 nostrie
827 1547 1042 1614 orationibus
1059 1546 1240 1616 concedan-

73 1670 138 1738 tar,
163 1670 196 1724 et
220 1657 397 1743 accipiant
420 1650 557 1720 eaodem
581 1654 757 1742 praticae,
782 1675 851 1744 qna
874 1653 988 1724 velint
1017 1675 1092 1724 esse
1114 1660 1150 1724 et
1172 1654 1242 1724 effi·

71 1761 210 1832 ciuntur
231 1760 370 1830 electio
396 1759 437 1828 de
460 1758 558 1828 Dono
581 1780 717 1848 persev.
743 1781 778 1826 ιι.
805 1758 862 1828 60.

134 1866 481 1964 Clarissimnslocus
511 1873 564 1936 est
585 1865 611 1934 l.
633 1864 664 1934 1.
683 1865 727 1934 ad
744 1865 902 1956 Simplic.
921 1891 954 1958 q.
973 1866 1006 1936 2.
1026 1890 1060 1936 n.
1081 1868 1102 1936 6
1141 1889 1243 1960 quem

71 1976 266 2048 adversarii
290 1996 391 2064 saepe
414 1980 610 2056 tentarunt,
636 1972 719 2042 aliis
743 1983 848 2064 atque
863 1974 946 2042 aliis
962 1974 1174 2064 excogitatis
1190 1999 1243 2045 ra·

73 2083 326 2174 sponsionibus,
353 2103 537 2173 numquam
563 2103 645 2150 vero
672 2080 748 2148 eius
777 2080 888 2152 lucem
916 2083 1101 2154 obscurare
1123 2088 1243 2173 potue·

72 2200 163 2260 runt.
191 2219 209 2254 a
226 2189 306 2258 Non
330 2202 441 2254 tamea
465 2187 582 2254 electio
596 2185 772 2275 praecedit
788 2190 1078 2276 mortificationem,
1097 2188 1157 2260 sod
1179 2191 1242 2258 ele·

74 2302 211 2366 ctionem
234 2296 461 2386 iustificatio3
483 2317 581 2364 nemo
604 2294 695 2363 anim
719 2295 886 2384 eligitur,
912 2295 981 2365 nisi
1005 2296 1074 2364 iam
1103 2297 1241 2368 distans

74 2402 209 2485 abillo,
236 2401 298 2494 qni
322 2400 528 2470 reiicitam
553 2399 727 2470 Nimirum
751 2401 787 2470 in
812 2401 1032 2472 exsecutione
1050 2403 1174 2474 electio
1197 2403 1242 2476 ad

74 2512 261 2601 praemium
283 2510 508 2602 consequitur
530 2508 574 2577 ad
598 2508 882 2578 iustificationem
905 2517 942 2578 et
965 2510 1009 2578 ad
1029 2512 1175 2593 merite.
1202 2520 1244 2582 ut

74 2626 123 2687 est
150 2618 220 2688 fide
250 2617 493 2688 certissimum.
518 2615 621 2685 Nunc
645 2637 727 2684 vero
749 2615 857 2699 audi,
883 2615 1071 2707 quidinde
1095 2617 1243 2708 colligat

74 2723 107 2792 S.
127 2725 256 2794 Ductor
285 2720 399 2815 quoad
433 2721 587 2790 ordinem
622 2721 964 2812 praedestinationis.
994 2723 1128 2792 cUnde
1150 2725 1242 2817 quod

74 2829 299 2902 dictumest:
333 2828 416 2921 quia
440 2829 544 2918 eiepit
567 2853 627 2896 noe
652 2829 741 2896 Deae
764 2845 845 2896 ante
870 2829 990 2896 mnndi
1025 2835 1241 2898 eoiretitatio·

74 2961 153 3020 nem,
177 2962 247 3006 non
270 2936 380 3019 nitito,
396 2935 560 3027 quomodo
575 2939 624 3002 eit
640 2934 768 3003 dictum
784 2939 857 3003 aiei
875 2941 1120 3026 praescientia.
1140 2967 1157 3000 ι
1175 2941 1242 3012 Ait

75 3047 215 3116 scilicet:
241 3044 307 3114 hoc
329 3044 416 3134 ipso,
441 3045 532 3137 qnod
555 3043 680 3114 electio
695 3043 739 3112 nd
755 3045 945 3134 praemium
962 3045 998 3112 in
1020 3049 1241 3119 exsecutione

75 3154 226 3246 seqnitur
250 3152 375 3222 merita
397 3157 435 3222 et
457 3159 597 3243 propter
619 3151 757 3236 merito,
782 3151 905 3222 electio
928 3151 972 3222 nd
996 3155 1185 3244 praemium
1204 3155 1241 3226 in

76 3260 387 3349 praedestinatione
408 3266 552 3329 aeterna
575 3259 673 3328 nullo
696 3259 794 3328 modo
817 3259 972 3350 intelligi
1007 3267 1144 3351 potest,
1170 3263 1241 3334 nisi

76 3371 317 3461 consequenter
347 3365 392 3434 nd
426 3365 692 3456 praescientiam
723 3366 937 3436 meritorum.
963 3367 1055 3438 Hinc
1090 3367 1241 3440 alterius

77 3476 259 3559 concludit,
277 3476 367 3567 qnod
391 3473 524 3544 dictum
541 3481 596 3542 cst
609 3473 709 3542 Rom.
726 3473 792 3542 IX.
811 3473 868 3542 11:
889 3497 990 3544 anon
1014 3497 1055 3544 ex
1079 3477 1242 3566 operibns

77 3583 128 3653 sed
150 3607 194 3656 ex
216 3587 375 3666 vocante,
394 3587 436 3650 nt
450 3578 628 3653 nectendam
644 3582 837 3650 electionem
855 3583 1069 3673 propositum
1088 3583 1154 3654 Dei
1173 3609 1239 3654 ma·

77 3701 209 3777 neret»
235 3713 304 3761 non
327 3711 426 3781 posse
441 3688 598 3780 intelligi
616 3688 657 3758 de
673 3689 842 3758 electione
864 3696 901 3758 et
922 3691 1240 3780 praedestinatione

77 3797 114 3866 ad
129 3799 331 3888 praemium
350 3797 409 3867 sed
425 3795 620 3866 necessario
635 3795 906 3886 intelligendum
922 3819 996 3866 esso
1013 3797 1055 3867 de
1070 3795 1240 3868 electione

78 3903 115 3972 ad
136 3905 298 3994 gratiam,
324 3925 412 3996 qaae
435 3903 473 3972 in
495 3902 727 3986 exsecutione,
753 3908 858 3994 atque
874 3903 952 3971 ideo
967 3903 1071 3972 etiam
1088 3903 1125 3970 in
1142 3925 1239 3992 prae·

79 4007 299 4082 destinatione
329 4033 426 4080 omne
460 4010 621 4081 meritum
648 4009 837 4100 praecedit.
865 4008 966 4078 «Hic
990 4019 1104 4078 satem
1136 4009 1235 4082 Rom.

49 4185 53 4194 ,
80 4111 192 4188 1Χ.11.
207 4119 298 4212 qnod
311 4117 375 4186 ait:
390 4140 457 4188 non
469 4141 512 4188 ex
526 4117 686 4209 operibus
702 4117 761 4186 sed
777 4140 819 4186 ex
833 4124 976 4186 vocante
992 4123 1074 4200 eta,
1092 4141 1159 4187 non
1172 4118 1238 4190 cle·

81 4222 180 4294 ctione
204 4225 418 4307 meritorum,
444 4245 533 4316 qnae
557 4229 636 4315 post
658 4222 941 4294 iustificationem
966 4225 1237 4316 gratiaeprove·

81 4327 182 4414 aiunt,
207 4331 266 4400 sed
289 4330 506 4401 liberalitate
528 4332 695 4401 donorum
718 4330 783 4400 Dei
808 4329 922 4399 voluit
944 4333 1163 4424 (Apostolus)
1187 4334 1238 4402 in·

83 4435 234 4529 telligit
259 4437 473 4508 Recolantar
496 4437 743 4523 carcinodes,
769 4438 895 4529 quibus
917 4439 1142 4531 Augustinus
1165 4441 1239 4532 ipse

299 4540 310 4570 ι
1114 4567 1132 4602 θ
