3280 5070
901 423 940 439 -
959 389 1022 454 σῃ
1042 424 1081 441 -

400 495 568 562 venientis
580 495 717 564 cecilio
731 497 910 568 redituros
924 526 940 561 n
956 506 1024 570 eto.
1040 499 1075 570 S.
1090 498 1259 591 Fulgent.
1269 500 1312 570 ad
1322 500 1467 570 lionim.
1477 500 1561 570 Lea

401 600 673 693 Semipelagieni
697 610 838 692 contra,
863 607 949 677 licet
972 607 1098 677 merita
1128 609 1267 698 gratiae
1299 631 1341 678 ex
1374 609 1500 700 quibus
1525 610 1565 677 sit

401 710 674 800 praedestinatio
698 713 742 782 ed
765 715 889 800 vitam,
915 737 983 784 nou
1005 725 1178 808 negarent
1207 717 1432 806 simpliciter3
1465 717 1564 806 ipsum

402 821 519 887 temen
542 819 685 889 initium
716 823 823 892 bonae
858 823 1067 911 voluntatis,
1094 825 1311 895 voluntatem
1347 824 1509 894 credendi
1537 827 1566 892 et

402 928 698 1015 perseverantiam
715 929 753 998 in
769 931 837 1001 fido
852 955 922 1002 nou
938 935 1076 1024 gratiae
1091 940 1129 1004 st
1144 933 1323 1004 donationi
1340 933 1497 1016 divinae,
1517 931 1566 1000 sed

403 1034 526 1104 merito
548 1035 752 1108 tribuebant
773 1041 935 1126 huniam,
962 1065 1030 1136 quo
1052 1043 1215 1133 praeviso
1242 1043 1338 1111 Deus
1362 1064 1428 1110 nos
1444 1039 1565 1131 praede

403 1141 594 1212 stinaverit
617 1145 661 1215 ad
684 1149 823 1236 gratias
846 1171 987 1240 operum
1010 1155 1048 1220 et
1069 1150 1114 1220 ad
1138 1151 1250 1218 vitam
1282 1155 1476 1220 actemm.
1505 1146 1566 1214 Hoc

403 1247 514 1334 modo,
533 1251 624 1342 quod
647 1253 715 1324 PP.
735 1259 949 1328 vetustiores
964 1258 1002 1328 iu
1018 1280 1083 1327 sua
1098 1258 1259 1328 doctriua
1274 1257 1414 1326 diserta
1428 1255 1470 1325 de
1484 1277 1565 1346 pras·

403 1355 636 1430 destinatione
659 1383 701 1431 ex
724 1365 862 1434 meritis
885 1367 1056 1456 praevisis
1081 1367 1137 1436 vel
1161 1369 1405 1458 supponebant
1438 1363 1493 1433 vel
1520 1383 1565 1430 er·

404 1475 604 1554 presserant
626 1453 945 1558 micantissima,
971 1481 1129 1544 errantes
1152 1474 1210 1543 illi
1235 1474 1376 1543 omnino
1391 1472 1563 1563 negabant,

404 1593 573 1664 suumque
596 1597 748 1648 errorem
770 1603 813 1651 sx
837 1581 905 1650 PP.
931 1583 1117 1652 sententiis
1140 1581 1322 1653 adstruere
1350 1581 1561 1651 conabantur.

403 1677 497 1750 Hinc
520 1679 557 1752 S.
583 1683 781 1776 Augustini
804 1695 880 1758 tota
903 1691 1099 1782 disputatio
1122 1691 1164 1761 dc
1186 1688 1504 1782 praedestinatione
1518 1683 1563 1751 ad·

404 1807 528 1858 versus
552 1789 851 1885 Semipelagiauos
872 1797 910 1866 in
933 1798 998 1868 hoc
1022 1821 1129 1868 unum
1152 1797 1338 1882 incumbit,
1369 1803 1414 1865 ut
1443 1789 1561 1886 praedo·

404 1893 629 1968 stinationem
653 1903 791 1972 omnino
814 1906 1008 1995 gratuitam
1032 1907 1245 1977 demonstret
1263 1906 1302 1974 in
1316 1905 1434 1997 prima
1448 1923 1508 1971 sna
1521 1919 1562 1966 ra·

405 1999 481 2071 dics
503 2013 540 2072 et
562 2005 848 2100 independsntcm
872 2037 893 2082 a
915 2014 1055 2084 meritis
1078 2015 1240 2084 humanis
1264 2035 1325 2084 sen
1341 2009 1558 2082 naturalibus.

493 2111 561 2182 His
576 2115 619 2184 de
634 2119 733 2188 modo
750 2121 1021 2210 praedicationis
1038 2131 1120 2194 ente
1135 2123 1364 2213 Pelagianam
1385 2125 1561 2190 coutrover-
1621 2129 1622 2138 ³

406 2216 493 2288 sium
517 2227 553 2290 st
575 2222 617 2293 dc
641 2224 1000 2320 semipelagianorum
1022 2253 1139 2302 errore
1162 2231 1382 2322 praenotatis
1412 2227 1470 2296 via
1490 2245 1558 2293 cou-

406 2323 573 2416 planatur
595 2331 640 2402 ad
672 2333 939 2426 intelligendam
970 2345 1045 2408 tum
1075 2339 1238 2430 Prosperi
1269 2333 1557 2426 interrogationem

406 2439 481 2504 tum
504 2437 701 2530 Augustini
724 2447 990 2547 responsionem,
1016 2447 1059 2516 de
1082 2469 1152 2540 qua
1173 2447 1325 2538 agimus.
1344 2437 1557 2532 Interrogatio

407 2541 570 2637 Prosperi
593 2547 631 2617 in
654 2571 719 2620 sue
741 2553 892 2642 epistola
907 2579 942 2622 ιι.
961 2555 994 2624 8.
1015 2553 1100 2624 haec
1117 2561 1205 2624 erat.
1227 2584 1242 2617 n
1261 2553 1360 2624 Illud
1376 2553 1478 2622 ctiam
1491 2565 1554 2640 que

405 2651 490 2724 liter
513 2651 685 2744 diluatur,
711 2683 921 2752 quaesumus
953 2665 1128 2754 patienter
1150 2663 1394 2754 insipientiam
1427 2665 1555 2730 nostrsu

406 2760 549 2834 ferendo
571 2763 797 2854 demonstres,
835 2773 926 2864 quod
949 2771 1153 2844 retractatis
1185 2771 1341 2862 priorum
1372 2773 1415 2841 ds
1447 2768 1504 2836 hau
1527 2781 1554 2830 rt
1620 2777 1621 2818 ὲ

406 2869 628 2961 opinionibus
650 2898 757 2964 paene
781 2880 933 2950 omnium
956 2903 1019 2972 par
1042 2879 1224 2951 invenitur
1246 2887 1285 2950 et
1306 2903 1379 2950 nna
1394 2871 1552 2948 seruatis·

407 3001 477 3072 qua
498 2983 715 3072 propositum
737 2991 774 3055 et
797 2989 1149 3077 praedestinationem
1171 2989 1238 3058 Dei
1265 2988 1451 3060 moundnm
1477 2999 1551 3071 prtt

407 3087 592 3158 scientiam
615 3099 832 3184 receperunt,
859 3101 902 3165 ut
925 3097 967 3164 ob
990 3095 1055 3166 hoc
1077 3095 1172 3164 Deus
1196 3095 1285 3164 alios
1309 3117 1397 3164 vase
1425 3085 1549 3164 honoris,

407 3195 497 3266 alios
520 3201 749 3272 contumeliae
772 3203 908 3289 fecerit,
935 3204 1018 3297 quia
1035 3205 1136 3275 finem
1152 3203 1428 3294 uniuscuiusque
1443 3189 1550 3290 praevi·

408 3303 514 3390 derit,
539 3311 576 3377 st
599 3310 663 3380 sub
686 3309 761 3402 ipso
785 3313 923 3402 gratiae
946 3313 1124 3382 adiutorio
1147 3313 1184 3382 in
1215 3334 1285 3405 qna
1314 3311 1455 3380 futurus
1481 3305 1549 3371 esset

408 3411 591 3486 voluntate
614 3424 650 3486 et
672 3419 820 3504 actione,
846 3421 1064 3510 praescierit.
1091 3447 1107 3484 n
1134 3419 1241 3490 Multi
1265 3419 1469 3510 intelligunt
1486 3409 1548 3526 haut

408 3521 473 3608 ita,
499 3531 541 3592 ut
556 3531 760 3615 quaeratur,
778 3529 863 3620 quid
880 3529 1099 3600 sentiendum
1116 3528 1165 3598 sit
1180 3529 1222 3597 de
1238 3527 1416 3618 prioribus
1433 3520 1490 3595 PP·
1504 3533 1546 3606 qm

408 3653 517 3723 paene
532 3655 650 3704 omnes
665 3633 848 3705 docuerint
863 3637 1216 3728 praedestinationem
1238 3643 1318 3726 post
1336 3633 1486 3726 praevisa
1499 3639 1546 3691 mo·
1619 3675 1620 3690 ι

407 3741 483 3812 rita
504 3743 789 3832 supernaturalia
811 3767 851 3814 eo
874 3767 990 3833 sensu,
1016 3767 1083 3838 quo
1098 3767 1191 3814 nunc
1207 3743 1415 3833 disputatur
1428 3739 1544 3825 dapne

409 3849 655 3920 destinatione.
680 3849 736 3920 Ex
760 3853 817 3922 his
840 3853 966 3924 deinde
989 3853 1053 3922 alii
1076 3857 1133 3941 (nt
1153 3851 1364 3936 Alticotius)
1393 3845 1541 3918 affirment

409 3960 645 4050 quaestionem
668 3983 742 4030 esse
766 3963 879 4052 ipsius
901 3962 1076 4052 Prosperi,
1102 3983 1170 4030 non
1193 3965 1311 4030 autem
1340 3955 1541 4029 difficultatem

408 4065 693 4156 Massiliensium
719 4069 810 4138 uude
834 4069 879 4138 ad
894 4091 969 4139 eam
985 4069 1023 4139 in
1038 4067 1141 4138 libris
1156 4067 1355 4157 Augustini
1377 4064 1491 4136 nullan
1505 4071 1540 4122 n·

409 4174 552 4263 pariunt
577 4175 844 4268 responsionem.
876 4178 954 4246 Alii
983 4201 1052 4248 non
1081 4177 1246 4248 dubitent
1276 4197 1446 4256 asserere,
1468 4180 1540 4258 quse

409 4285 557 4355 ationem
580 4309 654 4357 esse
678 4289 800 4380 utique
815 4290 969 4374 mudum,
988 4309 1075 4380 quae
1092 4309 1183 4357 nune
1198 4287 1293 4357 inter
1309 4281 1486 4354 Catholicae
1499 4287 1536 4388 'i

409 4401 510 4464 catur
533 4396 571 4465 in
595 4399 881 4484 controversiam,
907 4397 966 4466 sed
989 4395 1203 4488 propositam
1226 4419 1269 4466 ex
1284 4385 1537 4465 sententisStffll·

409 4507 687 4599 pelagianorum,
712 4507 909 4600 Augustini
931 4511 1048 4576 eutem
1063 4503 1319 4596 responsiouem
1331 4495 1466 4596 reperiri
1476 4490 1494 4559 l·
1506 4483 1533 4552 dt
