3280 5070
860 407 897 424 ..
919 377 981 436 580
1001 407 1038 424 .-

362 478 428 546 boc
450 499 535 568 opus
557 477 726 567 scriptum
751 478 855 545 initio
877 479 1097 569 episcopatus
1121 481 1178 548 sni
1202 479 1313 572 quoad
1345 481 1525 551 docuinam

362 583 404 652 de
427 582 747 672 praedestinatione
769 591 806 650 et
828 584 948 674 gratia
977 585 1194 654 commendat
1218 587 1341 655 Praed.
1369 587 1431 656 SS.
1451 589 1526 672 ede

363 689 451 758 Dcn.
470 711 605 778 persev.
629 712 659 756 c.
677 688 734 773 21;
762 689 918 758 Retraot.
938 689 987 757 II.
1008 714 1039 759 c.
1058 691 1091 758 1.
1111 691 1229 772 Quare
1251 692 1391 761 omniuo
1413 695 1529 762 mirum

363 805 436 882 est,
463 797 629 888 quomodo
651 795 888 864 Ballarminus
914 805 1098 867 contentus
1121 821 1194 869 esse
1219 801 1378 889 potuerit
1399 801 1465 870 hac
1485 824 1530 868 re·

363 904 563 994 sponsione:
591 931 607 966 a
626 903 663 970 S.
681 902 906 991 Augustinus
929 927 1006 972 cum
1031 905 1175 994 scripsit
1198 906 1307 974 libros
1329 907 1375 975 ad
1399 907 1531 997 Simpli-
1617 904 1623 975 i

363 1011 514 1092 cinnum,
539 1009 653 1078 adbuc
675 1008 815 1076 iuvenis
838 1017 927 1092 erat,
952 1033 1062 1102 neque
1086 1013 1199 1080 multa
1218 1013 1405 1082 invenerat
1421 1015 1456 1082 in
1473 1013 1533 1082 bac

362 1118 570 1188 difficillima
584 1117 795 1209 quaestione,
811 1139 898 1208 quae
912 1125 1030 1208 postea
1045 1121 1168 1188 maiori
1186 1121 1377 1211 diligentia
1394 1124 1534 1192 investi·

364 1226 466 1316 gavit
483 1233 519 1293 et
535 1225 692 1314 reperit»
710 1223 891 1310 (Bellarm.
906 1226 948 1294 da
964 1225 1068 1296 Grat.
1081 1234 1117 1296 et
1130 1226 1193 1296 lib.
1205 1229 1281 1298 arb.
1297 1228 1322 1296 Ι.
1337 1229 1388 1296 Π.
1404 1253 1435 1298 c.
1452 1231 1531 1316 lb).
1631 1271 1632 1280 .

430 1333 476 1402 4⁰.
495 1333 580 1402 Cum
603 1332 809 1422 Augustino
824 1334 1057 1418 consentiunt,
1076 1335 1137 1428 qni
1154 1337 1301 1406 maxime
1317 1359 1360 1404 ex
1384 1339 1464 1406 aius
1481 1339 1534 1404 do·
1616 1382 1622 1439 ;

364 1441 480 1509 ctrina
502 1443 738 1530 profecerunt.
764 1439 823 1509 Sic
847 1440 884 1510 S.
896 1441 1109 1532 Fulgentius
1131 1443 1177 1511 ad
1199 1443 1341 1512 Monim.
1360 1444 1386 1512 l.
1405 1445 1438 1512 Ι.
1455 1468 1485 1513 c.
1502 1445 1532 1512 8.
1631 1473 1632 1482 ¹

364 1559 545 1641 postquam
568 1547 718 1632 dixerat,
745 1548 896 1636 gratiam
920 1548 1045 1617 donari
1067 1551 1183 1638 gratis
1206 1550 1373 1641 indigno,
1400 1575 1472 1644 qua
1497 1552 1534 1619 il·
1631 1615 1632 1621 ,

364 1653 556 1723 luminetur
585 1653 714 1743 impius
745 1654 1014 1739 iustificaudus,
1039 1662 1077 1723 et
1099 1655 1223 1725 donari
1246 1657 1352 1726 etiam
1387 1659 1534 1749 gratiam
1631 1669 1632 1730 3

364 1763 472 1852 digno
494 1761 531 1828 iu
555 1762 785 1830 retributione
809 1761 977 1830 mercedis
992 1769 1168 1848 aeternae,
1186 1765 1318 1833 subdit:
1339 1795 1357 1830 e
1375 1765 1462 1835 haec
1479 1788 1536 1833 au·
1631 1799 1632 1838 i

364 1873 434 1937 tem
456 1869 552 1936 Deus
574 1870 664 1934 sient
688 1870 724 1934 in
745 1867 1064 1958 praedestinatione
1084 1893 1213 1960 semper
1237 1872 1384 1952 babuit,
1408 1876 1461 1939 eie
1478 1897 1537 1962 per

364 1976 531 2065 qratiam,
548 1976 637 2040 cient
648 1972 980 2062 praedestinaverat,
992 1975 1103 2063 facit.
1116 2001 1132 2036 r
1146 1976 1202 2046 cf.
1221 1979 1305 2047 ibid.
1325 2001 1356 2046 c.
1377 1979 1435 2047 12.
1452 1978 1536 2048 atde
1631 2009 1632 2052 r

365 2080 518 2150 Veritat.
536 2083 708 2172 praedest.
726 2081 833 2152 1.111.
851 2107 881 2152 c.
900 2086 934 2151 b.
949 2083 986 2152 S.
999 2084 1163 2168 Thomas,
1181 2093 1222 2152 ut
1236 2084 1279 2153 de
1294 2085 1379 2152 aliis
1392 2093 1534 2166 mosam,
1631 2115 1632 2155 ι

365 2189 454 2258 banc
473 2189 516 2258 de
545 2189 862 2280 praedestinatione
878 2193 1085 2260 sententiam
1103 2193 1225 2282 paucis
1248 2193 1367 2262 verbis
1395 2192 1536 2282 comple·
1616 2223 1632 2285 p

365 2319 432 2365 xus
454 2303 510 2364 ast
532 2317 584 2379 aa,
611 2319 680 2388 qua
702 2297 802 2379 solet,
829 2297 1003 2385 claritate
1026 2298 1126 2366 illum
1150 2321 1234 2388 ergo
1257 2298 1442 2368 audivisse
1465 2322 1537 2390 ope

364 2423 424 2471 rae
447 2402 598 2493 pretium
621 2403 703 2471 erit.
731 2404 869 2474 «Circa
891 2405 1046 2473 ordinem
1081 2411 1197 2474 autem
1228 2405 1485 2495 praescientiae
1505 2413 1537 2474 et
1631 2439 1632 2474 r

366 2510 695 2600 praedestinationis
718 2510 844 2580 dicunt
873 2512 1033 2604 quidam,
1060 2511 1150 2604 quod
1182 2513 1417 2603 praescientia
1442 2514 1536 2582 meri·
1631 2575 1632 2584 2

366 2625 480 2686 torum
505 2619 669 2686 bonorum
692 2619 919 2686 etmalorum
943 2627 997 2687 est
1026 2620 1119 2688 ratio
1152 2620 1485 2710 praedestinationis
1506 2627 1539 2687 et
1631 2653 1632 2690 ς

365 2726 632 2818 reprobationis,
658 2734 701 2795 ut
722 2727 858 2797 scilicet
880 2726 1117 2816 intelligatur,
1136 2728 1227 2820 quod
1244 2729 1338 2797 Deus
1353 2727 1538 2819 praedesti·

365 2843 425 2905 net
447 2835 602 2926 aliquos,
629 2833 713 2925 qnia
735 2835 887 2924 praescit
909 2856 967 2902 eos
991 2836 1072 2902 bene
1095 2842 1300 2926 operaturos
1321 2843 1359 2904 et
1380 2835 1418 2902 in
1442 2833 1537 2902 ctri-
1631 2891 1632 2894 ,

365 2951 458 3012 stum
482 2941 734 3010 credituros...
762 2942 815 3009 Et
839 2942 898 3007 toa
920 2941 1056 3034 quiden
1078 2942 1341 3012 rationabiliter
1356 2941 1536 3020 «immane,

365 3055 397 3118 ei
417 3049 690 3140 praedestinatio
720 3053 899 3138 respiceret
932 3064 1065 3117 tanton
1095 3051 1204 3116 eitam
1234 3063 1428 3128 aeternare,
1456 3073 1539 3142 qaae

366 3157 471 3226 datar
493 3161 637 3225 meritir.
664 3157 730 3226 Sed
754 3159 820 3224 sub
843 3157 1159 3246 praedestinatione
1183 3157 1279 3226 cadit
1301 3180 1400 3226 omne
1417 3157 1537 3227 benefi-

367 3266 457 3335 cium
482 3265 650 3348 salutare,
677 3263 767 3356 quod
790 3270 845 3332 est
868 3263 998 3332 homiui
1021 3265 1065 3332 ab
1088 3272 1228 3333 aeterno
1251 3263 1428 3334 divinitus
1443 3285 1536 3355 prae

367 3379 540 3464 paratum.
571 3370 665 3440 Unde
687 3370 801 3438 eadem
822 3373 960 3437 ratione
981 3373 1096 3436 anania
1120 3371 1299 3459 benedicio,
1325 3395 1416 3463 puae
1445 3372 1540 3438 nobie

368 3481 502 3568 confert
526 3482 563 3544 in
589 3493 745 3566 tempore,
770 3482 996 3570 praeparavit
1017 3479 1115 3545 nobie
1137 3479 1182 3545 ab
1205 3493 1341 3552 aeterne
1358 3479 1423 3564 (1).
1441 3477 1537 3548 Unde

368 3609 506 3679 ponere,
532 3587 621 3680 quod
644 3587 787 3679 aliquod
810 3588 973 3655 meritum
990 3609 1030 3656 ex
1049 3593 1159 3676 parte·
1171 3594 1291 3654 nostra
1306 3592 1534 3676 supponatur,

367 3695 469 3766 cuias
481 3693 711 3784 praescientia
728 3694 777 3761 sit
790 3695 884 3762 ratio
896 3691 1239 3783 praedestinationis,
1251 3691 1346 3760 nihil
1361 3699 1418 3760 est
1430 3691 1535 3772 aliud,

368 3825 470 3897 quam
504 3801 655 3892 gratiam
680 3823 805 3891 ponere
837 3801 980 3871 darien
1005 3801 1142 3870 meritis
1164 3800 1296 3870 nostris
1316 3827 1332 3860 n
1360 3799 1398 3868 S.
1415 3799 1482 3868 Tb.
1497 3797 1536 3866 ad
1631 3811 1632 3820 ’

369 3911 468 3980 Rom.
486 3909 589 3978 VIII.
608 3909 689 3980 lect.
709 3911 742 3976 6.
761 3909 814 3978 ed.
834 3909 877 3978 de
892 3909 1022 3978 Rubeis
1038 3909 1080 3978 Τ.
1101 3907 1164 3977 VI.
1183 3933 1217 4000 p.
1238 3905 1318 3976 12³.

434 4016 551 4086 Multa
566 4023 650 4086 sunt
672 4017 972 4086 animadversione
988 4017 1098 4106 digua
1121 4016 1157 4083 iu
1182 4015 1249 4085 hac
1271 4015 1464 4108 Aquinatia
1485 4014 1538 4080 do·

370 4123 499 4207 omina,
514 4123 597 4193 aliis
609 4125 715 4193 etiam
727 4122 814 4192 locis
829 4123 993 4212 repetita,
1008 4121 1050 4192 de
1066 4121 1195 4214 quibus
1207 4121 1293 4191 alibi
1306 4145 1420 4191 sermo
1430 4141 1536 4190 recur-
1571 4177 1575 4186 ,

429 4371 471 4448 (1)
485 4375 588 4430 astent
597 4379 693 4432 ulvae
703 4392 755 4432 noe
766 4377 844 4444 tecit,
856 4377 900 4432 ita
911 4376 1143 4444 praedestinavit
1152 4391 1204 4429 noe
1214 4377 1311 4430 salros
1321 4375 1413 4430 deri.»
1426 4377 1451 4429 1.
1460 4387 1485 4442 q.
1493 4372 1533 4426 tt.

369 4479 397 4518 a.
410 4464 438 4518 ὅ.
452 4469 561 4520 coum.
