3230 5072
525 386 563 400 ..
584 353 645 416 395
665 385 703 400 ..

29 457 271 546 reeentiorunr,
289 468 332 530 ut
354 461 583 530 eommuuiter
605 461 676 528 iem
699 457 789 528 solet
811 457 979 547 intelligi,
1005 457 1057 528 sio
1079 457 1200 550 ulique

28 565 171 634 edentis
195 569 472 658 approbationis,
498 566 717 659 sperulativo
738 573 854 635 temen
876 572 913 634 et
934 587 1003 634 uon
1027 563 1196 655 preetioe,

26 681 74 741 est
95 675 251 746 niensis
274 676 434 762 visionis,
460 674 610 745 nnsis.

488 909 633 971 Tussis
654 909 737 971 XLI.

224 1059 386 1122 Obieoinm
406 1063 564 1123 scientiae
585 1063 742 1140 simplicis
764 1063 1007 1140 intellipentiae

25 1165 94 1214 sune
115 1161 235 1218 osnnia
251 1161 435 1234 possibilis·
448 1161 603 1233 otieotnm
616 1159 847 1220 secundos-inm
867 1161 1005 1220 visionis
1026 1161 1063 1219 in
1082 1162 1200 1236 primis

83 1265 166 1316 snm
186 1259 302 1317 sennia
321 1260 500 1318 snistentia
521 1257 776 1334 independenter
797 1275 819 1317 a
840 1259 989 1317 libertate
1008 1266 1130 1318 creatu

88 1461 101 1487 ι
116 1441 271 1496 Obieotum
284 1441 473 1511 sdsequstum
487 1445 625 1498 soientiss
642 1443 777 1510 simplios's
789 1441 1009 1509 inediipsnsioe,
1025 1445 1056 1495 et
1067 1441 1198 1496 obsolute

28 1531 234 1584 nnweessrise
252 1533 322 1584 sunt
347 1532 442 1586 omnis
466 1532 620 1600 possibills
642 1531 795 1586 seeundum
821 1531 968 1584 formalem
991 1529 1198 1598 possibilitstis

28 1637 38 1660 ι
53 1617 213 1673 obisstirse
227 1619 384 1686 rationem,
399 1619 436 1672 sd
449 1619 588 1674 obiectum
603 1623 697 1674 sutem
711 1619 908 1673 seeundsrium
920 1617 1057 1670 scientias
1069 1617 1196 1680 visionis,

29 1726 39 1750 ε
53 1707 237 1776 eiusdemque
257 1709 348 1762 solum
361 1724 397 1762 ex
409 1709 565 1777 hypothesi
579 1710 766 1777 ueoesssriee,
778 1709 927 1776 pertinent
937 1707 1079 1775 imprimis
1092 1705 1195 1772 omnis,

30 1809 124 1861 nqnse
145 1798 205 1851 Deo
225 1799 272 1852 vel
294 1797 458 1852 immediate
477 1800 524 1853 rel
543 1813 594 1867 per
611 1814 711 1853 osusss
731 1797 869 1854 seouudes
887 1799 1023 1864 opersnte
1042 1793 1198 1862 sliqusndo

30 1885 176 1940 vresliter
194 1887 329 1940 existunt
346 1887 574 1956 iudepsndenter
593 1903 611 1942 s
629 1887 731 1942 liberis
750 1887 863 1942 notibus
875 1885 1038 1940 voluntstis
1055 1887 1196 1940 mutes.»

89 2095 122 2162 1.
148 2095 267 2166 Huius
281 2097 528 2188 propositionis
544 2097 662 2188 potius
678 2097 875 2168 enuntiatio
890 2119 933 2166 ex
949 2117 1065 2164 rerum
1077 2095 1198 2164 ordine

28 2203 221 2293 requiritur
250 2223 353 2296 quem
384 2203 547 2296 speoiolis
576 2205 837 2275 demonstratio.
863 2203 968 2274 Retio
997 2204 1109 2288 enim,
1135 2223 1198 2272 our

30 2309 194 2378 esseutiae
217 2311 405 2380 seeundum
422 2316 554 2380 stetum
577 2311 825 2401 possibilitatis
848 2311 1013 2380 ditentur
1035 2310 1199 2376 obiectum

31 2413 253 2507 &aequom
267 2416 439 2508 simplicis
454 2417 724 2508 intelligentius,
737 2415 980 2507 contingentes
995 2421 1110 2484 eutem
1125 2414 1196 2484 exi·

32 2524 172 2592 dentiae
194 2546 263 2592 nou
278 2525 509 2616 adaequatum
526 2525 586 2596 sed
596 2525 757 2616 partiale
772 2525 883 2596 solum
899 2523 1061 2615 illudque
1084 2545 1195 2590 seeun-

33 2625 160 2696 ioriun
181 2631 353 2701 obiectum
369 2630 520 2702 visionis
541 2633 772 2718 eonstituant,
790 2631 978 2701 manifeste
993 2635 1106 2701 estex
1121 2630 1196 2700 the·

32 2733 118 2804 sibus
140 2735 349 2807 xxxvm.
366 2744 402 2808 et
415 2739 494 2810 XL.

88 2842 232 2912 Veritus
253 2865 357 2935 porro
379 2845 510 2936 prioris
531 2845 663 2937 pertis,
690 2844 781 2938 quod
803 2843 986 2935 possibilis
1008 2843 1123 2913 onmis
1145 2864 1196 2912 se-

33 2950 172 3020 eundum
188 2957 337 3021 neturus
351 2975 420 3022 non
436 2953 548 3022 solum
571 2951 751 3044 speoifioss
766 2953 827 3021 sed
841 2950 1057 3036 individuus,
1077 2972 1195 3020 seeum

33 3051 104 3123 dum
118 3079 235 3127 omnes
249 3058 433 3149 possibiles
448 3059 691 3152 perfeetiones,
706 3059 907 3143 relationes,
925 3055 1076 3143 ordines,
1094 3057 1194 3142 fines,

34 3163 194 3250 ustiones,
218 3163 352 3236 limites
382 3171 419 3235 et
447 3166 726 3256 imperfectiones
756 3186 778 3233 o
807 3164 931 3234 divine
960 3161 1196 3233 iutelleotione

35 3273 173 3354 perferte
196 3271 547 3362 eomprehenduntur,
565 3293 634 3342 non
649 3272 771 3341 multis
785 3270 967 3341 distinotis
981 3269 1119 3340 notibus
1136 3270 1195 3340 sed

34 3393 92 3444 uno
112 3379 340 3448 substautieli
361 3386 456 3466 estu,
482 3402 549 3473 quo
572 3378 833 3470 eompreheudit
854 3378 1005 3468 seipsum
1028 3377 1092 3465 (1),
1111 3377 1196 3446 hess

35 3479 160 3576 inquam
177 3486 312 3557 veritos
327 3487 586 3556 demonstretur
600 3486 758 3556 omnibus
773 3484 1002 3575 argumentis,
1015 3484 1142 3576 quibus
1157 3484 1197 3551 in

35 3587 113 3660 thesi
134 3593 324 3663 mvn.
350 3594 606 3664 deelaravimus
629 3593 779 3678 modum,
805 3613 873 3684 quo
895 3591 990 3662 Deus
1013 3613 1074 3682 per
1097 3613 1195 3661 suem

36 3700 206 3769 oeaentiem
229 3700 345 3769 omnis
367 3699 557 3792 sognoeoit.

91 3805 189 3876 Siout
210 3805 249 3874 in
272 3807 524 3876 considerando
545 3805 742 3876 intensione
764 3804 907 3875 di'viuee
923 3801 1194 3893 eompreheusio·

38 3909 93 3994 nis,
110 3933 178 4004 que
190 3913 287 3982 Deus
309 3913 481 3983 obieotum
503 3911 721 4004 primarium,
743 3910 918 3979 infinitum
939 3928 1060 3998 nempe
1081 3927 1195 3976 esseu-

40 4015 109 4086 tien
129 4019 399 4112 eompreheudit;
419 4021 472 4090 ite
493 4019 553 4090 hio
574 4019 681 4091 etium
704 4017 742 4086 iu
765 4012 1054 4106 oontempletioue
1075 4018 1195 4083 exten·

93 4177 192 4252 (1)'0o
212 4179 269 4236 κατ’
295 4179 379 4237 indens
405 4181 530 4244 inurens
562 4180 724 4250 ἔπιβαλλων,
745 4177 821 4233 ἄλλα
843 4197 914 4231 κατα
941 4195 1006 4246 μιαν
1034 4195 1082 4237 της
1102 4173 1194 4237 densae

45 4285 150 4341 ῐῑρῑῠχην
165 4293 201 4326 sa
213 4291 303 4326 sasso
329 4267 398 4334 istos
414 4291 457 4326 και
473 4291 623 4343 weszern..
639 4270 734 4328 isosns
755 4263 799 4322 ivs
815 4267 832 4326 n‘
846 4265 908 4322 Soros
922 4277 1006 4335 σοφια
1024 4282 1194 4335 persensere

46 4374 151 4422 versvs,
170 4381 269 4426 sasso,
286 4360 373 4424 iesse
395 4383 430 4417 su
452 4361 539 4426 ὖλικα,
563 4383 605 4416 sss
626 4357 772 4434 ἇμιριστως
793 4379 828 4412 τα
846 4375 971 4429 perpessu,
990 4375 1034 4408 sess
1052 4375 1087 4406 ses
1102 4357 1195 4408 πολλα

52 4443 140 4516 ''¹¹⁸Wt,
150 4447 219 4523 desp
238 4473 273 4522 sp
291 4451 327 4508 iss
345 4473 434 4508 sasso
451 4471 619 4525 posonem
631 4465 714 4523 σοφια
726 4447 848 4517 Dionys.
858 4445 920 4503 div.
930 4445 1038 4502 nonin.
1052 4459 1077 4501 t.
1090 4443 1118 4499 7.
1128 4443 1192 4496 n.2.
