3224 5068
881 410 918 425 -
942 379 1061 441 334-

388 481 427 552 in
449 484 686 570 sensibilibus,
705 505 793 576 quas
816 485 889 554 sint
911 484 1093 554 sensibilia
1115 484 1173 554 vel
1195 483 1233 552 in
1256 503 1292 551 se
1307 486 1345 551 et
1360 482 1489 572 reipsa,
1506 479 1556 549 vel
1598 513 1599 518 ¹

388 597 565 684 tamquam
588 591 771 660 sensibilia
793 592 1036 660 exhibeantur.

457 700 551 782 Quia
574 723 656 770 vero
689 699 753 768 illa
783 699 940 768 delinitio
963 722 1004 768 ax
1029 701 1158 769 effectu
1180 702 1294 792 petita
1316 725 1384 770 non
1407 697 1558 768 declarat
1598 697 1599 735 ἓ

390 807 595 898 pulchrum,
621 810 705 903 quid
729 810 839 878 sitin
863 833 917 898 sa;
947 835 1050 879 anon
1072 810 1164 879 enim
1186 811 1264 879 ideo
1287 807 1440 901 pulchra
1462 811 1556 886 sunt,
1598 837 1599 842 κ

392 915 475 1007 quia
498 916 691 1004 delectant;
717 918 777 986 sed
800 917 876 986 ideo
899 918 1086 1002 delectant,
1105 917 1188 1010 quia
1203 917 1351 1007 pulchra
1367 921 1484 984 suntr
1502 913 1556 998 (cl.

390 1025 486 1113 Aug.
504 1024 545 1092 de
562 1047 646 1093 vera
662 1025 766 1115 relig.
785 1049 814 1093 c.
834 1023 927 1111 32.):
953 1025 1145 1094 intrinseca
1160 1026 1253 1093 ratio
1269 1031 1306 1093 et
1320 1023 1477 1093 essentia
1493 1019 1559 1111 pul·
1598 1055 1599 1058 =

391 1129 604 1200 chritudinis
626 1132 837 1224 inquirenda
861 1137 988 1201 manet.
1021 1131 1074 1200 Ea
1102 1133 1297 1222 generatim
1320 1130 1494 1201 constitui
1516 1129 1559 1195 vi·
1598 1163 1599 1166 ¹

391 1235 495 1304 detur
511 1238 548 1304 in
564 1239 843 1328 multiplicitatis
859 1238 1009 1307 unitata:
1031 1268 1046 1303 u
1065 1239 1214 1328 pulchra
1229 1239 1319 1323 idae,
1337 1238 1424 1330 quia
1440 1235 1560 1304 similes

392 1344 459 1413 sibi
482 1351 602 1436 partes
626 1351 720 1432 sunt,
739 1353 775 1415 et
792 1345 911 1438 aliqua
935 1347 1153 1436 copulatione
1175 1347 1340 1416 adunam
1363 1343 1560 1414 convenian·
1598 1381 1599 1386 κ

391 1452 478 1519 tiam
490 1452 702 1540 rediguntur
716 1479 732 1514 n
747 1454 842 1542 Aug.
863 1453 904 1522 de
921 1475 995 1523 ver.
1011 1453 1115 1542 relig.
1130 1477 1160 1522 c.
1176 1454 1231 1521 32.
1247 1477 1283 1521 n.
1300 1453 1356 1523 59.
1374 1450 1559 1520 Dicendum
1598 1459 1599 1496 ἐ

392 1559 524 1649 igitur,
551 1560 757 1630 mulctasse
781 1561 894 1630 instar
921 1565 1098 1644 materiae,
1116 1567 1152 1630 at
1167 1565 1336 1627 unitatem
1357 1582 1436 1628 esse
1460 1558 1559 1648 ipsam
1598 1569 1599 1574 ’

388 1665 543 1754 sormam
566 1665 863 1754 pulchritudinis:
892 1669 1031 1738 oomnis
1054 1667 1332 1758 pulchritudinis
1357 1669 1472 1736 forma
1493 1664 1559 1730 nni·

394 1779 462 1856 tas,
480 1800 496 1835 n
516 1773 634 1865 iuquit
651 1773 739 1843 idem
757 1777 793 1845 S.
806 1777 1031 1867 Augustinus
1047 1800 1102 1868 ep.
1115 1775 1169 1845 18.
1185 1775 1233 1843 al.
1248 1775 1304 1844 63.
1323 1774 1366 1844 ad
1380 1769 1557 1842 Coelestin.
1598 1799 1599 1802 ¹

394 1905 429 1950 n.
445 1880 479 1949 2.
505 1881 604 1949 Unde
620 1906 687 1975 quo
703 1885 812 1952 maior
827 1889 863 1952 et
880 1883 992 1973 magis
1008 1884 1178 1953 distincta
1193 1883 1458 1972 multiplicitas,
1475 1879 1558 1946 dun·
1598 1907 1599 1910 ¹

395 1988 493 2056 modo
516 1989 669 2060 intensio.
689 1992 839 2057 renitaris
861 1992 894 2060 ei
910 1991 1130 2083 respondeat,
1149 2013 1188 2059 ao
1205 1991 1314 2058 maior
1330 1990 1402 2058 erit
1418 1983 1559 2079 pulchri·
1598 1999 1599 2037 1

394 2096 500 2180 tudo,
525 2097 601 2167 sive
632 2099 681 2168 sit
704 2099 952 2188 multiplicitas
975 2097 1186 2167 simultanea
1207 2099 1245 2166 in
1268 2097 1404 2188 spatio,
1432 2101 1475 2164 ut
1496 2091 1558 2183 pul·
1598 2137 1599 2144 .

396 2201 559 2272 chritudo
582 2205 753 2294 picturaa;
781 2206 855 2274 sive
879 2205 1078 2275 successiva
1101 2205 1328 2296 intempore,
1351 2209 1394 2272 ut
1417 2199 1559 2292 pulchri·

396 2310 481 2380 tudo
504 2313 668 2382 musicae.
701 2314 770 2382 Ubi
797 2337 879 2384 vero
902 2315 1000 2384 deest
1027 2313 1149 2382 unitas
1179 2321 1216 2382 ct
1242 2311 1471 2394 commansio,
1494 2309 1558 2397 ipsa
1598 2327 1599 2330 ’

397 2418 494 2486 deest
516 2420 791 2511 pulchritudinis
814 2421 973 2489 formalis
996 2421 1099 2490 ratio.
1127 2419 1258 2488 Contra
1280 2417 1311 2485 si
1335 2417 1460 2485 unitas
1482 2417 1557 2482 esset

398 2527 549 2595 maxima
570 2527 606 2596 in
624 2529 817 2598 omnimoda
833 2529 1071 2619 simplicitate,
1085 2533 1121 2596 et
1136 2526 1287 2594 maxima
1302 2523 1474 2594 virtualis
1489 2519 1558 2589 mul·
1598 2573 1599 2577 ,

397 2633 583 2723 tiplicitas,
610 2635 837 2724 pulchritudo
861 2637 953 2704 forat
974 2635 1137 2704 maxima.
1163 2633 1237 2702 Hoc
1259 2638 1377 2700 antem
1402 2631 1442 2698 in
1466 2625 1556 2696 sensi·

399 2741 529 2810 bilibus
552 2765 627 2812 essa
650 2767 718 2812 non
741 2751 868 2835 potest.

464 2847 557 2917 Hine
584 2849 656 2918 alia
686 2857 740 2919 est
770 2872 876 2942 eaque
906 2849 1015 2918 altior
1045 2870 1087 2918 ac
1110 2847 1260 2918 nobilior
1283 2839 1557 2937 pulchritudoin

400 2977 492 3025 mara
507 2957 797 3047 intelligibilibus
812 2964 850 3027 at
865 2957 1176 3028 intellectualibus.
1196 2957 1296 3038 Quas
1310 2953 1402 3022 enim
1419 2974 1483 3020 nec
1497 2970 1557 3017 seu·

399 3085 500 3131 suum
522 3087 586 3134 neo
609 3065 873 3155 imaginationis
897 3065 1067 3135 obiectum
1090 3073 1186 3148 sunt,
1205 3063 1265 3132 sed
1289 3061 1361 3129 solo
1378 3057 1502 3128 mentis
1516 3056 1557 3121 iu·

399 3171 496 3239 tuitu
521 3171 599 3239 visa
623 3171 810 3258 delectant,
828 3173 1064 3264 pulcherrima
1086 3177 1172 3241 snut
1194 3167 1471 3262 pulchritudine,
1489 3183 1556 3254 qne·

400 3301 476 3346 cum
500 3279 564 3346 illa
586 3280 700 3348 altera
723 3281 864 3350 sensilis
888 3304 955 3349 uon
978 3281 1132 3350 eiusdem
1163 3276 1313 3348 rationis
1340 3275 1400 3344 sed
1424 3272 1557 3357 analoga

399 3390 537 3453 tantum
560 3392 626 3455 est.
658 3387 749 3456 Hinc
770 3386 992 3479 pulchritudo
1018 3385 1261 3475 iutellipibilir
1290 3389 1344 3452 est
1365 3387 1403 3449 et
1425 3379 1462 3448 in
1484 3375 1556 3466 ipsis

401 3493 612 3562 veritatibus
634 3496 837 3580 abstractis,
856 3519 944 3587 quae
967 3497 1005 3563 in
1029 3493 1184 3562 mirabili
1199 3514 1265 3560 sua
1280 3488 1500 3569 connexione,
1515 3488 1555 3548 at

402 3623 468 3692 qne
491 3599 576 3668 adeo
598 3601 635 3668 in
659 3603 796 3672 unitata
813 3609 848 3671 et
863 3601 1092 3692 simplicitate
1108 3599 1359 3690 principiorum
1377 3603 1413 3664 et
1429 3595 1467 3662 in
1483 3591 1554 3659 mira

402 3709 575 3778 varietate
606 3731 647 3778 ac
673 3717 842 3780 concentu
873 3709 1156 3800 consequentium
1180 3707 1276 3776 visae
1299 3711 1448 3772 mantem
1470 3695 1554 3768 ratio·

402 3815 515 3885 nalem
540 3817 727 3906 purissima
748 3818 932 3906 voluptate
946 3816 1176 3906 perfundunt.
1201 3814 1245 3881 Iu
1261 3811 1408 3880 realiter
1423 3807 1553 3879 existen·

403 3926 497 3993 tibus
522 3927 640 3995 unitas
664 3927 700 3995 in
724 3925 991 4015 multiplicitate
1014 3947 1054 3992 ac
1077 3923 1305 4014 pulchritudo
1328 3927 1442 3989 mente
1464 3911 1553 4007 perci·

404 4032 528 4122 pianda
552 4041 606 4102 est
628 4033 801 4124 imprimis
826 4033 863 4100 in
887 4033 978 4101 omni
1002 4031 1079 4100 vita
1101 4031 1177 4100 siva
1199 4027 1374 4118 vegatali,
1401 4027 1474 4094 siva
1494 4041 1552 4088 seu·

403 4141 524 4226 sitive,
551 4165 591 4210 ex
617 4165 683 4234 qua
708 4143 786 4212 vita
808 4142 907 4212 velut
929 4141 1075 4210 effectus
1099 4163 1139 4208 ac
1162 4137 1280 4208 nuntii
1300 4126 1571 4228 pulchritudinis-

403 4251 613 4320 intrinseoaa
642 4257 850 4341 promanant
876 4247 1112 4338 pulcherrima
1139 4246 1375 4337 phaenomena
1396 4234 1551 4312 sensibilia

405 4383 434 4428 a.
454 4383 489 4448 g.
509 4359 547 4426 in
570 4357 726 4443 floribus,
748 4358 787 4426 in
810 4357 921 4444 oculo,
940 4363 975 4425 st
999 4355 1193 4424 universim
1215 4354 1252 4420 in
1276 4351 1474 4441 corporibus
1493 4337 1548 4409 ani·

404 4463 564 4533 malibus.
590 4465 682 4534 Hinc
705 4464 861 4554 intelligi
883 4467 1009 4554 potest,
1027 4467 1158 4552 quanto
1180 4457 1330 4526 nobilior
1355 4457 1405 4524 sit
1419 4443 1548 4546 pulchri·
