3292 5062
515 385 552 400 —
577 353 635 414 157
657 386 694 400 -

36 481 149 528 rarum:
165 479 229 527 eae
247 465 363 527 autem
375 465 460 526 sunt
471 459 698 548 multiplices,
713 467 749 528 et
760 481 879 528 earum
899 459 1061 548 singulae
1082 481 1190 529 exem-

35 567 127 656 plaris
149 587 191 633 ac
215 563 401 634 efficientis
424 587 550 634 causae
565 566 814 656 perfectionem
837 565 1050 635 adumbrant
1072 589 1192 636 secun·

36 673 99 741 dum
125 671 284 763 aliquam
316 671 485 740 rationem
499 671 563 759 (1),
578 695 640 742 nec
655 682 771 742 tamen
797 672 958 762 singulae
984 697 1047 742 nec
1077 697 1193 743 omnes

35 779 119 846 simul
143 785 233 848 sunt
250 778 445 870 adaequata
460 779 536 848 eius
552 781 729 870 expressio
744 785 781 848 et
796 781 1081 869 repraesentatio.
1101 781 1194 851 Hine

36 885 202 954 erundum
228 886 445 976 multiplices
468 889 710 976 perfectiones,
737 909 883 980 quarum
908 887 1020 956 ideam
1040 909 1080 956 ex
1099 910 1192 958 orea-

35 995 107 1060 turis
128 992 382 1078 abstrahimus,
408 994 446 1061 in
469 993 541 1063 Deo
565 981 795 1084 perfectiones
819 993 1034 1084 multiplices
1059 995 1191 1084 cogita·

37 1101 111 1168 hone
131 1100 403 1190 distinguimus.
430 1101 533 1170 Sicut
555 1102 645 1170 enim
670 1101 791 1170 divina
814 1102 966 1170 essentia
995 1109 1050 1169 est
1078 1124 1189 1170 exem«

35 1206 94 1296 pler
114 1209 269 1275 omnium
297 1209 559 1298 perfectionum,
586 1231 674 1301 quae
697 1209 734 1276 in
758 1207 932 1278 creaturis
946 1231 1020 1277 esse
1037 1209 1093 1278 vel
1111 1231 1188 1278 con·

36 1315 88 1402 cipi
119 1323 291 1404 possunt,
325 1317 377 1384 ita
406 1317 590 1407 respondet
622 1316 781 1385 omnibus
813 1316 902 1385 ideis
933 1316 1188 1406 perfectionum

36 1421 312 1509 inperfectionem
335 1447 402 1492 non
425 1424 713 1508 involventibus,
739 1445 827 1515 quas
850 1445 946 1492 mens
967 1431 1088 1492 nostra
1111 1445 1188 1492 con·

36 1531 127 1617 cipere
147 1538 278 1620 potest.
307 1531 407 1600 Sicut
421 1555 505 1622 ergo
522 1541 659 1601 creatae
674 1531 902 1622 perfectiones
919 1538 1002 1599 sunt
1017 1530 1189 1600 obiectiva

38 1636 177 1726 quaedam
191 1639 401 1728 imperfecta
410 1640 563 1709 imitatio
575 1647 611 1708 et
627 1638 844 1708 adumbratio
857 1637 1082 1728 perfectionis
1094 1637 1186 1707 divi·

37 1766 83 1811 nae
97 1745 284 1814 secundum
297 1746 389 1815 alias
404 1753 440 1815 et
451 1747 541 1814 elias
553 1747 719 1830 rationes,
734 1747 835 1812 itaet
850 1744 946 1814 ideae
963 1753 1101 1813 nostrae
1117 1745 1186 1813 sin·

39 1849 121 1936 gulae
141 1853 332 1922 seeundum
348 1851 438 1921 alias
461 1857 498 1921 et
519 1852 610 1921 alias
625 1853 779 1921 rationes
795 1851 1044 1942 inadaequatas
1061 1858 1097 1920 et
1110 1851 1187 1920 ideo

39 1955 210 2046 imperfecte
242 1981 349 2028 unam
381 1957 675 2050 simplicissimam
706 1958 880 2026 infinitam
912 1957 977 2025 Dei
1004 1957 1186 2047 perfeetio-

41 2087 96 2132 nem
116 2065 291 2136 exhibent.
319 2066 412 2148 Quia
442 2065 681 2155 cognoscimus
703 2065 741 2134 in
772 2064 911 2156 speculo
942 2073 1185 2136 creaturarum

40 2172 103 2238 etin
116 2174 324 2264 aenigmate,
338 2173 415 2242 ideo
429 2197 471 2240 erc
481 2188 586 2262 parte
600 2195 641 2242 ac
657 2173 772 2242 veluti
789 2196 850 2264 per
866 2181 983 2264 partes
1004 2167 1050 2252 (ἐκ
1067 2167 1182 2263 prepete)

42 2285 266 2368 cognoscimus,
285 2291 322 2352 et
337 2307 379 2349 em
397 2297 501 2372 porte
523 2281 768 2374 prophetamus
785 2281 904 2367 (etiam
927 2283 964 2350 in
988 2283 1186 2372 cognitione

44 2392 305 2477 supernaturali).
331 2391 386 2460 Ex
409 2390 474 2460 hoc
497 2399 613 2458 autem
636 2389 864 2478 cognoscendi
888 2389 985 2458 modo
1008 2396 1116 2480 patet,
1144 2389 1186 2456 il·

44 2493 91 2562 lm
105 2521 267 2568 summam
283 2523 368 2583 rem,
387 2500 472 2568 lieet
487 2498 641 2588 singulis
658 2497 857 2566 notionibus
874 2497 1094 2587 singularum
1110 2518 1186 2588 per·

46 2603 201 2676 fectionum
225 2608 346 2677 eadem
363 2607 429 2676 illa
443 2630 499 2676 res
515 2605 734 2696 respondeat,
752 2605 911 2674 exbiberi
930 2613 1044 2674 temen
1061 2606 1185 2694 imper-

46 2709 142 2780 fectius
152 2723 185 2783 et
197 2714 384 2784 confusius
397 2714 534 2782 notione
549 2711 653 2780 unius
666 2703 890 2802 perfectionis
903 2735 1004 2804 quam
1018 2711 1183 2803 plurium,

47 2827 122 2907 alque
141 2821 222 2890 adeo
248 2829 390 2911 propter
413 2807 655 2911 imperfectum
684 2828 841 2888 nestrum
869 2819 1094 2909 intelligendi
1117 2841 1185 2887 mo·

46 2921 103 2991 dnm
122 2930 314 2999 necessario
330 2951 350 2995 a
367 2929 466 2996 nobis
483 2927 715 3018 multiplicari
731 2928 902 3012 notiones,
916 2936 958 2996 ut
972 2928 1015 2997 ad
1032 2927 1185 3019 aliquam

48 3031 236 3104 excultiorem
262 3035 423 3105 infinitae
452 3036 677 3126 perfectionis
707 3035 772 3104 Dei
803 3036 1033 3126 cognitionem
1066 3057 1184 3125 perve-

48 3156 163 3210 manus.

93 3246 133 3315 ll.
155 3251 335 3345 Frequens
358 3259 412 3322 est
434 3251 527 3343 apud
546 3252 609 3321 SS.
627 3251 801 3320 Basilium
817 3256 854 3321 et
870 3251 1078 3342 Gregorium
1092 3251 1185 3341 Nys·
1223 3247 1229 3261 '

51 3369 138 3422 arun
150 3357 441 3428 Eunomianorum
458 3360 611 3452 querela,
625 3381 646 3428 a
662 3358 854 3430 Catholicis
866 3359 954 3450 fingi
971 3359 1080 3428 Deum
1096 3383 1184 3430 com·

52 3460 165 3540 mettum
186 3489 227 3535 ex
253 3467 388 3552 multis,
414 3489 453 3536 ee
477 3467 569 3559 quod
592 3468 741 3536 doceant
764 3465 916 3536 diversis
936 3467 1137 3537 notionibus
1163 3489 1186 3536 a

93 3713 127 3787 ill
141 3721 217 3778 Retio
238 3726 269 3778 in
289 3725 343 3778 hec
361 3723 556 3792 disputatione
569 3725 643 3778 idem
663 3729 717 3792 cst,
731 3725 806 3793 quod
818 3724 933 3779 linceis
955 3724 1062 3780 dieitur
1077 3722 1186 3790 iussere,

54 3803 167 3864 elicerem
182 3815 294 3869 seilicet
311 3819 480 3883 conceptus,
503 3817 566 3868 sive
586 3815 616 3868 id
637 3815 711 3884 quod
735 3831 813 3868 mens
836 3816 963 3882 concipit
983 3819 1013 3870 et
1034 3817 1185 3884 cogitando

54 3885 172 3966 barihim
190 3903 219 3957 in
241 3920 271 3958 re
291 3908 386 3958 sutem
404 3910 488 3956 extra
511 3908 633 3958 mentem
653 3907 699 3956 cst
720 3903 935 3957 fundamentum
955 3907 985 3957 et
1008 3905 1116 3960 eredis
1137 3923 1184 3960 ve-

54 3979 136 4039 n'lesns
149 3994 340 4062 conceptiones
359 3999 509 4061 nostras»
540 4000 574 4047 ut
592 3995 722 4063 loquitur
741 3995 769 4048 S.
784 3995 905 4048 Thomas
926 3993 959 4047 de
979 3997 1093 4050 Patent.
1115 4012 1144 4064 q.
1157 3998 1184 4052 7.

54 4069 100 4124 hl·
115 4077 176 4146 litto
197 4085 284 4139 etism
302 4100 349 4138 res
361 4085 426 4152 ipss
438 4085 566 4153 praecise
580 4085 732 4139 seeundum
745 4085 819 4138 illud
831 4087 970 4152 spectata,
987 4101 1042 4153 quo
1056 4087 1186 4142 verlflcst

57 4169 136 4220 corbos
151 4181 309 4244 conceptus,
332 4180 428 4244 potest
446 4178 521 4228 ratio
540 4177 701 4244 appellari;
724 4191 780 4244 quo
799 4191 884 4230 sensu
905 4193 929 4230 e.
945 4192 973 4243 g.
991 4175 1112 4232 dicimus
1133 4193 1184 4232 uos

56 4243 191 4320 llrtinmre
207 4265 240 4317 tn
260 4267 320 4318 Deo
338 4268 444 4320 multas
466 4266 596 4320 diversas
616 4267 756 4334 rationes,
777 4281 834 4318 non
855 4266 938 4333 qussi
955 4267 987 4320 in
1007 4267 1065 4320 Deo
1088 4269 1190 4334 essent¹

61 4331 161 4416 eveus,
173 4353 214 4406 sed
228 4356 298 4422 qnia
316 4369 404 4409 unum
422 4355 567 4409 infinitum
580 4355 734 4423 respondet
746 4355 846 4409 multIs
861 4355 987 4409 dirersis
998 4357 1107 4410 normis
1121 4370 1183 4408 con-

59 4432 151 4492 “llilur
165 4446 312 4512 auantiae,
333 4446 494 4512 sapientiae
514 4450 568 4499 etc.
