3280 5070
913 428 953 444 -
974 397 1035 460 024
1056 429 1094 444 -

420 498 511 592 quod
534 499 655 590 prooul
679 499 784 570 dubio
808 500 978 588 fenerent,
1003 502 1035 572 si
1058 503 1265 596 respondere
1286 503 1422 576 talibus
1434 525 1576 596 oogeren·

420 605 614 677 tuttundo
636 608 769 678 fautum
792 615 859 694 eet,
885 623 925 676 at
948 607 989 677 de
1001 615 1126 700 pratia
1144 611 1212 681 Dei
1227 610 1314 705 qaid
1327 614 1504 694 sentirent,
1520 611 1578 678 bre·

421 717 510 782 viter
532 715 736 808 quidusdam
758 720 964 808 sor-iptorum
986 745 1123 789 suorum
1146 721 1230 790 loos'o
1253 717 1578 788 sermonumt

423 824 596 913 tingerent
620 849 636 884 n
662 824 882 896 Praadestin.
909 826 973 898 SS.
1000 852 1035 898 n.
1061 828 1119 898 27.

511 931 557 1000 2”.
575 931 693 1016 Ratio,
721 955 829 1026 qnare
852 935 1008 1006 uoluerit
1029 936 1154 1008 deduoi
1176 936 1404 1029 Augustinus
1419 935 1465 1007 ad
1480 936 1581 1026 dispu-

421 1038 589 1110 totiouem
612 1039 655 1111 do
678 1042 832 1133 singulis
859 1043 1005 1115 Petrum
1036 1045 1235 1130 sententiis,
1268 1067 1338 1114 non
1367 1051 1579 1137 potestesse,

422 1146 513 1239 quod
536 1147 593 1218 illi
617 1147 811 1220 doctrinam
843 1151 886 1224 da
916 1153 1237 1244 praedestinatione
1265 1153 1311 1224 ad
1338 1153 1488 1243 gloriam
1515 1157 1582 1219 ante

422 1254 586 1344 praevisa
608 1257 734 1328 marita
757 1279 991 1353 quaecumque
1017 1289 1034 1325 a
1060 1261 1217 1331 breviter
1238 1267 1275 1330 et
1297 1265 1521 1330 hanmunter
1539 1263 1581 1326 at·

422 1360 595 1450 tigernnt.
624 1389 640 1425 n
667 1365 791 1434 Patres
813 1367 906 1436 enim
927 1367 1133 1458 Augustino
1156 1368 1377 1461 antiquiores
1404 1365 1581 1436 dootriuau

422 1469 465 1539 de
486 1471 788 1562 praedestinatine
804 1482 884 1566 post
898 1475 1154 1567 praevisionem
1170 1476 1377 1547 meritorum
1393 1481 1582 1567 supernatu-

342 1613 346 1620 ·
423 1579 552 1649 ralinm
583 1580 795 1674 frequenter,
829 1583 971 1669 diserte,
1011 1583 1206 1654 olariasime
1230 1589 1501 1676 proposueruut;
1524 1604 1582 1650 eam

423 1694 551 1773 autem,
578 1711 681 1781 quam
697 1691 822 1761 dieunt
835 1691 949 1762 nostri
964 1691 1174 1778 adversarii,
1194 1715 1258 1762 neo
1273 1693 1434 1762 breviter
1447 1713 1508 1760 neo
1521 1711 1582 1780 pro

423 1796 496 1866 lire
517 1797 718 1888 attigerunt
741 1799 812 1870 nisi
835 1800 879 1870 ad
902 1799 979 1870 ains
1002 1799 1294 1870 oouiutationem.
1328 1798 1464 1870 Contra
1492 1796 1582 1866 voris

407 1903 549 1974 simum
572 1913 638 1991 ost,
663 1907 789 1978 Patres
811 1908 1017 1978 nominatim
1039 1931 1195 2000 graecos,
1229 1908 1399 1978 Cassiano
1432 1905 1582 2000 quondan

425 2012 580 2082 auditori
602 2013 846 2106 chrysostomi
869 2016 1062 2110 ueterisque
1083 2015 1369 2086 Massiliensibus
1387 2011 1580 2094 notissimos,
1635 2049 1636 2052 ¹

425 2119 619 2191 doctrinam
642 2122 684 2194 de
707 2123 827 2214 gratia
849 2125 1094 2215 praeveniente
1116 2125 1216 2194 omna
1243 2123 1402 2210 initium,
1437 2121 1524 2216 quod
1550 2141 1581 2187 ex

425 2227 652 2316 nobismet,
678 2231 850 2322 adtigisse
874 2231 1031 2304 breviter
1054 2238 1091 2302 et
1118 2239 1359 2318 transeunter,
1397 2229 1580 2324 quandoque
1635 2225 1636 2312 ᾗ

425 2332 530 2408 etiam
554 2334 788 2428 supposuisse.
813 2335 869 2404 Ex
892 2359 959 2428 quo
983 2339 1116 2410 iaotum
1138 2343 1204 2424 est,
1231 2345 1272 2408 ut
1293 2337 1421 2408 Patres
1443 2335 1499 2406 illi
1521 2354 1581 2401 ssu·

425 2442 575 2513 otissimi
598 2448 635 2512 et
656 2441 928 2534 Chrysostomus
950 2445 1156 2516 nominatim
1178 2467 1247 2515 non
1272 2467 1354 2514 rero
1377 2445 1423 2516 ab
1445 2441 1578 2536 ipsisne

426 2549 639 2622 oentioribus
669 2551 771 2622 velut
803 2554 1096 2644 praeformatores
1130 2553 1473 2648 Semipelagisnismi
1505 2547 1579 2622 odu-

425 2657 552 2727 mniam
577 2659 673 2748 passi
695 2659 780 2730 sint.

492 2765 539 2836 θ’.
564 2768 686 2838 Potuit
708 2768 847 2862 quidem
862 2773 899 2840 et
916 2769 1032 2841 voluit
1053 2769 1280 2864 Augustinus
1298 2797 1314 2834 e
1332 2767 1537 2861 diligentius
1553 2769 1579 2832 et

426 2875 630 2968 operosius»
649 2876 827 2947 declarare
849 2883 886 2946 et
899 2877 1096 2964 defendere,
1114 2901 1201 2972 quae
1217 2879 1342 2947 Patres
1359 2875 1578 2947 anteoedenho

426 2981 608 3054 obsourius
620 2989 656 3052 et
668 2981 863 3076 simplicius
878 2983 1069 3054 doonerant
1084 2985 1141 3072 (do
1154 2985 1253 3054 Dono
1267 3007 1446 3076 persever.
1460 3007 1493 3052 u.
1508 2979 1575 3064 etp

426 3089 487 3160 aad
509 3088 602 3159 nihil
626 3113 787 3182 umquam
810 3090 924 3181 magis
947 3090 1089 3160 horruit
1111 3114 1213 3184 quam
1236 3091 1357 3161 dooere
1373 3084 1576 3162 entaoessori·
1634 3073 1635 3096 ¹

426 3197 492 3266 bus
515 3197 590 3266 suis
613 3195 910 3284 contradictoria,
936 3197 1027 3270 nihil
1051 3199 1163 3291 magis
1193 3199 1291 3269 eordi
1320 3198 1470 3285 hahuit,
1495 3217 1576 3289 quan

426 3305 683 3376 eonsensionem
707 3329 784 3376 oum
807 3305 854 3376 iis
876 3329 1018 3377 servare
1039 3314 1077 3378 et
1099 3309 1313 3398 praeseferre
1328 3330 1370 3377 ao
1386 3307 1575 3378 demonstra·

426 3435 466 3482 re
488 3411 629 3504 ubique,
654 3418 697 3481 ut
718 3413 916 3504 legentibus
939 3413 1045 3484 etiam
1067 3413 1131 3484 hos
1153 3415 1240 3484 duos
1261 3413 1403 3485 libellos
1418 3407 1572 3484 doPraed·

427 3517 491 3588 SS.
516 3523 553 3588 st
575 3517 617 3588 de
647 3519 745 3588 Dono
776 3541 913 3611 persev.
939 3521 1162 3592 manifestum
1185 3527 1251 3591 est.
1275 3521 1330 3592 cf.
1356 3519 1478 3592 llaffsi
1497 3515 1571 3586 Hist

427 3623 535 3696 theol.
561 3624 587 3694 l.
604 3623 650 3695 X.
669 3633 702 3710 5.
719 3625 770 3696 Π.
788 3650 824 3696 ιι.
848 3627 882 3696 2.
908 3627 1022 3720 Atqui
1054 3627 1084 3697 si
1117 3627 1351 3719 responsionis
1382 3647 1501 3698 sensus
1524 3621 1573 3690 hoo

425 3731 501 3803 looo
524 3731 557 3802 is
580 3739 684 3819 esset,
710 3755 810 3825 quem
833 3733 957 3806 dieunt
978 3733 1199 3820 adversarii,
1224 3735 1294 3804 iam
1316 3757 1386 3804 non
1411 3765 1428 3800 ι
1446 3729 1573 3803 brevitor

425 3849 462 3914 et
484 3847 708 3914 transeunter
725 3869 741 3904 n
760 3841 856 3913 diota
884 3865 906 3912 a
926 3842 1092 3914 Patribus
1114 3843 1189 3934 ipse
1208 3842 1450 3933 «diligentius
1462 3845 1495 3911 et
1514 3855 1570 3926 opo

426 3950 542 4021 rosius
564 3949 818 4034 defenderem
844 3949 935 4042 quod
958 3973 995 4020 se
1027 3949 1142 4021 laoero
1168 3949 1375 4041 profitetur;
1402 3947 1460 4019 sed
1486 3939 1570 4014 maai·

426 4057 529 4128 lestis
551 4079 670 4128 eorum
694 4057 879 4128 sententiis
902 4057 1168 4128 contradioerst.
1189 4055 1258 4126 Est
1272 4080 1337 4150 ego
1352 4055 1568 4128 oertissimuu,

425 4163 520 4235 huno
543 4187 611 4234 nou
633 4187 708 4236 esse
732 4187 869 4234 sensum
895 4167 1079 4236 verborum
1094 4165 1306 4256 Augustini.
1325 4165 1426 4237 Unde
1440 4164 1469 4234 si
1484 4161 1568 4230 inter·

426 4270 565 4361 rogatio
588 4271 751 4362 Prosperi
772 4271 838 4341 hoo
861 4271 929 4342 sibi
946 4271 1037 4358 vult,
1064 4273 1148 4366 quid
1172 4272 1369 4364 (supposita
1384 4270 1567 4363 gratiegra·

427 4379 522 4450 tuita
555 4385 594 4448 et
625 4379 872 4472 praeveniente
903 4401 1001 4451 omne
1033 4380 1177 4450 initium
1208 4379 1399 4450 humanum
1426 4401 1463 4448 eo
1488 4375 1565 4442 noto·

427 4486 501 4557 rale
534 4486 572 4556 iu
604 4485 664 4557 via
698 4485 841 4574 salotis)
871 4487 1092 4560 sentiendum
1131 4488 1181 4558 sit
1210 4487 1253 4560 de
1282 4479 1565 4580 praedestinatiana
