3292 5062
931 371 970 386 -
993 339 1052 402 120
1071 371 1111 386 -

432 453 606 542 quatenus
629 445 763 516 veritas
779 449 928 537 utraque
952 445 990 514 in
1013 467 1050 515 se
1073 445 1150 536 ipsa
1165 445 1309 514 sistitur
1324 445 1535 534 intellectui;
1553 447 1600 514 ni·

431 555 623 624 hilominns
646 575 808 622 assensus
831 559 992 645 uterque,
1018 553 1100 621 dum
1123 552 1324 642 ingreditur
1346 553 1461 644 ipsum
1491 561 1600 624 sotum

431 663 525 750 fidei,
540 662 684 732 elicitur
699 662 837 731 viribus
854 661 1182 751 supernaturalibus
1198 661 1437 752 superadditis
1450 685 1513 753 per
1528 687 1600 752 gre·

431 772 518 842 tiam
540 770 740 840 intellectui
770 792 811 840 ae
835 769 1036 854 voluntati,
1063 775 1105 838 nt
1127 769 1348 840 adhaesionis
1371 772 1522 840 firmitas
1545 773 1597 856 sit,

433 881 548 974 qualis
572 885 727 970 oportet,
754 878 1035 968 supernaturalis
1059 883 1096 946 et
1120 901 1224 968 super
1248 879 1362 948 omnia
1386 881 1474 968 (vid.
1501 880 1597 950 Curd.

431 990 474 1058 de
497 989 598 1078 Lugo
621 989 662 1056 de
685 985 766 1055 Fid.
785 985 875 1076 disp.
896 985 929 1054 1.
948 992 1033 1054 seat.
1052 985 1085 1054 6.
1104 992 1141 1055 et
1158 987 1219 1074 7.).
1238 987 1395 1078 Denique
1427 988 1534 1056 tertio
1555 1009 1599 1054 se·

432 1097 555 1190 quitur
571 1117 734 1164 assensus
749 1095 787 1161 in
810 1094 921 1184 ipsam
945 1093 1132 1162 veritatem
1148 1097 1358 1184 propositam
1377 1119 1407 1164 e.
1420 1121 1456 1186 g.
1467 1097 1506 1164 in
1530 1093 1598 1162 uri-

431 1206 592 1290 nitalem,
607 1209 749 1294 propter
770 1201 1016 1270 auctoritatem
1035 1201 1101 1270 Dei
1125 1201 1327 1288 revelantis,
1343 1203 1405 1296 qui
1428 1209 1484 1272 est
1508 1209 1599 1271 aetus

430 1313 512 1382 lidei
543 1311 702 1382 formalis
733 1311 875 1380 elicitus
901 1311 1069 1378 firmitate
1100 1311 1311 1380 assensionis
1343 1311 1599 1402 supernaturali

431 1444 493 1512 per
504 1421 610 1490 trires
627 1417 763 1510 gratiae
787 1417 972 1502 elevantis,
1000 1425 1104 1510 atque
1131 1425 1206 1487 tum
1230 1417 1447 1496 illustrantis
1470 1419 1598 1488 intelle·

431 1535 528 1600 otum
546 1537 621 1597 tum
645 1527 864 1617 potissimum
888 1527 1060 1596 moventis
1077 1549 1117 1596 ae
1134 1527 1367 1597 confortantis
1383 1527 1531 1597 liberam
1547 1549 1597 1597 vo·

430 1637 605 1706 luntatem
622 1635 686 1722 (1).

497 1744 573 1812 Iam
585 1743 616 1812 si
627 1742 665 1810 in
677 1742 742 1811 hae
754 1741 894 1830 analysi
904 1740 943 1809 in
953 1741 1067 1811 loeum
1076 1743 1336 1832 propositionis:
1351 1743 1466 1811 rDeus
1478 1741 1594 1812 esttri-

429 1875 497 1922 nus
512 1850 711 1944 personina
727 1849 921 1918 substituas
937 1849 1027 1919 hano
1050 1849 1211 1918 alteram:
1234 1851 1355 1919 uDens
1372 1851 1508 1938 existit;
1526 1878 1541 1912 e
1564 1851 1595 1916 in

426 1963 558 2054 prima,
583 1965 619 2029 et
641 1957 787 2026 secunda
809 1981 851 2026 ex
873 1959 990 2028 tribus
1004 1959 1300 2050 propositionibus
1315 1959 1511 2028 affirmatur
1528 1959 1595 2048 qui·

431 2069 509 2138 dem
532 2067 701 2159 implicite
714 2066 771 2137 vel
784 2067 953 2136 indirecte
976 2066 1061 2136 haee
1085 2067 1162 2158 ipse
1177 2067 1369 2138 existentia
1383 2068 1463 2136 Dei:
1487 2075 1524 2135 at
1552 2065 1593 2133 ibi

431 2199 594 2248 assensus
616 2197 685 2244 non
708 2179 908 2266 praestatur
931 2173 1100 2244 eredendo
1122 2181 1266 2266 propter
1280 2176 1526 2244 auctoritatem
1538 2171 1594 2241 Dei

430 2281 623 2354 revelantis
646 2303 745 2351 suam
768 2281 1004 2366 existentiam,
1031 2281 1091 2350 sed
1114 2305 1189 2351 eam
1213 2283 1440 2372 intellipendo
1457 2281 1495 2351 in
1510 2283 1592 2349 laeto

431 2391 606 2462 obieotivo
629 2389 715 2460 talis
737 2389 938 2474 locutionis,
964 2413 1033 2482 quo
1055 2390 1151 2459 Deus
1175 2413 1212 2458 se
1235 2390 1441 2460 existentem
1464 2388 1593 2459 exbibet

431 2500 654 2588 intelleotui;
680 2500 718 2569 in
743 2503 849 2567 tertia
871 2499 1103 2590 propositione
1127 2499 1322 2569 affirmetur
1337 2499 1466 2569 reflexo
1489 2503 1525 2568 et
1544 2519 1591 2566 sx-

430 2612 553 2704 plieite
569 2610 635 2681 Dei
650 2608 840 2680 existentia
857 2631 899 2676 eor
920 2612 1044 2678 motivo
1056 2609 1209 2700 formali
1224 2609 1318 2678 verbi
1333 2609 1400 2676 Dei
1423 2606 1590 2697 infallibi-

431 2719 489 2787 lis.
515 2719 616 2788 Unde
638 2715 677 2784 in
699 2715 764 2784 hoo
786 2713 869 2782 fidei
892 2720 986 2785 astu:
1008 2715 1135 2786 uDens
1160 2713 1362 2784 infallibilis
1377 2713 1548 2783 revelavit
1561 2730 1590 2778 se

430 2826 602 2910 existere,
629 2827 771 2914 propter
792 2821 869 2892 eius
904 2845 989 2912 ergo
1011 2823 1259 2892 auetoritatem
1281 2827 1317 2890 et
1339 2844 1383 2890 ex
1405 2815 1589 2892 reverentia

430 2955 515 3024 erga
547 2931 647 3001 illam
677 2931 801 3023 pioque
833 2929 916 3000 fidei
947 2931 1077 3000 affeetu
1108 2931 1209 3000 oredo
1237 2931 1348 3000 Deum
1382 2929 1586 3010 existam»

430 3048 484 3110 est
507 3040 630 3130 utique
653 3058 817 3106 assensus
839 3037 969 3128 duplex
992 3039 1029 3106 in
1052 3038 1119 3108 Dei
1149 3037 1394 3123 existentiam,
1422 3037 1483 3106 sed
1504 3031 1588 3102 modo

430 3155 466 3218 et
488 3147 618 3216 motivo
642 3145 804 3232 diverso,
830 3145 926 3235 prior
949 3145 1145 3237 implicitus
1169 3153 1206 3215 et
1228 3169 1296 3215 non
1319 3149 1463 3236 propter
1484 3147 1587 3212 auoto-

430 3257 573 3325 ritatem
596 3253 756 3338 dicentis,
782 3255 964 3344 posterior,
991 3255 1053 3348 qui
1068 3261 1122 3326 est
1137 3254 1297 3324 formalis
1312 3259 1413 3322 aetus
1432 3251 1523 3335 fidei,
1540 3268 1586 3315 ex·

429 3362 576 3454 plicitus
599 3367 636 3430 et
657 3365 801 3452 propter
824 3363 1069 3432 auctoritatem
1100 3363 1167 3432 Dei
1197 3361 1396 3454 loquentis:
1419 3365 1524 3451 atque
1544 3353 1586 3421 ie

430 3467 588 3553 veritati,
616 3487 718 3558 quam
742 3467 811 3534 iam
834 3490 1001 3557 cognosse
1025 3470 1089 3538 sub
1112 3491 1184 3537 nna
1199 3467 1346 3552 ratione,
1362 3465 1528 3534 assentior
1541 3481 1584 3528 re·

429 3575 517 3646 flexa
533 3575 597 3644 sub
612 3573 842 3660 elimatione,
857 3575 1024 3645 videlieet
1035 3583 1177 3667 propter
1189 3573 1366 3644 infinitam
1379 3573 1445 3642 Dei
1459 3573 1584 3664 loquen-

429 3683 479 3753 tis
501 3679 765 3768 austeritatem,
792 3681 848 3751 oui
871 3681 936 3753 hoo
966 3705 1163 3774 supremum
1186 3682 1268 3754 fidei
1297 3686 1335 3751 et
1357 3679 1484 3750 latrias
1505 3679 1584 3746 obae-

429 3790 550 3884 quium
573 3809 595 3858 a
617 3795 782 3860 ereatura
805 3809 870 3858 sua
893 3789 1051 3860 debatur.

490 4073 532 4154 (1)
550 4077 637 4134 lildes
656 4079 791 4134 definitur
810 4095 828 4134 a
845 4079 990 4135 clemente
1007 4079 1091 4136 Alex.
1109 4081 1300 4154 rroluntsrls
1313 4080 1482 4149 entleipstio
1496 4073 1580 4144 stpie·

427 4169 500 4224 tatis
518 4169 675 4224 assensio·
697 4169 800 4223 Strom.
812 4169 852 4223 11.
873 4186 902 4238 p.
916 4169 986 4238 eea;
1013 4175 1043 4226 et
1062 4191 1075 4218 ι
1090 4170 1202 4224 suinae
1224 4171 1315 4224 libero
1341 4171 1463 4224 arbitrio
1485 4163 1579 4222 nuntia

427 4257 582 4312 rationalis
594 4259 722 4312 assensio
735 4279 747 4306 ι
762 4257 866 4312 Strom.
877 4261 913 4314 V.
927 4276 956 4327 p.
966 4259 1030 4312 5⁴5.
1046 4259 1164 4322 ὅκουσιος
1179 4260 1310 4333 apotolos
1326 4259 1371 4334 (iu
1384 4256 1579 4328 comparatius·

426 4347 463 4404 ed
488 4369 590 4420 praetr,
615 4363 687 4418 quae
701 4369 714 4396 ι
733 4347 899 4403 aedificatur
917 4349 949 4402 in
967 4345 1071 4422 eden),
1091 4347 1248 4419 θυοσιβειας
1270 4349 1482 4422 repraestare,
1503 4347 1578 4418 ψυχῆῐ

427 4437 605 4508 descensores
623 4445 721 4512 λογιιη
741 4439 953 4512 suprasedente.
