3230 5072
906 409 944 422 ..
965 377 1025 436 362
1045 408 1084 421 -

403 481 558 572 aliquam
580 480 646 549 Dei
675 479 923 570 protectionem
946 486 983 548 et
1013 503 1137 548 nomen
1159 477 1298 546 habere.
1324 505 1342 539 n
1376 477 1579 544 Praesentia

403 593 519 656 autem
542 586 694 654 omnium
711 585 837 654 intima
852 592 889 654 et
912 586 1164 654 sublimissima
1179 591 1235 653 est
1248 584 1359 653 Verbi
1374 584 1411 650 in
1430 583 1579 651 humana

404 701 532 763 natura
554 693 689 762 Christi
710 715 772 783 per
794 694 955 762 unionem
978 693 1263 783 hypostaticam,
1290 692 1352 758 ubi
1374 691 1441 759 Dei
1464 690 1578 757 Filius

404 807 566 868 naturam
589 807 740 870 creatam
757 807 794 870 et
809 800 983 868 visibilem
1007 823 1105 868 suam
1128 800 1227 884 faoit,
1253 805 1357 891 atquo
1380 799 1433 867 ita
1461 820 1579 866 eeouu·

404 909 485 976 dum
509 916 671 978 naturam
695 913 907 998 assumptam
930 930 1076 996 persona
1098 909 1222 977 divina
1243 909 1321 997 ipsa
1336 929 1373 975 se
1387 907 1510 975 reddit
1527 904 1576 972 vi·

404 1017 559 1084 eibilsm:
589 1015 708 1108 equod
731 1015 956 1098 audivimus,
982 1016 1072 1107 quod
1096 1015 1250 1084 vidimus
1279 1014 1391 1083 oeulis
1420 1014 1576 1090 nostris,

404 1123 493 1212 quod
506 1123 741 1212 perspeximus
756 1127 793 1188 et
804 1143 926 1188 manus
938 1127 1077 1189 nostrae
1093 1127 1401 1190 contrectaverunt
1414 1121 1459 1189 de
1467 1121 1577 1189 Verbo

403 1229 511 1298 vitae:
528 1234 566 1297 et
588 1229 665 1296 vita
688 1229 912 1296 manifestata
928 1234 983 1295 ast
998 1235 1034 1296 et
1050 1227 1204 1296 vidimus
1218 1255 1234 1290 n
1250 1235 1318 1296 eto.
1335 1229 1369 1298 1.
1382 1230 1433 1296 Io.
1445 1229 1479 1294 Ι.
1496 1227 1528 1294 1.
1544 1226 1573 1292 2.

468 1337 523 1404 Ex
547 1337 604 1404 his
627 1336 783 1404 omuibus
799 1335 1029 1425 intelligitur,
1049 1337 1215 1428 quomodo
1237 1339 1333 1405 Deus
1355 1337 1441 1405 lieet
1465 1357 1575 1404 nems-

403 1445 497 1513 eario
520 1443 646 1534 ubique
668 1465 856 1532 praesens,
882 1442 1024 1510 diuatur
1048 1441 1212 1522 eosdm,
1238 1446 1353 1510 vestire
1373 1443 1419 1510 ad
1441 1452 1574 1510 oreatu-

402 1574 496 1634 rem,
523 1551 646 1620 veleb
677 1571 717 1618 ea
742 1549 893 1616 resedere
922 1556 959 1618 et
992 1572 1067 1616 eam
1098 1551 1318 1640 relinquere,
1343 1555 1381 1618 et
1411 1547 1574 1640 quomodo

403 1680 549 1746 persona
571 1658 722 1726 secunda
736 1679 777 1725 eo
792 1657 900 1724 tertia
923 1657 1174 1746 intelligantur
1189 1661 1285 1724 mitti
1301 1656 1347 1724 ud
1369 1672 1567 1724 ereaturam.

403 1766 497 1834 Haeo
513 1765 680 1833 videlieet
690 1787 758 1832 uon
776 1769 921 1852 possunt
936 1764 1092 1853 intelligi
1105 1765 1146 1834 do
1159 1765 1358 1855 praeseutia
1370 1763 1573 1852 simpliciter

404 1871 591 1942 seeundum
616 1873 815 1952 essentium
845 1871 906 1940 sed
929 1871 1182 1961 intelliguntur
1208 1895 1267 1955 eo,
1294 1871 1385 1964 quod
1407 1871 1505 1938 Deus
1527 1893 1570 1936 se-

404 1979 554 2048 eundum
576 1981 806 2066 praesentiam
822 1984 858 2046 et
873 1982 1101 2065 operationem
1124 1983 1316 2068 specialem,
1342 1980 1441 2048 modo
1463 1979 1568 2048 deols-

404 2093 481 2155 rato
505 2086 634 2176 insipit
663 2093 727 2154 aut
749 2085 881 2154 desinit
902 2108 975 2154 esse
999 2087 1036 2154 in
1060 2096 1241 2173 ereatura,
1268 2113 1309 2157 ex
1334 2111 1404 2181 qua
1427 2097 1567 2177 utraque

403 2194 479 2264 sive
502 2195 700 2285 praesentia
733 2195 808 2263 sive
837 2195 996 2262 absentia
1026 2195 1194 2280 mutatio,
1220 2203 1262 2264 ut
1285 2203 1385 2285 patet
1406 2218 1449 2263 ex
1477 2215 1567 2282 saepe

403 2301 472 2368 iam
497 2301 669 2390 repetitis,
695 2323 763 2368 nou
787 2301 901 2368 oritur
923 2299 961 2367 in
977 2301 1049 2369 Deo
1072 2301 1132 2371 sed
1155 2301 1193 2368 in
1216 2309 1392 2370 ereatura.
1408 2331 1425 2366 s
1440 2303 1511 2369 Neo
1525 2299 1565 2365 ihi

404 2405 513 2487 deest,
539 2405 599 2470 ubi
621 2404 725 2493 longe
748 2408 812 2488 est;
839 2403 922 2494 quia
943 2405 1004 2470 ubi
1027 2427 1095 2471 non
1118 2409 1173 2472 est
1195 2426 1257 2492 per
1280 2405 1454 2493 gratiam,
1478 2403 1564 2469 adest

404 2533 464 2601 per
488 2511 702 2598 vindictam3
732 2511 847 2579 omnia
868 2511 998 2600 tangit,
1017 2535 1079 2580 neo
1102 2518 1218 2580 tamen
1241 2513 1437 2603 aequaliter
1461 2509 1562 2579 omnia

403 2619 521 2706 tangit
525 2669 593 2686 .....
618 2625 654 2686 et
676 2641 753 2687 oum
776 2619 849 2709 ipse
873 2641 1057 2710 numquam
1074 2620 1213 2687 sibimet
1228 2619 1298 2708 ipsi
1314 2619 1363 2687 sit
1379 2616 1559 2687 dissimilis.

403 2724 625 2792 dissimiliter
646 2725 999 2812 tangitdissimilian
1026 2725 1063 2792 S.
1078 2725 1226 2814 Gregor.
1242 2725 1290 2794 M.
1304 2726 1342 2792 iu
1353 2725 1483 2794 Ezeob.
1499 2723 1523 2790 l.
1534 2723 1559 2787 Ι.

404 2831 495 2898 hom.
511 2833 544 2898 8.
563 2856 598 2899 n.
616 2831 669 2898 lb.

481 2939 712 3008 Corollarium
741 2939 787 3005 ad
813 2941 917 3006 theses
945 2938 1185 3008 antecedentes.
1213 2939 1253 3008 Si
1283 2963 1361 3008 oum
1388 2937 1561 3007 attributis

407 3048 657 3116 immensitatis
682 3054 719 3116 et
752 3047 975 3116 aeternitatis
1004 3047 1069 3114 Dei
1103 3049 1322 3115 conferamus
1341 3047 1501 3136 'spatium
1531 3050 1559 3109 et

404 3161 560 3243 tempus,
586 3155 676 3245 quod
700 3155 789 3223 solet
811 3155 880 3224 diei
906 3156 1177 3242 imaginarium,
1203 3153 1309 3221 facile
1330 3151 1557 3241 intelligitur,

404 3285 481 3329 oum
504 3261 568 3330 hoo
592 3268 778 3353 utrumque
793 3265 894 3330 extra
909 3262 1035 3329 mentis
1051 3268 1252 3351 oonoeptum
1276 3259 1368 3328 nihil
1396 3261 1447 3328 sit
1468 3257 1556 3332 reale,

404 3391 471 3436 non
495 3369 565 3437 nisi
587 3370 735 3438 absurda
763 3369 855 3437 illud
887 3393 964 3438 oum
994 3369 1247 3453 immensitate,
1273 3367 1338 3436 hoo
1362 3391 1440 3436 oum
1463 3373 1557 3434 aeter·

404 3475 516 3544 nitate
532 3477 597 3544 Dei
612 3477 778 3546 confundi
802 3499 912 3566 posse.
938 3476 1147 3565 Conceptum
1171 3476 1277 3566 spatii
1301 3475 1500 3564 imaginarii
1518 3469 1556 3538 ef·

404 3581 609 3666 formamus,
635 3583 717 3652 dum
741 3585 900 3672 negative
921 3583 1158 3652 abstrahimus
1181 3585 1225 3650 ab
1247 3581 1437 3650 existentia
1459 3599 1556 3666 corpo

403 3710 480 3755 rum
503 3684 579 3758 s'ive
612 3691 729 3780 potius
752 3713 773 3758 a
796 3691 884 3758 reali
907 3691 1096 3759 existentia
1125 3689 1236 3757 omnis
1258 3697 1461 3772 creaturus,
1487 3703 1554 3778 quae

403 3794 440 3862 in
464 3797 561 3864 modo
585 3797 799 3885 praesentiae
822 3797 977 3866 limitate
999 3805 1076 3880 est,
1102 3803 1138 3865 et
1157 3800 1308 3885 positive
1341 3795 1553 3884 intelligimus

398 3903 669 3990 possibilitatem
704 3927 885 3994 corporum
918 3914 955 3974 et
983 3903 1196 3974 extensionis
1226 3905 1298 3972 sive
1332 3912 1551 3972 ereaturarum

403 4009 628 4077 existentium
652 4010 689 4078 in
712 4011 945 4079 indefinitum.
964 4011 1067 4079 Siout
1090 4033 1172 4084 vero
1195 4011 1289 4078 Deus
1312 4015 1454 4100 propter
1475 4009 1550 4074 abso·

403 4112 513 4180 lutam
536 4117 783 4204 perfeetionem
807 4138 890 4185 suae
913 4117 1130 4206 praesentiae
1162 4115 1273 4184 nullis
1303 4118 1424 4184 subest
1450 4107 1549 4181 limiti·

404 4221 468 4287 bus
490 4219 559 4288 looi
582 4229 618 4290 et
641 4223 750 4312 spatii
772 4223 895 4309 realis,
922 4224 974 4290 ita
988 4224 1095 4292 etiam
1112 4223 1221 4292 nullis
1237 4223 1359 4291 subest
1375 4214 1548 4290 huiusmodi

403 4324 588 4410 limitibus,
609 4329 670 4418 qui
692 4336 830 4398 tantum
853 4329 926 4398 sint
949 4330 1143 4419 possibiles.
1162 4329 1264 4398 Siout
1285 4351 1369 4416 ergo
1384 4331 1473 4398 Deus
1486 4345 1547 4412 pro-

402 4437 481 4520 pter
502 4433 724 4502 eminentiam
740 4458 822 4504 suae
838 4435 1054 4525 praesentiae
1070 4435 1107 4502 in
1119 4435 1233 4525 spatio
1255 4435 1344 4504 reali
1366 4431 1487 4504 nullibi
1505 4433 1547 4496 est
