3224 5068
539 334 576 350 -
598 303 659 364 327
680 335 717 350 ·-

56 408 299 480 convenientis.
318 408 418 478 Unde
448 407 627 478 insensata
656 407 747 476 nihil
778 412 923 498 proprie
955 413 1128 500 appetunt
1158 411 1218 481 ssd

55 519 155 586 solum
178 519 426 608 metaphorice,
453 525 625 609 quatenus
649 517 726 606 ipsa
749 523 813 585 snt
835 513 984 586 entitate
1011 517 1056 586 ad
1073 518 1129 586 sui
1144 541 1220 608 per·
1252 545 1258 564 =

54 626 231 695 sectionem
254 626 462 694 ordinantur
476 631 526 694 'ac
549 625 709 694 tendunt:
730 623 813 693 hinc
829 626 968 714 proprie
996 625 1089 694 nihil
1106 633 1221 716 potest

54 757 118 802 esse
133 735 262 802 bouum
287 737 335 800 eis
362 739 537 824 tamquam
555 731 745 818 beatitudo,
769 732 829 800 sed
844 733 1080 802 tantummodo
1097 734 1221 802 bonum

54 847 85 906 in
108 844 154 910 eis
168 848 348 934 tamquam
376 863 494 910 eorum
510 847 659 910 naturae
675 841 896 910 conveniens.
915 841 1095 910 Sensitiva
1111 842 1222 912 solnm

55 951 204 1018 sensibus
230 948 429 1018 materialia
452 971 676 1038 cognoscere,
702 955 883 1038 appetere,
909 949 1039 1018 sentire
1062 957 1219 1038 possunt,

54 1054 129 1125 haec
152 1079 240 1145 ergo
264 1056 339 1124 sola
365 1063 510 1147 possunt
541 1055 612 1124 dici
641 1055 865 1146 aliquatenus
895 1056 982 1124 bona
1014 1058 1085 1137 eis,·
1109 1056 1222 1148 quoad

54 1163 306 1232 intellectualia
337 1161 454 1232 eodem
488 1163 585 1231 modo
616 1184 653 1230 se
684 1163 813 1230 habeut
841 1184 883 1232 ac
914 1162 1105 1232 insensata.
1122 1164 1222 1232 Unde

54 1271 272 1340 irrationales
298 1275 481 1341 creaturae
505 1294 620 1340 omnes
644 1272 718 1340 sola
741 1295 806 1340 sna
832 1273 981 1341 entitate
997 1272 1223 1361 (ontologicis

55 1379 204 1446 omnibus
229 1378 515 1469 perfectionibus)
546 1379 756 1448 ordinantur
787 1379 830 1448 nd
860 1380 971 1452 Deum
995 1387 1036 1448 ut
1059 1380 1221 1448 ultimum

50 1487 152 1573 finem,
173 1491 274 1554 nnius
288 1489 410 1574 qratia
433 1493 528 1573 snnt;
546 1509 614 1555 uon
638 1493 753 1555 autem
773 1487 971 1576 cognitione
985 1493 1021 1556 et
1037 1487 1222 1555 voluntate

55 1593 219 1683 (appetitu
242 1593 427 1680 rationali)
451 1599 492 1662 ut
514 1594 558 1662 ad
580 1594 696 1682 finem,
723 1597 786 1684 qui
807 1595 851 1660 ab
873 1594 925 1662 eis
940 1594 1071 1683 appeti,
1093 1599 1130 1662 et
1154 1616 1223 1685 quo

56 1701 184 1770 obtento
214 1701 291 1770 frui
306 1701 453 1791 possint.
473 1699 662 1769 Creaturae
680 1700 792 1789 igitur
808 1700 1032 1768 irrationales
1054 1723 1120 1768 non
1139 1707 1226 1768 sunt

57 1829 200 1898 capuces,
220 1816 263 1878 ut
278 1810 372 1878 Deus
387 1808 436 1878 eit
451 1831 621 1876 summum
638 1811 764 1876 bonum
781 1810 829 1874 eie
845 1814 1021 1900 tamquam
1038 1808 1136 1894 finis,
1155 1831 1223 1900 quo

57 1915 227 2006 fruentum
247 1918 308 1986 sed
324 1918 419 1986 Deus
436 1922 490 1984 est
505 1939 674 1984 summum
705 1917 841 2000 bonum,
860 1917 904 1984 ad
922 1917 1011 2008 quod
1035 1923 1111 1985 tota
1134 1918 1222 1984 enti·

58 2029 119 2091 tate
141 2048 208 2094 sua
222 2025 417 2096 ultimatim
433 2025 654 2109 ordinantur,
670 2024 823 2116 haecque
839 2024 1014 2092 ordinatio
1030 2032 1084 2094 est
1099 2027 1223 2093 bonum

59 2133 89 2194 in
110 2135 165 2201 eis.
185 2133 258 2201 Est
281 2155 384 2223 porro
400 2133 574 2202 ordinatio
590 2134 634 2202 ad
660 2133 771 2202 Deum
789 2135 825 2200 iu
843 2139 1005 2202 creatura
1020 2131 1222 2201 irrationali

59 2261 110 2325 per
122 2240 370 2330 interpositam
386 2247 583 2310 creaturam
599 2240 816 2328 rationalem,
831 2241 994 2309 consistit
1008 2240 1099 2308 enim
1115 2240 1153 2307 in
1169 2262 1219 2326 eo,

60 2346 136 2436 quod
152 2353 229 2416 tum
246 2371 316 2416 usu
339 2348 395 2416 sui
414 2378 429 2412 n
448 2347 619 2416 hominem
643 2347 746 2416 iuvat
760 2336 797 2416 in
814 2348 1053 2437 prosecutione
1070 2349 1162 2432 finis,
1182 2349 1224 2418 cb

61 2477 145 2543 quem
161 2461 305 2526 creatus
328 2461 394 2540 est,
415 2483 431 2518 n
450 2461 526 2524 tum
553 2455 700 2525 manime
718 2455 807 2546 quod
832 2455 908 2544 ipsa
925 2463 988 2524 sna
1003 2457 1152 2526 entitate
1169 2465 1226 2527 est

61 2560 145 2630 velut
158 2563 342 2653 speculum
357 2567 394 2632 et
405 2562 578 2632 obiectiva
590 2561 813 2651 perfectionis
826 2563 967 2632 divinae
983 2563 1223 2633 manifestatio

61 2667 95 2736 ad
117 2677 315 2740 creaturam
339 2670 545 2738 rationalem
571 2671 634 2758 (1).

114 2776 163 2845 At
176 2776 284 2867 longe
299 2775 407 2845 aliter
421 2777 516 2845 Deus
534 2784 574 2846 ut
588 2776 737 2846 ultimus
752 2777 834 2845 finis
846 2781 899 2846 est
911 2799 1080 2846 summum
1098 2779 1222 2848 honum

114 2937 329 3011 intimaturus
347 2943 459 2996 ratione
478 2946 608 2997 carentes
626 2948 770 3011 tamquam
789 2941 882 2997 madia
900 2943 935 2996 ad
958 2945 1116 3011 proximum
1140 2941 1224 2996 duem

63 3029 225 3084 mbretinne
245 3029 473 3084 adiumentorunn
491 3047 542 3098 pro
561 3031 735 3097 indigentiis
754 3035 784 3085 et
802 3031 952 3085 commodis
972 3033 1059 3098 ritae,
1075 3035 1108 3085 ut
1122 3032 1224 3085 iuvent

62 3119 91 3174 sd
110 3120 318 3190 assequendum
336 3121 419 3174 finem
439 3121 587 3186 ultimum,
609 3136 665 3174 non
684 3123 806 3188 possunt
831 3119 944 3187 quidem
967 3121 1071 3174 reterri
1096 3121 1155 3173 ulei
1173 3135 1223 3188 pro

63 3213 128 3264 statu
149 3213 213 3264 viae
233 3211 272 3264 ad
290 3215 437 3264 creaturas
456 3211 613 3264 rationales
634 3211 792 3263 sensitivas
810 3225 926 3277 corporo
945 3215 975 3264 et
993 3211 1099 3278 spiritu
1118 3226 1224 3278 compo·

64 3299 134 3370 uitne,
146 3301 307 3357 cuiusmodi
321 3307 389 3355 sunt
408 3300 552 3366 hominen
574 3299 623 3354 sed
643 3302 696 3354 sub
714 3300 826 3354 ratione
846 3300 1003 3354 obiectivae
1016 3300 1226 3354 manifestatio·

65 3392 101 3443 nis
118 3393 222 3457 gloriae
241 3394 313 3461 Dei,
333 3391 500 3446 referuntur
518 3391 606 3444 etiarn
629 3391 664 3445 ad
691 3393 808 3458 angelos
832 3388 881 3462 (ci.
896 3392 945 3444 Iob
963 3390 1053 3444 XXX.
1072 3387 1112 3460 7.)
1134 3395 1164 3442 et
1189 3387 1224 3442 ad
1270 3405 1273 3412 ¹

64 3478 148 3535 beatos
172 3485 257 3537 tinem
282 3499 364 3537 suum
390 3483 446 3537 iam
473 3487 628 3536 assecutos.
657 3483 808 3535 Praeterea
838 3481 1075 3534 considerandum
1098 3483 1144 3534 est
1167 3481 1224 3547 prl-

65 3573 241 3642 nequidem,
264 3591 321 3630 non
347 3575 438 3628 solum
463 3590 535 3642 quae
559 3577 624 3627 actu
643 3573 775 3626 existunt
798 3570 847 3626 ssd
867 3574 1031 3626 universam
1053 3571 1225 3625 creationem

66 3663 121 3716 iude
146 3667 181 3720 ab
206 3667 295 3720 initio
321 3667 434 3720 viarum
456 3665 569 3718 Domini
598 3665 629 3716 in
655 3679 707 3716 sua
733 3664 906 3718 connexione
937 3667 967 3716 et
991 3661 1182 3730 dependentia
1208 3677 1226 3714 a

68 3749 114 3804 uo
136 3771 218 3810 musa
248 3755 421 3822 exemplari,
447 3753 604 3820 efficiente,
631 3753 731 3819 duell,
759 3769 791 3806 ac
814 3753 986 3806 relucentem
1009 3750 1077 3802 inde
1102 3749 1224 3813 gloriam

68 3838 111 3892 Del
126 3844 217 3899 beatis
241 3861 303 3900 esse
324 3846 404 3900 otiu
424 3849 571 3899 aeternum
588 3843 650 3896 fore
669 3843 938 3911 perspectissimum
964 3839 1067 3893 deinde
1086 3850 1154 3890 vero
1173 3837 1226 3890 hoc

71 3933 219 3990 uuiversum
240 3939 308 4005 post
326 3935 533 3989 conclusionem
553 3933 663 3986 ordinis
682 3933 844 3998 praesentls
870 3947 926 3984 non
952 3945 1014 3983 esse
1039 3929 1101 3982 redi
1128 3928 1226 3983 ‘ndum

70 4017 96 4070 iu
116 4025 255 4094 nihilum,
275 4025 376 4078 sedin
397 4025 606 4077 resurrectione
633 4037 779 4088 corporum
806 4025 969 4074 nostrorum
997 4033 1059 4072 esse
1086 4019 1226 4071 innccen-

74 4107 134 4178 lun,
148 4119 176 4167 et
187 4116 333 4184 expectari
353 4129 442 4167 novos
462 4114 554 4166 coelos
573 4115 604 4164 et
625 4127 726 4165 novam
745 4117 850 4165 terram
862 4107 955 4184 (Rom.
967 4107 1048 4162 VIII.
1061 4107 1104 4175 21,
1120 4109 1146 4161 2.
1158 4109 1221 4161 Pet.

74 4195 117 4252 111.
127 4201 189 4275 lt).
208 4207 252 4258 Ex
270 4206 318 4257 his
336 4207 467 4272 apparet,
491 4187 574 4270 duam
592 4205 642 4256 ln··
666 4204 763 4268 pateat
776 4199 971 4253 manifestatio
984 4197 1093 4262 gloriae
1106 4199 1158 4251 Del
1172 4211 1223 4266 per

75 4295 199 4347 centnm
208 4295 295 4348 etiam
304 4291 554 4348 maurianenviue
563 4308 650 4359 supra
696 4285 1225 4346 .XVII.n.11.0l.Leeeiumdesummc

77 4373 137 4433 ltono
148 4383 168 4436 l.
177 4383 216 4439 Π.
229 4400 253 4440 c.
265 4385 293 4438 9.
304 4399 334 4438 n.
348 4383 392 4450 645
405 4399 429 4437 c,
442 4384 486 4436 10.
501 4398 531 4436 n.
543 4383 587 4436 77.
596 4383 640 4448 7⁹3
655 4381 689 4436 de
727 4380 822 4434 otene
835 4377 927 4432 divin.
940 4379 961 4430 1.
973 4377 1050 4436 XIV.
1062 4392 1086 4431 o.
1098 4375 1125 4429 ὅ.
1137 4392 1168 4430 n.
1177 4373 1222 4429 76.
