3224 5068
894 399 929 410 -
952 365 1011 424 324
1035 395 1070 408 -

397 469 636 556 disseruimus,
656 469 741 540 haec
763 476 829 540 est.
857 470 890 538 1ο
909 471 1004 538 Dens
1027 475 1081 538 est
1095 468 1209 558 ipsum
1233 467 1433 537 absolutum
1450 469 1563 538 bonum

397 579 434 646 in
458 601 493 646 se
516 601 555 646 eo
578 577 665 667 ipso,
685 578 775 670 quod
798 583 852 648 est
874 579 986 647 totius
1013 577 1102 644 Esse
1115 577 1266 646 absoluti
1283 577 1480 667 plenitudo:
1497 579 1565 647 ideo

398 693 453 758 est
474 687 568 754 Deus
593 685 729 786 bonitff
756 707 817 775 per
849 686 1047 754 essentiam.
1076 684 1244 777 Adeoque
1270 685 1304 752 2⁰
1327 685 1487 770 bonitas,
1517 686 1567 755 cui

398 795 583 884 respondet
603 799 780 882 tamquam
804 793 993 882 exemplari
1022 797 1060 862 et
1086 813 1212 862 causac
1238 793 1409 882 perfectio
1441 800 1566 862 creatu-

399 923 517 968 rarum
532 906 607 969 tum
625 900 775 990 physion
792 907 867 969 tum
896 900 1051 985 moralis,
1080 901 1117 968 in
1136 899 1210 968 Dec
1234 905 1289 968 est
1310 899 1389 991 ipsa
1412 901 1565 986 essentia,

399 1031 467 1077 non
491 1014 607 1078 autem
624 1009 793 1098 perfactio
809 1009 1046 1098 superaddita:
1065 1015 1119 1078 est
1133 1031 1219 1099 ergo
1234 1009 1328 1078 sicut
1343 1009 1424 1099 ipsa
1440 1009 1567 1077 bonitas
1596 1061 1597 1086 ,

400 1117 438 1184 in
462 1116 586 1207 quovis
615 1115 755 1200 ordina,
781 1115 834 1183 ita
862 1115 1067 1184 nominatim
1098 1115 1176 1205 ipsa
1206 1115 1388 1184 sanctitas.
1419 1115 1565 1207 Denique
1596 1105 1597 1122 ¹

399 1224 433 1292 3⁰
449 1223 601 1308 bonitas,
621 1223 678 1293 cui
702 1223 886 1313 respondet
909 1229 1093 1292 creaturae
1116 1222 1243 1290 ultima
1265 1223 1439 1312 perfectio
1463 1223 1501 1290 in
1521 1245 1567 1289 as·

399 1334 575 1404 secutione
590 1333 683 1417 finis,
698 1333 735 1400 iu
753 1333 825 1400 Deo
841 1337 896 1400 est
910 1331 1110 1401 essentialis
1123 1331 1315 1416 beatitudo,
1330 1353 1401 1423 qua
1413 1331 1453 1400 in
1466 1332 1567 1400 totius

400 1439 568 1509 bonitatis
591 1439 808 1529 plenitudine
832 1438 900 1507 sibi
925 1439 999 1528 ipse
1022 1445 1078 1508 est
1100 1438 1293 1522 sufficiam,
1319 1445 1357 1507 et
1380 1439 1566 1508 necessario

399 1547 481 1616 finis
493 1548 655 1632 omnium,
672 1547 709 1616 in
725 1569 793 1639 quo
807 1547 922 1626 omnia
939 1544 1126 1614 secundum
1142 1569 1244 1615 enum
1261 1545 1407 1638 quaevis
1421 1546 1564 1616 ordinem
1597 1546 1598 1626 l

399 1655 529 1724 habent
551 1655 711 1724 ultimam
734 1655 989 1744 perfectionem.

468 1763 517 1830 Π.
543 1761 644 1830 Licet
658 1761 753 1830 Dens
776 1762 876 1830 sitin
894 1783 930 1830 se
946 1761 1106 1830 absoluta
1122 1760 1257 1854 sibique
1280 1761 1380 1852 plene
1403 1761 1567 1832 sufficiens

399 1871 548 1954 bonitas,
574 1891 664 1961 qnae
687 1893 749 1938 nec
772 1869 859 1938 ullis
882 1867 980 1937 bonis
1001 1869 1130 1938 creatis
1153 1869 1278 1958 augeri
1301 1891 1364 1938 nec
1388 1871 1448 1938 bis
1471 1867 1564 1936 omni·

400 1979 464 2046 bus
488 1977 656 2066 detractis
680 1977 789 2046 minui
813 1977 934 2068 possit;
961 1999 1023 2044 noe
1050 1983 1166 2046 moran
1194 1977 1232 2044 in
1256 1999 1331 2046 eam
1355 1977 1478 2060 solam,
1497 1975 1565 2043 don

400 2085 517 2154 adhuc
544 2083 810 2175 peregrinamur
824 2107 845 2152 a
860 2085 1019 2169 Domino,
1038 2107 1105 2153 non
1123 2083 1279 2154 valemus
1295 2084 1425 2153 mentis
1443 2084 1566 2153 oculum
1598 2127 1599 2178 ,

403 2193 567 2280 defigere;
586 2191 646 2260 sed
669 2191 714 2260 ad
737 2193 823 2296 eius!
841 2191 1106 2282 amplitudinem
1129 2191 1304 2260 infinitam
1328 2190 1565 2260 aestimandam
1598 2229 1599 2232 =

401 2299 502 2368 nobis
530 2321 616 2388 opus
632 2303 688 2366 est
703 2319 777 2368 eam
794 2297 1034 2388 contemplari,
1053 2304 1095 2367 ut
1109 2303 1166 2367 est
1182 2298 1303 2364 bonum
1319 2301 1566 2474 mipquannus

403 2427 574 2474 summum
587 2403 713 2472 bonum
725 2395 881 2492 nostrum
894 2411 930 2474 et
946 2411 1128 2474 creaturae
1140 2404 1339 2474 universae.
1357 2433 1374 2469 a
1416 2405 1452 2475 ic
1468 2425 1564 2472 essen·

403 2512 458 2580 tia
482 2533 547 2580 sua
570 2511 679 2579 bonus
702 2518 757 2580 est
778 2513 892 2596 Deus,
919 2518 960 2582 ut
983 2517 1159 2604 tamquam
1189 2511 1426 2581 substantiale
1457 2512 1565 2579 bonum

404 2619 594 2688 bonitatem
615 2617 653 2686 iu
681 2619 796 2687 omnia
827 2619 1043 2710 porrigat...
1061 2619 1273 2688 Divinitatie
1303 2621 1395 2688 enim
1430 2619 1562 2698 bonitas,
1599 2633 1600 2646 ³

404 2749 492 2820 quae
509 2751 616 2818 supra
633 2727 748 2796 omnia
762 2733 828 2812 est,
847 2749 868 2794 a
883 2728 1056 2818 supremis
1072 2735 1109 2796 et
1124 2727 1403 2818 provectissimis
1419 2729 1565 2798 substan·

259 2873 270 2886 ·
404 2837 467 2904 tiis
491 2859 600 2928 usque
616 2837 660 2904 ad
676 2841 851 2904 extremas
878 2835 1055 2925 pervadit,
1074 2842 1111 2904 et
1126 2835 1239 2904 adbuc
1257 2857 1365 2925 supra
1380 2857 1497 2904 omnes
1510 2837 1562 2914 est,

404 2943 456 3010 ito
469 2949 632 3036 utreque
646 2942 843 3034 superiores
856 2943 900 3012 ad
913 2944 989 3012 eins
1001 2942 1223 3013 eminentiam
1236 2943 1458 3034 pertingant,
1472 2961 1565 3032 neque

404 3050 587 3118 inferiores
610 3051 687 3119 eius
710 3051 879 3120 ambitum
904 3055 1162 3140 pertranseant;
1183 3051 1242 3120 sed
1259 3051 1375 3120 omnia
1391 3073 1481 3144 quae
1496 3049 1564 3116 illu·

404 3157 530 3226 minari
547 3165 712 3246 possunt,
731 3157 921 3241 illuminat,
939 3165 976 3226 et
991 3165 1098 3241 creat,
1117 3164 1154 3226 et
1168 3157 1341 3242 vivificat,
1358 3163 1396 3226 et
1412 3155 1562 3234 continet,

403 3271 439 3334 et
462 3265 610 3354 perficit,
635 3271 671 3333 et
695 3286 857 3332 mensura
879 3271 933 3334 est
961 3287 1079 3332 eorum
1102 3284 1191 3355 quae
1207 3269 1303 3348 sunt,
1328 3271 1365 3333 et
1388 3285 1520 3346 aevum,
1535 3267 1565 3327 et

403 3395 578 3456 numerus,
597 3378 633 3442 et
648 3373 742 3456 ordo,
763 3377 800 3440 et
815 3371 995 3440 continens
1023 3371 1189 3456 servatio,
1209 3379 1245 3440 et
1261 3393 1378 3457 causa,
1399 3380 1437 3442 et
1452 3369 1561 3440 finis...

404 3478 601 3547 Bonitatem
626 3487 666 3547 ut
689 3478 912 3568 principium,
939 3485 979 3546 ut
1002 3479 1233 3548 continentem
1262 3479 1504 3562 servationem,
1531 3481 1563 3540 ut

405 3587 507 3654 linem
524 3587 638 3654 omnia
653 3593 842 3676 appetunt:
868 3587 1049 3678 ipsumque
1076 3588 1200 3654 bouum
1223 3593 1295 3673 est,
1323 3593 1366 3656 nt
1388 3608 1488 3658 sacra
1508 3582 1563 3652 elo

405 3695 489 3786 quia
511 3699 703 3779 testantur,
718 3717 760 3762 ex
774 3717 841 3786 quo
857 3695 972 3762 omnia
989 3693 1226 3764 constiterunt
1240 3703 1276 3764 ot
1298 3695 1400 3764 velut
1423 3719 1446 3763 a
1468 3692 1540 3784 peri
1554 3727 1563 3736 ·

405 3801 563 3870 ctissime
587 3821 692 3871 cause
708 3801 880 3891 producta
894 3807 990 3886 suut,
1005 3809 1040 3870 et
1053 3803 1090 3870 iu
1107 3825 1175 3893 quo
1199 3802 1398 3871 consistunt
1413 3801 1563 3870 universa

405 3915 584 4000 tamquam
608 3909 643 3976 in
662 3909 770 3977 fundo
786 3915 912 3978 cuncta
928 3909 1125 3978 sentinante
1142 3909 1320 3980 custodite
1336 3911 1561 3996 contentaque,

406 4019 442 4082 et
464 4015 509 4083 ad
532 4015 623 4106 quod
647 4015 762 4084 omnia
784 4021 960 4106 tamqnam
985 4015 1029 4083 ad
1053 4015 1155 4084 finem
1186 4037 1344 4108 quaeque
1377 4037 1477 4084 snum
1501 4034 1562 4080 cor·

408 4127 617 4208 vertuntur,
643 4131 680 4192 et
704 4123 794 4216 quod
821 4128 993 4214 appetunt
1015 4123 1201 4208 universa,
1227 4121 1483 4194 intellectualia
1501 4117 1561 4210 qui·¹

406 4229 483 4297 dem
506 4235 541 4298 at
564 4231 700 4299 ratione
724 4229 885 4320 praedita
911 4231 1082 4316 scienter,
1110 4229 1254 4300 sensilia
1276 4253 1360 4300 vero
1387 4229 1557 4304 sensiliter,

408 4357 496 4428 quae
512 4343 629 4407 autem
646 4359 768 4407 sensus
791 4345 875 4408 sunt
895 4340 1066 4429 expertia,
1085 4337 1207 4408 innato
1223 4345 1319 4408 motu
1335 4339 1457 4409 vitalis
1475 4353 1557 4426 appe·

406 4443 558 4532 titionis,
578 4449 614 4514 et
629 4467 717 4538 quae
733 4447 810 4517 vita
833 4453 956 4518 carent
969 4469 1009 4518 ac
1033 4447 1272 4518 tantummodo
1292 4447 1459 4532 existunt,
1483 4437 1556 4531 apti·
