3394 5056
629 375 668 392 ..
689 345 730 408 93
751 378 789 393 ..

123 449 276 523 clamant
298 452 548 547 quodammodo
570 451 751 522 scientiam
775 449 935 536 artificis,
962 469 1064 543 quam
1087 448 1125 520 in
1147 471 1184 518 se
1207 449 1296 540 ipsis

122 559 219 628 velut
242 561 356 630 radiis
378 560 566 631 reflectunt
583 587 599 624 r
618 560 681 648 (1).

180 665 260 737 Hoc
282 668 399 759 igitur
422 669 588 738 universo
618 666 790 736 contineri
821 663 1137 734 manifestationem
1160 661 1226 731 Dei
1248 663 1294 732 ad

120 769 304 842 humanam
327 776 501 844 rationem
523 775 587 860 ita,
613 779 655 844 ut
677 775 772 843 Deus
795 773 950 842 existens
973 793 1016 839 ex
1039 773 1211 840 existente
1227 770 1293 840 hae

116 903 232 950 rerum
246 883 480 952 universitate
492 883 654 973 cognosci
665 881 788 972 possit,
799 901 987 951 consensus
1005 885 1059 948 est
1070 879 1181 948 totins
1205 877 1294 948 chri·

117 988 253 1059 stianae
284 991 526 1082 antiquitatis.
553 991 724 1073 Quoniam
737 1011 821 1058 vero
836 1010 905 1056 non
928 995 999 1056 tam
1034 986 1227 1076 generatim
1251 985 1293 1055 de

116 1096 316 1184 cognitione
338 1098 405 1167 Dei
428 1121 470 1165 ex
495 1098 667 1167 creaturis
690 1096 892 1189 quaeritur,
918 1117 963 1162 an
993 1093 1114 1186 aliqua
1137 1094 1204 1182 sit3
1232 1093 1292 1165 scd

116 1203 236 1291 potius
257 1205 300 1275 de
321 1207 433 1291 modo,
460 1229 529 1300 quo
552 1206 617 1275 illa
640 1229 676 1274 se
700 1206 839 1274 habeat:
860 1204 905 1272 ad
918 1203 1137 1292 hunoipsum
1154 1201 1291 1270 modum

115 1309 322 1382 distinctius
338 1315 527 1384 secondum
541 1315 687 1383 Patrum
702 1313 895 1382 doctrinam
912 1311 1199 1381 considerandum
1215 1331 1291 1399 pro·

116 1417 307 1506 gradimur,
333 1421 419 1490 lieet
442 1422 526 1514 quid
550 1422 592 1490 de
615 1443 653 1489 eo
676 1422 800 1489 Patres
825 1418 1051 1503 tradiderint,
1070 1441 1112 1488 ex
1135 1417 1290 1487 testimo·

116 1523 186 1594 niis
209 1527 279 1594 iarn
301 1527 425 1597 citatis
447 1551 517 1597 non
540 1529 685 1598 obscure
707 1527 866 1617 intelligi
887 1526 1011 1618 possit.

181 1631 231 1703 Π.
256 1635 421 1705 Vidimus
445 1637 482 1704 in
505 1636 599 1705 thesi
622 1635 808 1726 superiori,
834 1637 904 1704 iam
927 1636 965 1704 in
987 1635 1077 1725 ipsis
1094 1632 1290 1724 Scripturis

118 1737 289 1832 distingui
311 1743 486 1834 duplicem
510 1744 610 1814 velut
632 1744 781 1835 gradum
805 1743 1017 1834 cognitionis
1032 1743 1098 1812 Dei
1113 1765 1156 1812 ex
1172 1764 1289 1810 rerum

120 1857 310 1920 meatarum
335 1853 629 1940 consideratione,
668 1853 818 1944 priorem
842 1854 1022 1922 obscuram
1052 1858 1087 1921 et
1110 1851 1288 1921 confusam

119 1955 240 2046 adhuc,
258 1982 346 2053 quae
362 1962 610 2054 quodammodo
633 1969 755 2052 sponte
777 1961 970 2045 exoriatur,
988 1965 1024 2029 et
1039 1959 1211 2027 hominem
1233 1981 1288 2025 ra·

121 2063 280 2136 tiouelem
311 2069 444 2138 excitet
472 2069 517 2138 ad
545 2070 780 2162 quaerendum
812 2069 923 2137 Deum
953 2067 1147 2136 deliberata
1176 2069 1288 2133 atten-

123 2171 212 2242 tione
234 2181 270 2244 et
285 2175 404 2245 studio
422 2175 561 2262 reflexo,
581 2199 648 2268 quo
664 2175 893 2266 perveniatur
906 2174 951 2243 ad
967 2171 1114 2266 gradum
1138 2171 1289 2240 alterum

124 2278 274 2352 clarioris
297 2284 369 2352 iam
392 2292 429 2354 et
451 2285 688 2355 distinctioris
711 2283 934 2374 cognitionis.
959 2284 1059 2352 Hanc
1089 2280 1286 2352 distinetio-

123 2411 192 2458 nem
212 2413 233 2458 a
255 2392 320 2462 SS.
345 2393 514 2462 Patribus
528 2393 807 2484 Ductoribusque
822 2391 1029 2462 christianis
1044 2389 1214 2460 disertius
1229 2409 1285 2456 ex-

124 2499 276 2588 plicatam
300 2487 479 2573 habemus.

180 2608 312 2680 Docent
332 2611 456 2680 Patres
478 2633 605 2701 magno
629 2634 797 2682 consensu
812 2616 952 2701 praeter
968 2616 1004 2680 et
1017 2618 1099 2679 ante
1115 2607 1284 2697 cognitio·

124 2735 189 2783 nem
209 2718 285 2802 Dei,
312 2741 401 2812 quae
424 2719 635 2789 scientificae
659 2726 695 2789 et
716 2718 977 2810 philosophicae
995 2715 1232 2786 meditationis
1244 2736 1285 2784 ao

125 2819 419 2893 demonstrationis
442 2826 492 2894 sit
514 2827 665 2912 fructus,
683 2827 837 2918 aliquam
858 2827 928 2894 iam
943 2826 1056 2894 inesse
1074 2845 1284 2893 communem

124 2929 500 3018 omnibnshominibus,
527 2935 588 3026 qui
611 2935 760 3003 rationis
785 2934 903 3002 lumen
924 2955 994 3001 non
1024 2936 1280 3022 oppresserunt.

122 3033 210 3106 Hanc
230 3038 394 3107 notitiam
416 3039 482 3108 Dei
500 3041 716 3131 primitivam
740 3043 840 3111 velut
855 3041 1140 3132 anticipationem
1158 3037 1283 3107 mentis

123 3140 172 3210 his
193 3147 262 3215 lere
285 3145 547 3216 characteribus
570 3149 784 3220 describunt:

181 3253 278 3322 1⁰Ea
301 3256 460 3326 oboritur
482 3280 524 3326 ex
548 3259 742 3348 congenitis
764 3265 912 3329 naturae
935 3257 1119 3328 rationalis
1152 3256 1282 3346 princi·

124 3361 182 3448 piis
203 3371 322 3455 sponte
345 3388 421 3451 sua,
447 3390 510 3437 nac
533 3368 693 3437 doctrina
709 3390 750 3438 ac
765 3369 953 3458 disciplina
968 3368 1129 3453 discitur,
1150 3366 1209 3434 sed
1225 3363 1282 3433 ho·

125 3493 169 3537 mo
189 3473 371 3542 rationalis
394 3475 551 3566 ipseper
575 3499 610 3545 se
633 3497 708 3546 eam
732 3477 896 3568 concipit.
921 3477 1048 3547 Verbis
1072 3474 1214 3544 disertis
1229 3472 1279 3540 di-

125 3577 215 3646 citnr:
232 3609 248 3642 r
266 3582 444 3671 conceptio
457 3587 494 3651 et
506 3585 680 3653 sententia
696 3584 815 3672 insita;
835 3585 987 3675 cognitio
1003 3581 1215 3652 naturaliter
1229 3579 1281 3646 in·

125 3693 216 3776 serta,
240 3689 417 3758 naturalis
439 3690 645 3780 anticipatio
668 3694 806 3780 mentis;
832 3693 869 3762 id
893 3693 983 3785 quod
999 3693 1099 3760 homo
1115 3715 1156 3760 ex
1172 3689 1280 3757 insita

123 3799 234 3864 natura
257 3803 293 3864 et
314 3796 406 3865 citra
428 3797 686 3868 institutionem
720 3800 898 3890 concepit;
926 3800 1016 3892 quod
1046 3821 1114 3866 non
1136 3795 1279 3865 institu-

123 3899 203 3970 tione
224 3901 386 3988 discitur,
405 3905 464 3974 sed
488 3907 579 3997 quod
603 3905 703 3974 homo
726 3907 833 3976 discit
856 3931 897 3976 ex
922 3929 957 3976 se
981 3907 1068 3996 ipso;
1094 3904 1185 3973 ratio
1201 3927 1278 3973 con-

123 4009 226 4094 genita
248 4011 407 4080 omnibus
430 4018 466 4082 et
488 4014 601 4103 prima
623 4015 660 4083 in
684 4014 783 4082 nobis
799 4015 856 4083 lex
872 4015 916 4083 ad
931 4015 1042 4083 Deum
1064 4037 1127 4082 nos
1151 4013 1279 4082 ducens

123 4135 156 4181 ex
177 4119 343 4188 creaturis
365 4121 636 4211 aspectabilibus
652 4121 716 4211 (2);
736 4123 901 4212 cognitio,
925 4145 1027 4214 quam
1049 4127 1179 4190 natura
1201 4119 1279 4209 ipsa
