3240 5064
894 337 932 352 -
953 307 1015 368 258
1036 337 1074 352 -

397 405 502 474 habes
525 405 562 474 in
585 407 733 479 scientia
767 411 915 481 visionis
946 411 1060 480 relata
1093 409 1139 479 ad
1173 415 1369 479 creaturas.
1388 410 1554 480 Postremo
1609 435 1610 476 1

395 512 468 580 alia
490 514 757 587 denominantur
780 522 823 587 ab
846 521 979 590 actuali
1001 517 1192 588 existentia
1213 517 1356 588 termini
1385 519 1555 608 adsignifi-
1608 577 1610 584 Α

396 620 487 704 cati,
515 629 556 689 ιιι
589 631 673 692 sunt
696 628 849 712 creatio,
876 627 1077 710 dominium,
1103 625 1328 716 providentia
1363 633 1432 695 etc.
1450 627 1556 694 Prima
1608 684 1611 696 ι

396 733 481 796 sunt
502 732 698 798 necessaria
720 742 756 802 et
778 735 822 800 ab
845 741 997 819 aeterno,
1023 733 1175 801 secunda
1191 733 1334 801 suntab
1349 731 1556 800 aeternosed
1610 763 1611 798 ι

395 835 583 904 secundum
601 839 780 908 formalem
795 841 1108 909 denominationem
1119 841 1243 924 libera,
1261 847 1437 930 postrema
1448 863 1555 908 secun·
1610 873 1611 912 3

395 942 476 1010 dum
500 945 679 1014 formalem
703 947 1013 1018 denominationem
1035 953 1072 1016 et
1102 947 1214 1016 libera
1237 955 1322 1016 sunt
1351 953 1390 1015 et
1418 947 1457 1014 in
1481 954 1556 1015 tem·
1610 993 1611 998 κ

258 1048 262 1057 ’
394 1069 476 1138 pore
499 1047 686 1140 incipiunt.
707 1053 808 1134 Quod
830 1061 872 1122 ut
893 1055 966 1123 rita
988 1053 1233 1144 intelligatur,
1259 1053 1297 1120 iu
1321 1053 1480 1122 omnibus
1501 1054 1555 1122 bu·

394 1153 544 1222 iusmodi
567 1157 751 1226 attributis
773 1159 924 1228 secundo
955 1165 991 1228 et
1020 1159 1128 1229 tertio
1162 1159 1237 1228 loco
1267 1159 1467 1228 memoratis
1498 1159 1556 1227 duo

395 1261 547 1349 spectari
569 1261 705 1332 debent:
731 1288 838 1333 unum
861 1273 916 1334 est
938 1265 1107 1355 perfectio
1131 1263 1169 1332 in
1190 1265 1275 1348 Deo,
1302 1285 1391 1356 quae
1413 1273 1469 1334 est
1482 1286 1555 1333 sane

394 1367 591 1435 necessaria
614 1375 651 1437 et
666 1377 819 1458 aeterna3
838 1373 989 1442 alterum
1004 1381 1058 1441 est
1073 1371 1245 1441 terminus
1259 1371 1479 1440 extrinsecus
1496 1396 1555 1440 non

394 1475 612 1544 necessarius
625 1481 661 1544 et
672 1483 926 1568 temporaneus,
941 1502 983 1548 ex
1000 1501 1067 1571 quo
1080 1479 1232 1548 sumitur
1244 1477 1491 1564 denominatio,
1504 1479 1555 1548 sed

395 1581 456 1672 qui
479 1605 547 1650 non
569 1591 625 1652 est
646 1586 814 1674 persentio
838 1587 971 1656 inDeo.
990 1587 1082 1656 Dum
1104 1609 1189 1676 ergo
1214 1586 1310 1654 Deus
1326 1587 1555 1656 diciturcrea·

392 1695 461 1774 tor,
486 1691 667 1776 Dominus,
693 1694 864 1783 provisor,
882 1693 1122 1763 sanctificator
1138 1700 1205 1762 etc.
1226 1692 1491 1762 fundamentum
1503 1693 1556 1760 bs·
1612 1733 1613 1738 κ

394 1819 472 1865 rum
502 1797 819 1868 denominationum
846 1801 1104 1871 consideratum
1139 1801 1176 1869 in
1208 1801 1281 1870 Deo
1312 1809 1369 1870 ast
1399 1799 1556 1891 perfectio

392 1911 589 1977 necessaria
604 1917 640 1978 et
655 1916 797 1979 aeterua
813 1910 1027 1996 intellectus,
1046 1909 1254 1994 voluntatis,
1271 1909 1459 2000 potentiae3
1474 1907 1555 2000 qnod

393 2022 509 2085 autem
532 2023 635 2087 extra
657 2019 767 2088 Deum
790 2025 844 2087 eet
866 2023 1033 2103 creatum,
1059 2017 1249 2100 subditum,
1274 2016 1462 2100 directum,
1487 2039 1555 2084 aan-

395 2125 602 2211 ctiticatum,
628 2149 696 2194 non
719 2127 822 2196 addit
843 2128 915 2195 Deo
939 2127 1208 2217 perfectionem,
1233 2125 1318 2194 licet
1338 2145 1381 2194 ex
1404 2145 1445 2193 eo
1468 2125 1556 2194 desu-
1613 2127 1614 2132 ’

393 2241 534 2302 martur
556 2233 646 2310 illae,
664 2234 973 2304 denominationes.

461 2341 507 2410 3⁰.
527 2340 566 2410 Si
589 2342 819 2432 perfectiones
841 2342 947 2434 paulo
982 2347 1065 2410 ante
1098 2347 1319 2412 enumeratae
1352 2340 1553 2431 diligentins

392 2449 667 2534 considerentur,
686 2451 790 2520 facile
807 2457 963 2542 apparet,
977 2449 1263 2520 transcendentes
1276 2455 1312 2518 et
1327 2449 1463 2540 gradus
1485 2449 1554 2517 sub

392 2556 578 2625 stantialea
601 2558 638 2624 in
660 2557 749 2648 ipsis
772 2557 945 2626 creaturis
967 2563 1003 2626 et
1037 2563 1079 2626 ut
1108 2579 1129 2624 a
1160 2555 1260 2624 nobis
1290 2555 1551 2647 concipiuntur,

390 2687 458 2732 non
482 2666 639 2756 intelligi
663 2677 703 2736 ιιι
724 2665 861 2758 aliquid
884 2665 1050 2735 accedens
1072 2671 1109 2734 et
1131 2664 1397 2755 superadditum
1424 2665 1469 2733 ad
1496 2687 1554 2731 cese

392 2773 637 2858 substantiale,
664 2772 724 2842 sed
747 2773 865 2862 potius
889 2777 930 2841 ut
952 2772 1112 2842 diversas
1135 2771 1289 2840 rationes
1311 2778 1348 2840 et
1374 2771 1553 2862 expressio

392 2901 455 2948 nes
478 2879 590 2970 ipsius
607 2904 690 2962 esee,-
708 2881 866 2972 idemque
890 2881 964 2950 fere
986 2879 1029 2948 de
1051 2878 1325 2970 perfectionibus
1354 2879 1552 2962 dicendum,

392 3009 480 3080 quae
502 2988 748 3080 negationibus
771 2989 1016 3078 designantur.
1030 2986 1238 3056 Intellectus
1262 3009 1357 3072 vero,
1383 2987 1551 3070 voluntas,

302 3183 309 3193 ¹
392 3097 549 3186 potentia
572 3101 608 3166 et
631 3097 860 3186 perfectiones
884 3119 961 3166 cum
985 3096 1042 3164 his
1064 3117 1185 3180 nexae,
1211 3101 1386 3188 quatenus
1408 3103 1552 3186 spectau-

391 3207 452 3271 tur
475 3203 513 3270 in
536 3203 611 3270 suis
632 3204 783 3287 actibus,
809 3202 1056 3294 concipiuntur
1079 3224 1102 3270 a
1124 3201 1235 3287 uobis,
1253 3207 1295 3270 ut
1316 3201 1386 3270 PP.
1403 3201 1498 3294 loqui
1508 3223 1552 3268 so·

393 3309 479 3396 lent,
504 3317 680 3403 tamquam
702 3310 840 3402 aliquid
863 3311 957 3380 circa
980 3309 1168 3379 essentiam
1189 3317 1227 3378 et
1250 3309 1495 3400 quodammodo
1508 3331 1552 3376 es·

394 3417 526 3486 sentiae
549 3417 725 3488 accedens.
744 3419 836 3488 Hinc
859 3419 896 3487 in
919 3424 1038 3486 nostro
1061 3418 1160 3486 modo
1190 3416 1409 3507 concipiendi
1439 3416 1552 3485 funde

393 3532 546 3593 mentum
558 3525 663 3594 habet
678 3525 930 3616 perfectionum
941 3525 1006 3594 Dei
1021 3525 1226 3594 distributio
1242 3524 1356 3594 altera
1369 3545 1392 3592 a
1403 3524 1552 3614 pluribus

392 3631 566 3722 theologis
588 3631 754 3724 adoptata
769 3633 1050 3724 improprietates
1061 3631 1271 3720 (absolutas)
1286 3639 1322 3702 et
1337 3632 1375 3700 in
1391 3631 1552 3700 attribuo

394 3741 533 3832 proprie
557 3741 664 3810 dicta.

459 3848 568 3918 Nobis
590 3847 678 3938 ipsis
701 3847 786 3917 haec
805 3847 987 3917 distinctio
1004 3847 1175 3937 posterior
1192 3845 1349 3915 ordinem
1365 3868 1480 3915 rarum
1491 3849 1552 3913 tra·

393 3955 598 4026 standarum
621 3955 846 4047 suppeditare
866 3955 946 4025 visa
961 3963 1016 4024 est
1031 3953 1301 4038 commodiorem,
1316 3953 1401 4046 quia
1416 3953 1468 4022 ita
1482 3951 1551 4020 stri·

393 4063 486 4132 otius
509 4085 651 4133 servare
674 4063 865 4154 poterimus
887 4085 1014 4132 nexum
1037 4063 1190 4152 logicum
1205 4061 1300 4130 inter
1322 4061 1550 4150 perfectiones.

394 4177 436 4240 ut
458 4194 479 4238 a
501 4171 601 4239 nobis
623 4171 743 4241 ordine
766 4171 968 4262 syntbetico
991 4192 1063 4239 una
1096 4193 1138 4238 er
1161 4167 1275 4238 altera
1297 4167 1549 4258 intelliguntur.

393 4280 435 4348 In
463 4280 686 4371 sequentibus
708 4279 822 4369 igitur
853 4279 1028 4369 capitibus
1060 4277 1168 4346 buius
1203 4275 1376 4346 Sectionis
1413 4271 1549 4345 conside

393 4387 549 4456 rabimus
567 4389 798 4477 proprietates
821 4387 1015 4470 obuolutas,
1044 4385 1167 4454 saltem
1191 4407 1280 4476 quae
1302 4382 1549 4473 diligentiorem
