3292 5062
551 375 588 388 -
613 344 671 404 135
691 377 729 390 .-

69 448 247 537 spiritalem
269 448 309 535 (i.
328 471 359 516 e.
375 450 725 538 repraesentationem
750 471 929 539 corporum
953 450 1148 518 absentium
1164 471 1225 540 per

67 557 297 646 phantasiam),
317 556 464 648 denique
488 555 629 623 tertiam
657 557 935 638 intellectualem,
954 580 1041 648 quae
1056 557 1226 626 excellen-

66 664 130 732 tior
143 673 192 731 est
205 675 243 732 et
255 665 383 732 mentis
397 665 550 753 propria.
566 665 617 732 De
634 663 787 753 singulis
803 664 898 733 hisce
914 667 1098 754 generibus
1114 665 1225 755 loqui·

67 779 121 838 tur
139 771 335 862 aliqnando,
363 778 404 840 ut
427 771 581 863 cognitio
605 772 782 840 naturalis
805 783 869 856 est,
895 773 1083 864 aliquando
1099 780 1135 840 et
1150 770 1225 862 qui-

66 879 131 946 dem
154 879 188 946 in
211 879 364 948 secundo
387 887 422 948 et
446 878 553 946 tertio
578 902 706 970 genere
729 881 961 971 frequentius,
976 889 1017 948 ut
1039 890 1091 949 est
1108 902 1226 968 super-

66 985 227 1054 naturalis
251 985 408 1074 cognitio
431 1009 492 1054 seu
517 985 620 1054 visio.
640 987 726 1054 Gen.
746 987 802 1055 ad.
821 987 894 1055 litt.
913 988 938 1054 l.
956 987 1040 1056 XII.
1060 1011 1089 1056 c.
1110 986 1221 1073 6-31;

65 1092 103 1160 de
113 1093 204 1161 Irin.
222 1093 249 1162 1.
268 1095 334 1162 IX.
354 1117 384 1162 o.
403 1094 436 1178 ὃς
454 1094 539 1162 XII.
558 1118 588 1164 o.
607 1095 640 1162 2.
659 1096 712 1163 cf.
733 1096 774 1164 de
790 1095 917 1164 Ordine
931 1096 955 1163 l.
975 1095 1024 1162 II.
1040 1119 1069 1164 o.
1082 1095 1136 1162 14.
1157 1119 1223 1186 sq.;

63 1200 101 1266 de
124 1201 197 1268 Civ.
216 1201 296 1268 Dei.
311 1201 337 1268 1.
355 1201 458 1268 VIII.
477 1223 507 1270 c.
527 1203 560 1268 7.
578 1213 645 1271 ete.
664 1203 773 1270 Nobis
803 1227 896 1272 nunc
926 1203 967 1272 de
999 1203 1225 1272 distinctione

64 1317 96 1375 st
113 1309 289 1376 essentiali
313 1308 513 1377 discrimine
530 1309 623 1376 inter
640 1311 893 1400 perceptionem
911 1311 1071 1378 sensilem
1086 1317 1122 1378 et
1133 1310 1225 1377 inter

64 1413 322 1483 intellectionem
346 1416 472 1484 mentis
495 1415 588 1482 nihil
619 1439 705 1506 opus
739 1422 794 1484 est
824 1416 957 1502 dioere;
983 1439 1093 1507 neque
1120 1416 1224 1484 etiam

63 1523 287 1591 controversia
311 1522 387 1590 nlla
420 1531 474 1592 est
504 1524 545 1592 de
576 1545 635 1610 eo,
662 1523 719 1591 cui
743 1523 779 1591 S.
794 1522 1019 1612 Augustinus
1054 1523 1225 1592 adversus

63 1652 190 1717 graecos
212 1630 467 1699 materialistas
490 1630 637 1714 insistit,
657 1631 747 1721 quod
771 1638 846 1698 tum
861 1631 903 1699 de
919 1629 1143 1698 sensibilibus
1157 1654 1224 1698 nou

63 1759 151 1804 sensu
171 1739 234 1807 sed
258 1738 394 1805 ratione
416 1737 623 1820 iudicamus,
642 1745 716 1806 tum
737 1737 981 1826 intelligibilia
1004 1739 1221 1806 nominatim·

63 1867 118 1932 que
139 1845 231 1914 Deus
256 1845 331 1934 ipse
355 1846 525 1914 obiectum
548 1853 632 1914 snut
646 1844 880 1914 intellectuali
896 1854 1034 1913 tantum
1052 1843 1220 1914 facultati

63 1953 290 2039 cognoscibile.
309 1953 498 2044 Inquisitio
527 1959 603 2022 tota
632 1953 674 2022 de
704 1977 807 2021 sensu
837 1955 1035 2043 Augustini
1059 1957 1224 2022 versatur

62 2061 286 2130 tantummodo
310 2061 405 2129 circa
427 2061 498 2129 tria
521 2061 586 2129 illa
617 2062 756 2152 capita,
784 2083 871 2152 quae
900 2063 937 2130 in
969 2062 1060 2132 thesi
1090 2061 1222 2130 indice·

63 2187 175 2235 vimus.

116 2275 143 2344 Ι.
162 2274 331 2356 Quaestio
355 2273 474 2364 itaque
497 2273 670 2364 imprimis
693 2275 778 2344 haec
800 2282 873 2362 est,
900 2281 1018 2344 utrum
1049 2277 1221 2368 Augusti-

61 2405 116 2450 nus
136 2383 297 2464 senserit,
312 2381 471 2450 divinum
495 2382 583 2448 Eece
605 2390 778 2473 quatenus
800 2383 895 2452 Deus
919 2391 973 2452 est
995 2385 1073 2473 ipsa
1087 2385 1221 2453 veritas

61 2499 90 2557 et
108 2491 178 2580 ipsa
202 2491 354 2574 bonitas,
368 2490 567 2559 immediate
591 2513 652 2580 per
676 2515 712 2560 se
735 2491 831 2561 etin
859 2515 894 2560 se
911 2491 1068 2560 exhiberi
1082 2492 1221 2560 obtutui

61 2605 163 2666 nostro
184 2595 444 2666 intellectuali?
459 2619 504 2664 an
528 2619 610 2665 vero
635 2621 713 2666 cum
736 2599 863 2667 ceteris
886 2599 1065 2684 Patribus,
1084 2606 1127 2667 ut
1142 2622 1220 2667 eum

62 2726 178 2794 semper
200 2704 347 2774 Scholae
374 2705 534 2793 magistri
559 2705 785 2794 interpretati
809 2709 911 2789 sunt,
939 2707 1152 2774 consenserit
1182 2707 1220 2774 in

61 2810 213 2896 doctrina,
240 2813 332 2903 quod
356 2811 514 2880 divinum
538 2813 628 2879 Eone
649 2813 686 2880 in
710 2821 828 2880 nostro
863 2813 1039 2902 praesenti
1064 2821 1160 2880 statu
1184 2819 1220 2881 et

59 2919 199 2987 naturali
232 2919 405 2987 facultate
435 2943 504 2987 non
528 2920 705 2988 valeamus
740 2919 938 2989 immediate
969 2921 1006 2988 in
1030 2943 1066 2988 se
1095 2941 1135 2988 ac
1158 2943 1219 3010 per

60 3045 87 3092 se
106 3027 246 3110 intueri3
266 3027 326 3093 sed
343 3026 538 3094 immediate
562 3027 752 3095 intellectis
768 3027 941 3095 creaturis
965 3036 1218 3095 creaturarum-

60 3153 112 3220 que
132 3133 417 3221 perfectionibus,
442 3157 484 3200 ex
508 3133 564 3200 his
588 3132 739 3200 humana
762 3134 853 3201 ratio
885 3134 1119 3203 concludendo
1136 3129 1219 3216 (riuu-

61 3233 138 3322 b’yoe
153 3239 236 3329 Sap.
254 3239 359 3308 XIII.
379 3241 430 3324 ὅ.)
461 3241 642 3329 pertingat
662 3239 708 3308 ad
732 3241 968 3329 cognitionem
991 3242 1077 3326 Dei,
1104 3253 1140 3310 et
1174 3243 1218 3310 ad

60 3346 284 3435 concipiendas
307 3348 539 3436 perfectiones
563 3347 726 3430 divinas,
752 3371 820 3414 non
851 3349 941 3416 ideis
971 3349 1143 3418 derivatis
1175 3351 1218 3416 ab

60 3448 122 3536 ipsa
136 3453 213 3520 visa
228 3453 380 3522 essentia
396 3453 531 3536 divina,
550 3455 609 3522 sed
629 3453 862 3523 concludendo
880 3479 921 3523 ex
939 3456 1131 3525 intellectis
1144 3479 1217 3546 per-

61 3553 253 3624 fectionibus
276 3557 404 3625 creatis
421 3563 464 3624 et
485 3558 696 3626 creabilibus
719 3559 762 3626 ad
787 3560 1016 3648 perfectiones
1031 3559 1035 3568 '
1049 3559 1218 3628 creatoris

60 3662 229 3733 eminentes
251 3687 321 3732 non
349 3664 459 3732 solum
486 3665 681 3754 ontologica
709 3689 816 3756 supra
843 3689 958 3735 ornnes
986 3668 1217 3757 perfectiones

61 3768 221 3852 creabiles,
236 3769 296 3837 sed
314 3791 377 3858 pro
393 3769 527 3838 visione
544 3769 743 3838 immediata
765 3771 870 3839 etiarn
887 3771 1001 3861 logice
1030 3795 1136 3863 supra
1159 3795 1217 3840 no·

63 3874 156 3938 atrum
177 3871 423 3941 intellectum?

115 3975 182 4044 Iern
205 4001 288 4048 vero
312 3979 425 4069 quoad
448 3979 537 4046 hanc
553 3979 788 4070 quaestionem
800 3981 1037 4070 Augustinus,
1054 4003 1161 4075 aeque
1176 4005 1217 4052 ac

63 4075 164 4149 Patres
184 4082 327 4174 reliqui,
342 4090 542 4150 constanter
566 4083 676 4167 docet,
695 4105 769 4152 esse
786 4085 923 4175 quidam
940 4085 1216 4156 intellectualem

62 4185 189 4254 animam
212 4189 250 4256 in
273 4189 451 4278 praesenti
474 4190 595 4258 ordine
622 4191 833 4260 destinatam
869 4193 914 4261 ad
946 4193 1115 4261 visionem
1150 4195 1216 4262 Dei

63 4292 110 4379 qui
128 4301 178 4362 ast
199 4295 313 4384 ipsum
337 4297 424 4364 Esne
446 4298 658 4382 absolutum,
685 4299 762 4387 ipsa
786 4300 931 4383 veritas,
958 4300 1037 4388 ipsa
1061 4300 1211 4387 bonitas;

63 4397 198 4466 sedeam
221 4401 392 4468 visionem
414 4401 648 4470 immediatam
679 4425 753 4471 esse
777 4405 1096 4492 supernaturalem,
1123 4427 1213 4473 asse-
