3240 5064
563 369 601 380 -
623 335 684 396 263
704 369 742 380 -

71 467 189 513 verum
210 444 335 527 Deum,
349 441 451 511 cuius
473 465 595 511 nomen
619 449 673 512 est
696 439 771 522 ὸών,
793 467 866 512 esse
882 444 991 512 Deum
1008 444 1069 536 qui
1086 443 1242 533 elegerat

69 551 258 635 Abraham,
276 550 378 620 Isaac
392 557 429 618 et
450 549 554 619 Iacob
576 556 613 620 et
635 573 749 620 semen
776 573 906 620 eorum.

130 659 187 728 Ex
210 665 286 727 toto
309 658 374 728 hoc
397 663 562 728 contextu
585 659 683 727 olera
705 667 760 728 est
782 659 955 748 imprimis
977 659 1127 727 nominis
1152 672 1239 734 mm

69 767 277 857 proprietas,
303 767 438 835 clarum
461 773 515 834 est
537 767 673 850 deinde,
692 765 783 858 quod
800 766 1019 856 potissimum
1043 765 1240 856 quaeritur,

69 875 131 944 hoc
152 874 293 943 nomine
316 875 449 944 directe
473 875 670 964 significari
692 875 807 964 ipsum
831 875 921 942 Esse
937 875 1015 959 Dei,
1033 897 1101 942 nou
1125 881 1243 942 autem

70 982 274 1050 fidelitatem
298 981 336 1048 in
351 981 572 1071 praestandis
596 981 788 1070 promissis,
806 987 848 1049 ut
869 982 1079 1050 recentiores
1104 981 1244 1072 quidam

71 1096 291 1158 censuerunt.
309 1088 352 1157 Id
375 1089 467 1158 enim
483 1091 701 1158 demonstrat
717 1092 752 1174 a)
769 1089 846 1178 ipsa
862 1089 1013 1156 nominis
1029 1088 1245 1177 etymologia

70 1207 103 1268 et
124 1198 321 1268 declaratio
343 1219 365 1264 a
380 1199 451 1266 Deo
474 1199 550 1288 ipso
574 1199 668 1266 data.
689 1199 723 1285 t)
735 1199 777 1264 In
802 1197 1061 1286 significatione
1084 1197 1245 1264 absoluta

71 1308 182 1398 ipsius
193 1309 284 1376 Esse
298 1329 422 1380 nomen
433 1307 631 1396 explicatur
647 1307 684 1375 in
701 1305 897 1396 Scripturis
912 1305 999 1395 ipsis
1010 1306 1119 1394 Apoc.
1129 1305 1198 1372 1.4.
1209 1304 1242 1392 8;

72 1415 132 1484 IV.
150 1415 187 1482 8:
213 1410 273 1480 ἀπο
291 1413 307 1479 ὁ
322 1411 359 1477 ah
375 1438 425 1478 και
444 1413 506 1482 δήν
529 1437 581 1477 και
598 1413 612 1476 ὁ
629 1409 795 1502 ἐρχομενοςῑ
820 1415 858 1482 iu
887 1437 956 1504 qna
978 1413 1129 1481 nominis
1151 1435 1244 1481 reso-

73 1523 205 1592 lutione
227 1523 341 1591 forma
368 1521 536 1612 temporis
568 1521 745 1590 indefiniti
776 1521 977 1590 declaratur
1002 1521 1102 1590 velut
1125 1521 1245 1588 unitas

73 1631 266 1720 praeteriti,
283 1629 480 1720 praesentis
502 1635 538 1698 et
561 1629 689 1714 futuri,
709 1629 800 1722 quod
824 1629 918 1697 nihil
940 1635 995 1697 est
1017 1627 1117 1696 aliud
1141 1647 1245 1717 quam

73 1738 212 1827 negatio
235 1735 489 1822 successionis,
515 1758 555 1807 ac
585 1737 730 1828 proinde
753 1737 943 1806 eminentia
974 1757 1081 1826 supra
1112 1757 1244 1801 omnem

74 1845 238 1935 temporis
261 1845 478 1914 relationem.
505 1849 537 1930 e)
559 1844 603 1912 In
626 1844 719 1914 hune
742 1867 881 1914 sensum
915 1865 1037 1912 nomen
1062 1841 1243 1910 intellexe-

74 1961 154 2022 runt
176 1953 316 2046 antiqui
338 1953 548 2043 interpretes
571 1976 687 2022 omnes
701 1951 825 2021 Iudaei
848 1973 955 2044 aeque
977 1973 1018 2020 ac
1034 1948 1242 2019 Christiani.

76 2059 109 2146 d)
119 2060 373 2150 Interpretatio
389 2059 454 2128 illa
469 2060 642 2128 recentior
657 2059 747 2127 falso
762 2059 892 2128 nititur
909 2057 1098 2148 supposito.
1113 2056 1247 2124 Putant
1283 2077 1286 2084 ’

76 2168 161 2235 euim
184 2167 299 2236 Exod.
325 2166 389 2236 VI.
417 2166 450 2235 e:
477 2190 599 2235 nomen
631 2181 720 2244 mm
746 2165 904 2255 intelligi
927 2187 994 2232 non
1029 2185 1150 2254 posse,
1176 2161 1246 2229 nisi

78 2281 246 2365 quatenus
268 2275 364 2343 Deus
394 2273 581 2344 exhibetur
610 2273 726 2344 fidelis
752 2273 790 2341 in
822 2270 1032 2363 exequendis
1055 2269 1124 2352 iis,
1159 2290 1247 2359 quae

78 2381 304 2470 promiserat,
331 2381 413 2473 quia
436 2381 501 2450 hoe
524 2381 635 2449 solum
674 2405 778 2451 sensu
807 2402 928 2448 verum
959 2377 1047 2468 ipsis
1081 2376 1244 2460 videtur,

79 2485 184 2555 Deum
208 2493 382 2579 quatenus
404 2494 458 2557 est
482 2503 583 2566 Πηῃν,
601 2487 816 2579 patriarchis
838 2509 906 2554 non
930 2507 966 2553 se
989 2483 1244 2552 manifestasse.

79 2593 125 2664 At
145 2617 230 2663 vero
253 2593 352 2664 aliud
376 2602 431 2667 est
444 2595 651 2666 fidelitatem
665 2596 702 2664 in
718 2595 900 2687 promissis
915 2591 1099 2662 servandis
1115 2591 1246 2660 directe

81 2703 271 2793 significari
294 2704 442 2788 nomine,
469 2710 505 2773 et
528 2704 647 2789 aliud,
674 2703 763 2772 hanc
787 2703 995 2772 fidelitatem
1019 2700 1181 2790 consequi
1204 2721 1246 2766 ex

81 2833 115 2878 eo
136 2813 225 2903 quod
242 2834 365 2881 nomen
381 2796 572 2901 siguificat;
590 2811 682 2882 illud
697 2813 798 2903 prius
813 2834 991 2901 negamus,
1009 2809 1075 2877 hoc
1097 2806 1247 2875 alterum

81 2919 304 2989 concedimus.

142 3027 244 3110 Quod
275 3031 392 3098 autem
421 3028 577 3117 pertinet
606 3027 651 3096 ad
686 3025 945 3118 quaestionem,
979 3028 1098 3092 utrum
1132 3022 1247 3112 ipsum

83 3156 195 3204 nomeu
222 3152 309 3212 mm
334 3135 438 3204 etiam
462 3135 696 3204 materialiter
720 3139 913 3224 spectatum
936 3131 1047 3200 inerit
1069 3132 1180 3221 primo
1195 3153 1247 3199 re-

85 3241 230 3312 velatum
253 3241 370 3333 Moysi
391 3243 657 3330 Exod.III.14;
683 3242 832 3312 dicimus
855 3242 899 3309 ab
922 3239 986 3308 illa
1009 3261 1077 3308 non
1100 3239 1249 3328 pendere
1313 3320 1318 3332 ¹

86 3367 228 3434 eausam,
248 3373 351 3441 quam
367 3373 460 3418 nuno
476 3350 626 3439 agimus.
642 3348 682 3418 Si
697 3348 787 3417 enim
800 3353 943 3437 propter
955 3345 1095 3412 uomina
1106 3350 1142 3412 et
1153 3344 1249 3413 dieta

84 3458 256 3542 nonnulla,
275 3478 365 3548 quae
383 3463 572 3526 occurrunt
594 3456 664 3524 iam
681 3461 761 3524 ante
777 3455 867 3522 hano
890 3451 1148 3542 theophaniam,
1164 3473 1194 3519 e.
1210 3476 1246 3540 g.

87 3559 165 3631 lien.
189 3563 270 3633 XV.
295 3564 329 3630 7.
356 3563 390 3649 8;
409 3561 528 3630 XXII.
551 3561 606 3647 14,
629 3559 852 3644 contendant,
878 3582 999 3627 nomen
1022 3557 1093 3625 iam
1116 3557 1249 3646 pridem

88 3667 185 3739 fuisse
209 3669 401 3760 cognitum,
428 3667 554 3738 saltem
577 3667 762 3738 concedere
785 3689 923 3735 necesse
945 3673 1000 3734 eet
1018 3687 1090 3733 rem
1114 3663 1248 3754 signifi-

89 3781 188 3845 catam
210 3777 350 3846 nomine
373 3775 483 3846 fuisse
506 3775 712 3845 distinctius
735 3773 926 3843 revelatam
949 3771 1065 3861 Moysi
1088 3771 1113 3839 l.
1129 3794 1159 3840 c.
1175 3771 1249 3840 Hoc

89 3881 414 3954 euimedminimum
428 3883 559 3952 dieitur
571 3882 682 3951 Exod.
694 3880 759 3950 VI.
774 3881 807 3949 3.
825 3881 901 3948 Iam
924 3901 1007 3949 vero
1032 3901 1099 3970 quo
1123 3900 1250 3968 quaeso

91 3999 282 4079 argumento
305 3992 604 4076 demonstrabunt,
623 3989 870 4059 revelationem
888 3989 978 4056 hauc
995 3987 1249 4060 distinctionem

93 4094 187 4164 solum
203 4099 331 4168 referri
348 4098 393 4167 ad
409 4098 476 4167 Dei
491 4097 696 4167 fidelitatem
712 4104 775 4166 aut
794 4096 976 4186 specialem
993 4095 1249 4185 providentiam

95 4223 168 4293 erga
188 4205 354 4298 populum
377 4205 500 4292 Israel,
519 4212 556 4275 et
569 4229 638 4274 non
661 4205 780 4295 potius
803 4205 846 4273 ad
870 4204 980 4294 ipsam
1003 4203 1249 4293 perfectionem

96 4313 248 4383 essentiae
271 4313 433 4400 divinae,
452 4337 495 4383 ex
511 4334 581 4404 qua
604 4311 726 4402 utique
742 4310 807 4378 illa
830 4309 984 4378 fidelitas
1008 4309 1045 4377 in
1068 4307 1250 4400 promissis

97 4420 298 4502 praestandis
314 4418 564 4512 consequitur?
576 4448 592 4482 a
603 4417 675 4487 Sub
691 4417 781 4508 lege,
800 4417 919 4509 inquit
934 4415 1138 4500 Sfflhomas,
1155 4415 1250 4484 faeta
