3230 5072
533 379 571 394 -
593 349 649 408 441
674 381 711 395 -

44 473 125 537 cere,
139 459 290 544 utreque
313 452 348 520 in
374 473 477 522 sensu
501 451 615 521 diviso
638 460 692 522 est
714 453 817 537 falsa,
836 453 874 522 in
897 477 1001 523 sensu
1025 455 1212 546 composito

43 582 131 630 vers.
149 559 390 629 Nihilominus
412 569 528 629 temen
553 561 588 628 iu
614 581 698 629 oeen
722 560 831 650 priori
848 561 994 630 libertas
1010 562 1053 630 ed
1070 584 1211 632 curreu-

41 665 116 734 dum
140 666 242 734 nulla
265 672 331 753 est;
355 667 393 734 in
418 665 603 755 posteriori
627 665 774 736 libertas
797 666 841 734 ad
864 668 1047 736 iacendum
1072 675 1127 738 est
1142 669 1212 760 ple·

40 773 191 842 nissime.
212 773 318 843 Ratio
330 773 544 842 discriminis
556 780 609 842 est
621 773 775 858 evidens,
791 773 881 866 qnod
898 774 1033 844 scilicet
1048 775 1084 843 in
1101 777 1211 866 priori

41 901 117 949 casu
141 869 350 971 hypothesis
374 880 594 950 vinculorum
610 931 618 964 ,
636 902 785 972 quacum
808 887 909 949 actus
934 883 1097 952 currendi
1122 906 1210 951 com·

41 988 115 1076 poni
139 989 274 1080 nequit,
300 1010 367 1055 non
392 988 561 1077 pendete
584 987 695 1056 libere
719 987 869 1056 hominis
893 987 1072 1074 electione,
1098 990 1211 1061 nteit

40 1095 92 1163 vel
115 1120 185 1164 uon
207 1096 258 1165 sit
279 1095 347 1183 (ite
369 1095 458 1164 enim
483 1095 735 1186 supponimus);
748 1104 869 1166 contre
885 1097 1094 1188 hypothesis
1116 1099 1210 1169 locu·

40 1204 156 1288 tionis,
172 1225 321 1296 quacum
335 1203 517 1272 silentium
533 1210 720 1294 repugnat,
735 1206 855 1274 subest
869 1205 1044 1296 loquentis
1059 1205 1210 1276 hominis

40 1311 196 1379 arbitrio.
212 1312 340 1380 Parum
363 1318 478 1380 eutem
503 1313 625 1395 refert,
642 1311 731 1402 quod
756 1313 968 1381 constrictus
992 1313 1145 1383 vinculis
1157 1338 1208 1384 re·

39 1419 126 1488 tinet
138 1424 344 1509 potestatem
367 1417 554 1489 radicalem
579 1419 755 1504 currendi,
772 1443 858 1512 qnae
876 1421 1029 1490 vinculis
1052 1445 1119 1490 non
1142 1423 1208 1490 tol·

41 1525 135 1613 litnr;
152 1526 196 1594 ed
218 1525 416 1594 libertatem
440 1525 531 1594 enim
555 1526 718 1594 currendi
741 1527 937 1618 requiritur
953 1535 1109 1618 potestas
1132 1551 1208 1620 pro·

41 1633 125 1701 xime
159 1631 323 1722 expedite
354 1630 541 1716 currendi,
585 1630 643 1700 vel
672 1631 797 1700 saltem
826 1641 980 1724 potestas
1009 1635 1210 1704 removendi

42 1739 333 1828 impedimentum.

100 1847 154 1914 Ex
178 1847 235 1914 his
259 1851 382 1936 petent
404 1845 597 1937 sequentia:
613 1849 648 1928 a)
665 1845 855 1936 dupliciter
870 1847 1000 1940 aliquis
1017 1855 1116 1918 actus
1131 1873 1208 1919 cnm
1281 1927 1284 1934 .

41 1953 225 2045 hypothesi
248 1961 311 2022 aut
334 1955 446 2021 forme
469 1953 617 2020 subiecti
641 1954 796 2043 componi
827 1977 895 2022 non
918 1962 1050 2045 potest;
1078 1957 1134 2026 vel
1157 1959 1210 2026 ite

42 2071 167 2130 utnon
191 2062 327 2152 possint
349 2061 486 2154 quidem
510 2059 614 2129 simul
638 2083 712 2128 esse
734 2060 799 2128 ille
821 2061 901 2145 dno,
923 2063 1072 2152 pendeat
1092 2071 1210 2133 temen

43 2169 190 2240 elibere
212 2170 407 2253 voluntate,
422 2174 541 2236 utrum
564 2191 682 2236 eorum
706 2168 767 2255 eit,
786 2169 842 2237 vel
867 2168 919 2237 ita
935 2179 977 2238 ut
1000 2169 1209 2261 hypothesis

43 2277 92 2346 vel
114 2281 227 2346 forma
249 2275 410 2359 subiecti,
425 2297 571 2367 quacum
588 2281 689 2343 ectus
704 2274 834 2367 aliquis
849 2281 904 2344 est
919 2276 1210 2368 incompossibilis

43 2384 277 2476 (quantumvis
291 2373 459 2453 'manente
483 2388 656 2473 potestate
678 2381 826 2450 rediculi
843 2382 888 2450 ad
910 2391 1027 2452 ectum
1050 2385 1115 2452 snb
1137 2385 1210 2454 elie

43 2491 264 2584 hypothesi),
291 2513 358 2559 non
382 2490 530 2582 pendeat
556 2488 631 2558 ullo
661 2489 759 2558 modo
782 2511 804 2556 a
826 2489 937 2559 libera
960 2491 1126 2560 electione
1150 2515 1207 2561 vo-

43 2601 197 2670 luntatis.
216 2601 259 2669 In
282 2599 394 2690 priori
417 2622 500 2668 caen
523 2605 578 2667 eet
599 2598 864 2688 impossibilitas
886 2623 1000 2666 senece
1016 2603 1206 2690 compositi,

43 2731 78 2776 er
94 2733 161 2802 qna
176 2709 288 2778 solum
304 2707 487 2797 colligitur
504 2707 694 2776 necessitas
710 2729 921 2799 consequens,
936 2731 997 2777 eeu
1010 2733 1207 2800 consequen·

45 2818 117 2899 riae,
143 2841 204 2887 sen
227 2814 407 2884 secandam
430 2812 514 2898 dici,
540 2836 628 2907 qnae
660 2814 826 2904 supponit
855 2818 891 2882 et
918 2814 1134 2884 demonstret
1164 2815 1206 2885 li·

46 2923 224 3012 bertatem
253 2924 291 2991 in
315 2923 427 2991 altero
454 2943 538 2990 oeeu
570 2927 625 2990 est
650 2920 915 3012 impossibilitas
941 2945 1057 2988 senem
1082 2947 1209 3012 compo·

44 3033 113 3112 riti,
131 3055 219 3124 quse
240 3030 401 3100 libertati
418 3029 594 3098 adactum
611 3028 713 3097 illum
730 3035 905 3118 repugnet
920 3028 984 3116 (1).
1004 3029 1037 3116 b)
1054 3028 1205 3100 Verbum

102 3194 142 3270 (1)
161 3199 241 3250 Esne
259 3195 401 3262 duplicem
415 3195 555 3248 rationem
569 3193 797 3246 diversissimam
811 3193 1061 3260 impossibilitatie
1073 3195 1105 3247 iu
1120 3211 1206 3249 seusu

47 3287 199 3355 compostis,
221 3290 256 3340 ιιι
273 3285 407 3352 superins
426 3284 469 3336 tir.
484 3283 588 3336 xum.
604 3299 633 3334 n.
645 3283 669 3335 Ι.
690 3283 721 3334 in
743 3289 812 3333 notu
832 3283 888 3335 ism
907 3281 1083 3336 declaratum
1102 3283 1204 3351 hahes,

47 3387 94 3428 nou
112 3379 185 3431 setis
204 3374 475 3430 animadverterunt
493 3373 517 3426 il
537 3371 680 3438 theologi,
702 3372 752 3438 qui
772 3371 961 3426 distinctione
973 3389 1068 3425 senene
1080 3373 1165 3425 diuisi
1178 3376 1208 3426 et

47 3479 128 3520 rems
147 3467 294 3533 comperire·
310 3463 421 3518 abunde
440 3461 581 3516 declarari
601 3461 789 3528 existiment,
810 3461 947 3528 quomodo
967 3463 1089 3516 iiber-tes
1107 3467 1208 3516 nostre

48 3555 175 3609 consistet
192 3555 372 3622 plenissime,
393 3555 463 3607 licet
482 3553 553 3606 talis
572 3554 697 3619 ponatur
716 3551 769 3604 Dei
788 3554 818 3603 et
836 3553 950 3616 gratiae
964 3552 1092 3618 operatio
1111 3553 1207 3606 efficax

49 3640 74 3694 iu
92 3646 220 3710 animem,
240 3644 286 3697 cul
305 3658 339 3695 ex
359 3643 518 3695 intrinsece
536 3641 630 3708 ipsius
649 3641 761 3706 gratiae
781 3644 886 3692 natura
905 3644 1054 3708 repugnet,
1075 3645 1109 3694 ιιι
1126 3644 1208 3694 homo

49 3729 82 3796 id,
101 3733 133 3786 ed
147 3733 222 3802 quod
235 3733 331 3800 gretie
350 3733 540 3799 praeveniens
555 3736 650 3784 moret
662 3732 692 3782 et
704 3731 822 3798 excitet,
844 3745 900 3783 non
920 3737 997 3796 eget.
1017 3729 1108 3782 Aiunt
1120 3729 1206 3782 enim:

52 3817 104 3874 dun
120 3825 179 3878 tale
198 3824 341 3877 auxilium
360 3821 458 3888 adest,
479 3821 561 3874 homo
581 3835 638 3873 non
658 3823 755 3887 potest
774 3818 928 3874 dissentire
947 3820 978 3871 iu
997 3835 1078 3871 senec
1101 3833 1207 3884 rompo-

50 3909 101 3974 u'eo,
121 3916 216 3979 potest
238 3915 333 3966 temen
359 3909 516 3964 dissentire
535 3909 567 3962 in
587 3923 672 3964 senen
698 3908 810 3976 diviso,
831 3909 861 3962 h.
876 3924 902 3962 e.
923 3909 1004 3962 homo
1030 3907 1117 3960 etism
1143 3905 1209 3960 dnm

53 3995 119 4054 adest
137 4003 195 4056 teis
209 4001 359 4068 auxilinm,
375 4001 485 4054 retinet
503 4003 675 4068 potestatem
695 3999 849 4053 radicalem
870 3995 1071 4062 dissentiendi,
1087 3997 1137 4063 qni
1150 3995 1207 4049 die·

53 4100 138 4144 sensns
155 4097 221 4146 ectu
240 4107 302 4145 esee
323 4095 419 4159 posset
436 4091 467 4143 in
486 4091 547 4143 elie
565 4089 737 4158 hypothesi:
758 4093 924 4143 nontamen
939 4089 1112 4154 potestuotu
1125 4084 1207 4140 homo

53 4171 191 4233 decenum
211 4179 242 4232 in
261 4179 426 4248 hypothesi,
449 4178 524 4246 quod
542 4179 602 4232 tale
622 4180 717 4232 efficax
737 4177 820 4232 edest
837 4177 988 4230 auxilium.
1013 4175 1120 4229 Nostra
1138 4175 1207 4232 diffi-

54 4267 128 4322 mltee
145 4271 176 4322 in
196 4269 376 4324 admittenda
393 4269 446 4324 hec
465 4269 653 4323 distinctione
673 4271 807 4322 versetur
825 4267 856 4320 iu
876 4283 907 4320 eo
926 4266 1116 4335 potissimum,
1132 4263 1208 4333 quod

55 4354 75 4405 ei
89 4362 175 4424 gretie
199 4361 391 4428 praeveniens
410 4361 458 4414 vel
477 4359 750 4427 preedsterminetio
769 4357 813 4411 ita
832 4361 878 4412 eet
896 4358 1005 4424 efficax,
1033 4359 1066 4409 ut
1084 4371 1119 4410 ex
1144 4357 1206 4408 eius

56 4440 194 4504 intrinsece
212 4453 319 4504 nature
338 4453 554 4518 repugnatura
574 4449 656 4516 requi
675 4447 839 4501 voluntatis
863 4461 1048 4514 eonsensum,
1076 4448 1206 4512 petentes
