3230 5072
522 347 699 406 ..373-

452 506 594 566 rflasls
616 507 778 566 xxxva.
834 463 838 474 ’

144 629 229 690 Deae
248 649 290 691 eor
310 634 530 691 accersentia
551 639 582 692 et
603 649 646 692 ece
667 633 837 709 infinitate
858 633 1089 691 intellectionis

305 733 484 790 necessario
505 731 668 806 coacescit
689 747 781 788 omae
802 746 924 788 ceram.

103 891 115 918 ι
128 873 235 928 Divina
252 875 380 930 essentia
398 879 431 927 nt
449 873 593 926 infinitum
613 888 711 926 veram
724 877 754 926 et
766 873 888 942 primum
906 873 1203 940 intelligibilesque

50 962 181 1015 eorunm
200 979 296 1018 verum
315 962 510 1032 independens
530 979 591 1016 esse
615 965 719 1029 potest,
739 967 768 1015 et
787 965 930 1030 amquam
948 963 1013 1016 idea
1032 959 1203 1031 exemplario

50 1070 59 1090 ν
77 1054 130 1103 trm
149 1055 272 1106 omnlnm
283 1056 464 1120 possibilium
478 1057 538 1105 tam
551 1053 671 1106 realiter
684 1052 838 1119 aliqnando
851 1052 1047 1118 existentium,
1062 1052 1204 1104 obiective

50 1135 191 1189 acrbibet
208 1138 307 1192 divino
324 1139 497 1209 intellectui,
519 1141 660 1210 qnidqnid
678 1143 766 1196 hebet
784 1142 922 1194 rationem
944 1142 1015 1207 veri;
1030 1141 1204 1207 insuperque

50 1243 60 1267 ι
77 1223 232 1279 intellectio
245 1228 310 1296 ipse
327 1229 489 1286 formaliter
507 1237 636 1300 spectata
654 1250 688 1286 cx
702 1249 753 1286 sne
765 1233 911 1286 infinitate
921 1236 966 1285 est
978 1229 1204 1298 repraesentatio

50 1317 164 1368 vonnls
181 1319 253 1370 veri.
282 1319 358 1372 Dens
377 1320 470 1386 igitur
491 1338 542 1389 per
566 1323 658 1390 ipsam
682 1339 760 1376 snam
783 1325 939 1378 essentiam
957 1325 987 1376 et
1004 1338 1039 1374 ex
1057 1321 1205 1374 infinitate

51 1418 139 1456 »snae
158 1406 366 1463 intellectionis
391 1409 600 1466 determinatos
629 1417 674 1468 est
697 1412 733 1468 ed
752 1413 1029 1482 comprehensionem
1048 1412 1139 1466 omnia
1158 1427 1204 1465 ve-

51 1513 60 1537 ·
78 1494 182 1550 datis.
197 1517 211 1544 e

105 1627 147 1695 1⁰.
172 1629 339 1699 Divinam
367 1634 553 1702 essentiam
584 1656 767 1724 possumne
802 1641 958 1725 spectare
986 1632 1204 1723 tripliciter:

50 1737 79 1816 a)
92 1741 131 1802 nt
144 1759 206 1806 ens
221 1745 257 1806 et
272 1761 393 1808 vernm
409 1740 619 1826 ahsolutum,
639 1763 660 1808 a
676 1765 743 1834 quo
759 1743 909 1833 pendent
923 1747 960 1812 et
974 1741 1075 1810 cuins
1090 1737 1206 1806 analo·

51 1839 118 1926 giea
139 1845 410 1935 participatione
432 1855 517 1916 sunt
539 1848 665 1932 omnia,
691 1871 926 1941 quaecumque
948 1848 1078 1916 hebent
1100 1845 1207 1914 ratio·

50 1969 114 2014 nem
128 1953 220 2021 entis
236 1957 272 2022 et
287 1955 375 2023 veri.
395 1955 486 2024 Vide
501 1977 608 2046 supra
629 1957 683 2025 th.
695 1957 867 2026 XXVIII.
884 1980 920 2024 n.
932 1956 981 2023 Π.
1000 1953 1113 2046 Atqui
1127 1953 1208 2021 dum

51 2053 211 2128 intensive
232 2065 269 2128 et
291 2063 470 2131 extensive
494 2065 649 2152 perfecte
678 2063 979 2153 comprehensione
1009 2059 1208 2128 absolutum

51 2161 125 2228 aee
145 2171 181 2233 ct
203 2167 401 2237 absolutum
416 2192 528 2236 caeos
543 2169 771 2259 intelligitur,
797 2169 991 2240 necessario
1014 2190 1075 2259 per
1097 2168 1208 2258 ipsam

52 2265 134 2338 illam
150 2273 483 2363 comprehensionem
499 2275 754 2365 intelliguntur
770 2277 896 2362 omnia,
912 2297 999 2369 qnae
1015 2275 1059 2342 ab
1073 2296 1112 2344 eo
1128 2296 1208 2364 pen·

50 2372 155 2446 dentia
176 2379 235 2449 vel
257 2387 339 2450 ectu
362 2389 446 2451 sunt
469 2382 525 2452 vel
549 2405 616 2450 esse
638 2390 795 2472 possunt.
821 2383 917 2474 Ergo
941 2385 1035 2451 Dens
1057 2402 1208 2470 compre·

53 2477 188 2554 hendens
211 2508 311 2556 snam
334 2488 520 2558 essentiam
544 2495 586 2558 nt
600 2489 688 2557 Esse
711 2489 909 2560 absolutum
933 2495 970 2559 et
992 2489 1142 2579 primum
1157 2509 1209 2556 oe·

52 2611 124 2674 rem,
141 2615 163 2660 a
178 2617 246 2686 qno
269 2595 397 2684 pendet
419 2618 517 2665 omne
533 2619 600 2663 esse
621 2601 658 2665 et
679 2619 777 2667 omne
800 2619 921 2667 verum
944 2595 1206 2686 participatum,

52 2697 151 2766 eodem
185 2708 268 2770 sota
303 2701 554 2772 intellectionis
589 2705 783 2774 necessario
817 2702 1078 2794 comprehendit
1113 2721 1211 2770 omne

54 2823 170 2876 verum.

108 2913 139 3002 t)
161 2913 322 3006 Spectari
345 2921 459 3006 potest
481 2917 605 2988 divine
625 2918 779 2988 essentia
802 2917 1012 3008 expressius,
1038 2921 1209 3008 quatenns

54 3025 96 3086 est
115 3021 191 3092 idea
213 3027 251 3092 et
272 3024 448 3114 exemplar
470 3025 641 3094 imitabile
656 3027 703 3095 ed
717 3032 818 3096 extre
840 3048 901 3116 per
924 3047 1040 3093 omncs
1063 3022 1206 3114 grados,
1284 3013 1286 3016 ’

55 3126 190 3199 rationes
220 3136 258 3199 ct
279 3130 468 3200 relationes
492 3133 697 3222 participati
720 3156 787 3200 esse
808 3138 845 3202 et
866 3131 1096 3222 participatae
1119 3129 1210 3200 veri·

55 3233 136 3303 atis.
161 3237 282 3306 Potest
316 3245 433 3307 entem
463 3239 676 3308 considerari
707 3238 884 3308 infinitum
914 3239 1004 3307 illud
1034 3235 1210 3326 exemplar

56 3339 195 3412 velutin
218 3351 301 3413 ecta
325 3345 448 3434 primo,
470 3353 512 3415 nt
533 3347 609 3415 eins
631 3347 913 3416 adumbrationes
935 3346 980 3415 ad
1003 3351 1104 3414 extra
1126 3349 1210 3414 sunt

56 3446 147 3518 alum
169 3451 365 3542 possibiles.
390 3453 464 3522 Hoc
488 3453 585 3522 modo
608 3461 663 3523 est
685 3454 849 3538 evidens,
874 3451 1208 3545 comprehensionem

55 3557 245 3647 exemplaris
260 3580 334 3628 esse
352 3559 455 3629 simul
472 3561 806 3651 comprehensionem
823 3561 974 3629 omnium
989 3558 1208 3649 possibilium

55 3659 115 3731 eius
130 3666 441 3752 adumbrationem,
456 3668 531 3738 sive
547 3668 882 3759 comprehensionem
897 3668 1008 3737 totius
1023 3666 1114 3735 entis
1130 3688 1207 3756 par-

55 3765 175 3861 ticipati
188 3771 227 3840 in
242 3772 363 3842 ordine
380 3773 619 3864 metaphysico
635 3773 724 3844 etin
740 3779 838 3844 statu
848 3773 968 3844 ideali.
982 3771 1076 3842 Haeo
1092 3777 1208 3840 autem

57 3867 261 3946 imitabilitas
283 3879 453 3949 essentiae
476 3879 617 3950 divinae
640 3879 678 3948 in
700 3887 782 3950 actu
805 3880 915 3970 prino
938 3887 1009 3947 tam
1025 3885 1079 3946 est
1093 3899 1207 3946 neces·

57 3982 134 4048 aris
154 4007 255 4076 quam
278 3986 431 4054 essentie
449 3987 536 4076 ipsa.
557 3987 674 4070 Quare
689 3988 794 4057 etiam
809 3987 895 4056 haec
916 3985 1108 4054 intellectio
1130 3983 1207 4052 imi·

57 4085 224 4158 labilitatis
247 4089 425 4183 totiusque
447 4093 551 4178 entis,
577 4115 637 4182 per
660 4093 750 4184 qnod
773 4099 827 4162 est
850 4091 1049 4174 imitabilis,
1074 4095 1129 4159 est
1151 4111 1207 4157 ne-

59 4199 191 4268 cessaria
205 4223 244 4269 eo
260 4201 348 4292 ipsc,
359 4202 443 4292 quia
458 4201 674 4272 necessarius
689 4209 743 4271 eet
758 4199 1008 4270 intellectionis
1022 4199 1204 4268 terminas.

59 4296 89 4366 Si
107 4327 183 4374 vero
205 4313 385 4396 spectetur
400 4307 559 4377 divinum
582 4307 758 4398 exemplar
780 4308 818 4378 in
838 4314 920 4376 actu
945 4307 1105 4391 secundo,
1124 4325 1206 4397 qua·

60 4409 142 4480 tons
162 4413 312 4486 actualis
333 4421 389 4484 eet
409 4415 528 4507 eliqua
550 4415 702 4486 imitatio
725 4423 761 4484 et
783 4415 913 4506 aliquis
935 4415 1088 4484 existens
1110 4417 1206 4500 ecty-
