3376 5068
884 385 922 400 -
945 353 1005 414 356
1027 385 1065 398 -

384 464 472 532 tatis
494 463 565 529 iam
588 459 793 544 constituto,
818 459 972 527 eiusdem
995 457 1243 526 immensitatis
1268 457 1401 527 veritas
1423 480 1467 527 ax
1484 458 1557 549 ipsa

385 568 526 636 infinita
540 567 605 635 Dei
621 565 832 656 perfectione
855 565 1091 657 consequitur,
1110 587 1178 632 non
1194 564 1305 632 solum
1322 587 1361 633 eo
1377 566 1470 656 quod
1486 567 1557 656 ipsa

385 677 503 745 virtus
527 678 742 764 praesentem
765 693 801 738 se
824 670 1009 738 exhibendi
1032 671 1202 760 perfectio
1218 679 1273 739 cst
1288 670 1507 761 simpliciter,
1524 678 1558 740 et

384 783 461 851 ideo
483 783 555 850 Deo
579 781 653 850 sine
675 780 886 848 limitatione
917 786 954 847 et
976 779 1012 846 in
1036 787 1138 863 actu,
1165 779 1241 847 sive
1264 779 1342 867 ipsa
1364 781 1558 870 praesentia

385 887 566 956 illimitata
588 884 783 954 necessario
807 883 982 973 competit,
1009 887 1051 950 ut
1073 882 1234 972 superius
1258 882 1390 950 dictum
1413 890 1481 970 est;
1502 884 1557 952 sed

384 995 491 1062 etiam
514 993 712 1061 immediate
734 1013 775 1060 ax
799 989 941 1059 formali
963 990 1113 1073 ratione,
1139 989 1230 1080 quod
1253 989 1347 1057 Deus
1369 997 1423 1057 est
1447 990 1558 1080 ipsnm

383 1103 472 1170 Erec
495 1101 716 1184 absolutum,
741 1099 903 1167 absoluta
927 1098 1062 1168 veritas
1085 1104 1121 1166 et
1144 1097 1318 1187 sapientia
1340 1103 1375 1164 et
1404 1097 1558 1187 potentia

386 1210 643 1280 substantialis.

453 1319 500 1388 1⁰.
524 1319 649 1410 Itaque
672 1323 727 1385 est
748 1315 928 1389 evidenter
951 1315 1149 1399 absurdum,
1175 1313 1290 1404 ipsum
1313 1314 1402 1381 Eece
1424 1315 1558 1383 absolu-

384 1435 471 1510 tum,
491 1427 602 1515 ipsam
626 1424 810 1493 veritatem
826 1430 862 1492 et
877 1423 1083 1512 sapientiam
1100 1421 1157 1491 vel
1174 1421 1358 1512 cogitando
1382 1423 1558 1513 concipere

385 1535 574 1604 subiectam
599 1531 782 1624 quibusvis
802 1531 869 1599 loci
893 1545 929 1598 ct
952 1530 1060 1620 spatii
1076 1529 1319 1614 relationibus,
1339 1529 1392 1598 ita
1407 1535 1453 1597 ut
1467 1531 1560 1598 intre

385 1642 632 1710 determinatos
654 1640 785 1707 limites
808 1662 881 1707 csse
904 1637 1027 1728 possit,
1048 1638 1144 1706 ultra
1160 1661 1246 1728 quos
1260 1659 1328 1704 non
1344 1637 1395 1706 sit
1410 1637 1558 1728 amplius

385 1752 499 1840 ipsum
515 1751 614 1830 ane,
632 1749 709 1838 ipsa
725 1748 858 1818 veritas
881 1753 917 1815 et
933 1747 1104 1837 sapientia
1120 1753 1156 1816 et
1171 1747 1339 1836 potentia.
1363 1746 1449 1836 Ipsa
1464 1747 1556 1814 abso·

385 1859 465 1925 luta
488 1857 620 1926 veritas
644 1863 679 1923 et
703 1857 876 1946 sapientia
892 1863 930 1924 et
945 1856 1102 1946 potentia
1124 1855 1255 1938 activa,
1266 1854 1428 1923 abolute
1444 1854 1558 1922 virtus

385 1971 421 2033 et
444 1960 573 2056 ἐνεργεια
596 1987 635 2032 eo
658 1964 733 2054 ipso
750 1963 840 2054 quod
856 1969 921 2047 est,
941 1967 1101 2052 exempta
1115 1968 1169 2031 est
1192 1964 1235 2030 ab
1257 1962 1414 2043 omnibus
1430 1961 1557 2029 limita

385 2071 540 2140 tionibus
554 2071 736 2155 localibus,
755 2077 791 2139 at
803 2070 964 2159 nuspiam
980 2093 1054 2139 esse
1078 2075 1194 2160 potest
1216 2075 1257 2136 ut
1279 2068 1416 2160 aliquid
1439 2069 1557 2137 delini·

384 2185 460 2247 tum
476 2178 562 2264 loeo,
578 2179 675 2247 ultra
691 2201 791 2270 quem
806 2201 874 2245 non
891 2177 949 2264 sit;
969 2184 1006 2245 at
1024 2177 1150 2268 ubique
1163 2182 1219 2244 est
1234 2182 1275 2243 ut
1290 2198 1398 2265 supra
1413 2183 1449 2244 et
1464 2175 1558 2245 ultra

386 2308 517 2354 omnem
540 2287 665 2370 locum,
680 2287 777 2354 locus
793 2292 909 2388 eptem
927 2293 962 2353 et
979 2286 1130 2375 spatium
1146 2291 1182 2351 et
1198 2289 1362 2352 creatura
1380 2305 1557 2374 quaecum·

386 2417 464 2485 que,
483 2395 512 2460 si
537 2401 601 2478 est,
628 2394 665 2461 in
688 2394 765 2483 ipsa
788 2377 948 2461 absoluta
971 2392 1105 2462 virtute
1128 2399 1204 2474 est,
1231 2413 1293 2460 nee
1316 2389 1401 2459 baec
1425 2391 1553 2461 alicubi

385 2501 509 2570 absens
533 2500 668 2590 concipi
691 2507 818 2592 potest.

451 2608 543 2676 Hinc
569 2614 666 2697 patet
689 2612 724 2694 a)
743 2609 943 2694 ,absurdum
975 2609 1084 2678 fuiase
1117 2613 1154 2676 et
1180 2605 1412 2700 miserrimum
1443 2605 1555 2673 lusum

368 2715 669 2804 imaginationis,
695 2715 775 2784 dum
808 2723 943 2786 veteres
973 2714 1141 2784 haeretiei
1172 2712 1356 2796 nonnulli,
1383 2712 1553 2781 recentius

386 2845 467 2891 vero
491 2824 715 2912 Augustinus
739 2823 914 2892 Steuchns
937 2823 1159 2912 Eugubinus,
1174 2828 1209 2889 et
1224 2819 1455 2890 Calvinianus
1470 2819 1553 2888 Vor-

385 2929 476 2997 stius
490 2930 577 3016 (vid.
596 2931 718 3000 Petav.
737 2929 762 2998 l.
777 2930 845 2997 III.
865 2955 895 2999 c.
911 2931 961 3015 7.)
976 2929 1085 2997 Deum
1103 2952 1170 2995 non
1188 2927 1350 3010 essentia,
1369 2927 1429 2996 sed
1446 2926 1569 2995 solnm·

386 3037 542 3125 potentia
564 3044 600 3104 et
623 3039 820 3127 operatione
844 3038 971 3128 ubique
995 3059 1068 3105 esse
1092 3035 1270 3105 docebant.
1288 3034 1346 3101 An
1369 3033 1448 3124 ipsa
1467 3033 1551 3104 veri·

385 3151 462 3227 tas,
489 3143 566 3231 ipsa
589 3144 779 3233 sapientia,
806 3143 883 3234 ipsa
906 3144 1024 3213 virtue
1047 3143 1208 3211 absoluta
1231 3140 1346 3210 nescio
1362 3140 1454 3232 qnod
1470 3163 1550 3230 pun·

386 3256 479 3317 ctum
503 3249 782 3320 mathematicum
805 3251 851 3319 iis
874 3273 947 3320 esse
971 3251 1175 3336 videbatur,
1195 3273 1237 3319 ex
1254 3272 1320 3341 quo
1340 3250 1550 3338 operationes

385 3361 561 3446 tamquam
584 3358 676 3425 radii
698 3381 741 3428 ex
764 3359 834 3428 sole
849 3359 969 3448 egredi
985 3359 1166 3448 fingendae
1182 3357 1278 3426 sint?
1294 3355 1453 3424 Infertnr
1466 3357 1498 3442 b)
1509 3375 1548 3422 ex

386 3463 546 3530 doctrina
575 3463 731 3548 tradita,
765 3466 934 3534 virtutem
972 3449 1165 3533 absolutam
1196 3487 1264 3532 non
1293 3483 1390 3553 posse
1421 3460 1547 3548 concipi

387 3567 515 3635 alicubi
539 3575 758 3657 operantem,
784 3569 844 3636 ubi
867 3593 935 3638 non
958 3577 1012 3638 ast
1034 3571 1111 3661 ipsa
1134 3570 1210 3638 eius
1233 3567 1384 3638 essentia
1410 3575 1446 3634 et
1475 3567 1546 3634 snb·

385 3675 529 3744 stantia.
548 3676 622 3743 Hoe
645 3683 760 3744 autam
782 3677 958 3746 theorema
980 3678 1174 3746 necessario
1198 3676 1420 3769 consequitur
1442 3697 1483 3744 ex
1497 3696 1542 3757 eo,

386 3782 475 3874 quod
498 3789 673 3874 repugnat
695 3782 906 3854 intrinsecae
923 3793 1070 3854 naturae
1086 3785 1197 3870 illius,
1216 3785 1277 3878 qui
1291 3791 1347 3853 eat
1366 3783 1444 3872 ipsa
1458 3784 1543 3850 abeo·

331 3892 337 3902 '
384 3889 462 3960 luta
485 3893 601 3961 virtus
618 3943 625 3977 ,
644 3896 686 3960 ut
708 3891 840 3960 alicubi
863 3893 911 3960 sit
934 3895 1056 3961 absens
1090 3897 1195 3984 atque
1226 3892 1278 3959 ita
1306 3890 1483 3959 subiectus
1505 3885 1539 3954 li·

384 3999 624 4068 mitationibus
647 4000 715 4068 loei
738 4007 802 4067 aut
825 4000 950 4089 spatii,
986 4001 1070 4092 quin
1103 4022 1189 4089 opus
1225 3999 1273 4068 sit
1307 3997 1484 4089 appellare
1505 3991 1542 4061 nd

384 4105 475 4174 illud
497 4107 664 4191 effatum,
693 4107 783 4197 quod
808 4129 907 4196 saepe
930 4107 1095 4196 principii
1118 4105 1232 4175 instar
1258 4105 1416 4175 adhiberi
1440 4101 1539 4172 solet:

388 4241 405 4276 a
422 4233 490 4278 non
514 4211 618 4280 datur
641 4212 733 4280 actio
757 4213 794 4280 in
817 4213 964 4282 distans.
985 4240 1000 4274 n
1020 4213 1093 4281 Hoc
1116 4212 1208 4280 anim
1238 4211 1448 4301 principium
1474 4209 1540 4277 uni·

385 4319 513 4386 versim
537 4319 578 4386 de
601 4320 736 4388 actione
759 4320 977 4388 intellectum
1001 4321 1123 4389 saltem
1145 4341 1214 4387 non
1236 4325 1289 4387 est
1311 4317 1465 4398 evidens,
1478 4321 1541 4384 eta

383 4423 544 4513 pluribus
567 4426 737 4512 gravibus
760 4425 934 4515 theologia
968 4433 1118 4514 negatur
1142 4427 1197 4494 vel
1224 4425 1260 4492 in
1283 4424 1424 4492 dubium
1449 4443 1535 4490 voce·
