3262 5076
554 408 592 422 -
612 375 673 436 517
693 405 730 418 -

61 478 201 560 oratioe,
215 483 250 543 et
266 483 320 543 est
338 477 441 544 etiam
463 501 524 567 per
542 503 578 548 se
596 480 795 548 benefidum
813 481 999 544 ectrinsece
1019 484 1224 567 supernatu-

62 581 138 664 rale,
159 589 278 673 utpote
294 585 493 654 ordinatum
505 587 550 654 ad
566 588 819 655 assecutionem
833 586 914 654 finis
928 583 1222 676 supernaturalis.

62 688 143 756 Hinc
159 690 254 760 siout
266 692 379 782 quoad
392 693 532 762 adultos
544 694 701 782 intelligi
717 695 841 786 nequit
853 695 1012 760 volontas
1029 691 1226 758 antecedens

61 794 191 881 salutis,
206 799 292 888 quin
309 800 413 868 simul
429 801 480 868 sit
495 801 656 870 voluntas
669 803 866 890 gratiarum
880 808 916 869 et
928 801 1132 884 mediorum,
1151 799 1225 866 sine

60 903 177 992 quibus
194 905 291 996 salas
307 916 361 976 est
385 909 623 998 impossibilia
642 909 696 977 ita
711 910 870 977 voluntas
887 909 1082 974 antecedens
1098 908 1225 978 salutis

60 1012 162 1099 quoad
187 1013 341 1082 infantes
366 1016 520 1105 intelligi
546 1041 613 1086 non
640 1025 771 1108 potest,
798 1019 883 1109 quin
909 1018 957 1085 sit
981 1020 1156 1108 voluntas,
1184 1023 1225 1084 ut

59 1117 272 1206 applicentur
295 1122 346 1190 eis
376 1124 500 1192 merita
532 1123 667 1194 Christi
697 1149 759 1215 per
789 1126 1011 1214 baptismum.
1042 1125 1138 1212 Ergo
1171 1146 1223 1190 eo·

59 1223 126 1292 dem
148 1227 249 1295 modo
276 1229 472 1298 antecedens
498 1247 530 1300 et
554 1231 791 1300 conditionata
817 1240 872 1302 est
900 1233 1064 1300 voluntas
1094 1231 1223 1299 salutis

59 1333 199 1402 omnium
224 1336 432 1421 infantium,
461 1363 527 1430 quc
552 1339 747 1407 antecedens
772 1357 804 1407 et
828 1339 1065 1407 conditionata
1088 1345 1142 1406 est
1165 1359 1222 1405 vo-

58 1437 189 1524 luutas,
223 1449 265 1511 ut
287 1445 446 1513 omnibus
468 1447 665 1514 infantibus
688 1447 909 1536 applicentur
941 1446 1066 1514 merita
1088 1445 1222 1512 Christi

59 1569 111 1632 per
133 1549 356 1638 baptismum.

115 1655 217 1724 Certe
233 1659 327 1726 Deus
344 1661 611 1750 applicationem
628 1663 792 1752 baptismi
809 1662 921 1755 quoad
939 1685 1053 1730 omnes
1070 1662 1223 1730 infantes

58 1783 116 1826 non
141 1761 223 1832 vult
246 1766 431 1834 voluntate
455 1766 668 1834 antecedente
684 1771 841 1836 absolata
856 1778 893 1838 st
909 1767 1098 1836 secundum
1113 1774 1223 1835 totam

58 1869 315 1957 amplitudinem
329 1895 411 1942 suae
424 1876 705 1964 omnipotentiae,
721 1899 783 1945 nec
795 1877 975 1945 voluntate
992 1888 1223 1966 consequente,-

58 1979 135 2064 quod
162 1978 253 2046 enim
279 1981 331 2048 ita
355 1981 474 2067 vellet,
496 2013 512 2046 e
530 1983 586 2052 cui
605 1987 736 2053 veritas
761 1993 893 2068 cantat,
913 1985 1027 2051 omnia
1043 2005 1223 2074 quaecum·

58 2106 115 2172 que
140 2085 266 2171 voluit,
294 2087 408 2155 fecit»
427 2091 544 2179 (Aug.
562 2089 707 2158 Euchir.
728 2114 757 2159 a.
774 2090 892 2175 loa),
919 2090 955 2157 id
973 2087 1096 2179 procul
1119 2085 1224 2155 dubio

57 2190 163 2260 fieret:
189 2199 230 2260 at
244 2217 313 2262 non
328 2197 485 2265 omnibus
509 2199 707 2266 infantibus
724 2198 813 2267 hanc
829 2197 980 2288 gratiam
1004 2197 1132 2265 effectu
1148 2196 1222 2285 ipso

58 2302 209 2387 concedi,
243 2303 347 2370 nimis
376 2305 602 2374 manifestum
625 2315 701 2393 est;
734 2307 866 2398 hocque
898 2307 974 2395 ipso
998 2304 1221 2371 manifestum

57 2408 152 2476 etiam
169 2417 237 2494 est,
251 2399 318 2478 tali
339 2411 520 2482 voluntate
539 2415 697 2481 absolata
716 2415 790 2483 sive
804 2413 1030 2482 antecedente
1049 2412 1123 2478 sive
1144 2433 1221 2478 con·

58 2525 215 2608 sequente
238 2519 348 2586 Deum
373 2542 441 2587 non
470 2521 559 2590 velle
583 2522 732 2591 omnium
765 2521 956 2590 infantium
988 2519 1149 2586 salutem.
1184 2517 1222 2584 Si

58 2623 163 2713 igitur
177 2627 261 2696 vult
272 2626 544 2718 applicationem
569 2630 731 2719 baptismi
757 2655 819 2720 pro
842 2630 1002 2698 omnibus
1025 2625 1222 2694 infantibus

58 2731 156 2800 solnm
182 2736 249 2802 sub
272 2735 470 2805 conditione
493 2737 632 2828 aliqua,
662 2738 825 2827 praevisa
848 2735 1045 2805 verificatio
1068 2732 1125 2802 vel
1149 2731 1222 2798 fru-

58 2839 174 2909 stratio
198 2839 306 2909 huius
330 2841 443 2932 ipsius
460 2843 671 2913 conditionis
687 2845 757 2914 erit
773 2845 957 2927 terminus,
978 2865 1060 2932 prae
1080 2863 1146 2930 quo
1165 2861 1220 2906 vo-

57 2945 165 3016 luutas
181 2948 430 3039 applicationis
446 2951 611 3040 baptismi
627 2951 840 3020 discernitur
857 2952 892 3018 in
909 2949 1169 3018 antecedentem
1186 2955 1222 3014 et

57 3064 322 3147 consequentem.
341 3057 443 3125 Haec
467 3058 621 3126 conditio
638 3058 753 3150 qualis
778 3059 837 3140 sit,
865 3065 1019 3126 remanet
1043 3053 1220 3145 inquiren·

58 3159 140 3229 dum.
157 3163 237 3244 Qua
250 3163 387 3256 quidem
400 3165 437 3232 in
451 3167 653 3256 quaestione
668 3172 744 3235 tota
756 3165 887 3233 residet
902 3161 1105 3245 difficultas,
1118 3183 1217 3252 quam

59 3266 89 3332 in
109 3269 340 3358 intelligenda
356 3270 477 3339 divina
497 3270 678 3342 voluntate
702 3271 829 3340 salutis
854 3270 1004 3337 omnium
1028 3267 1218 3336 infantium

58 3373 205 3467 plerique
228 3378 472 3467 experiuntur.

127 3485 249 3566 Patet,
275 3483 505 3553 conditionem
529 3486 593 3552 sub
618 3507 686 3576 qua
717 3485 797 3552 vult
826 3485 921 3552 Deus
952 3482 1220 3572 applicationem

59 3588 213 3678 baptismi
236 3590 394 3658 omnibus
417 3591 624 3675 infantibus,
650 3613 719 3659 uon
741 3615 814 3659 esse
832 3613 894 3660 nec
910 3613 984 3658 esse
1007 3611 1105 3678 posse
1129 3589 1222 3655 sicut

59 3697 90 3763 in
111 3699 242 3767 adultis
266 3699 539 3788 cooperationem
562 3701 753 3768 infantium
779 3703 932 3788 ipsorum
958 3721 1035 3766 cum
1052 3697 1170 3784 gratia
1186 3703 1221 3761 et

60 3805 114 3871 sub
136 3807 274 3895 gratia;
301 3807 359 3876 sed
384 3807 536 3876 conditio
553 3807 751 3876 continetur
767 3807 803 3874 iu
821 3805 1017 3875 actionibus
1035 3823 1219 3870 causarum

60 3911 296 3995 coactarum,
322 3934 411 4003 quae
433 3913 478 3981 ad
501 3911 769 4002 applicationem
794 3911 958 4000 baptismi
989 3908 1221 3999 requiruntur

62 4015 108 4082 vel
129 4039 201 4085 eam
226 4017 432 4106 impediunt.
450 4019 524 4086 Hae
541 4027 655 4086 autem
680 4019 833 4087 actiones
849 4023 932 4085 suut
948 4014 1097 4104 primum
1122 4011 1217 4094 illae,

62 4143 137 4209 quae
159 4123 357 4192 immediate
382 4123 438 4193 vel
463 4123 612 4192 mediate
636 4124 786 4214 pendent
802 4144 823 4189 a
839 4122 958 4186 liberis
983 4118 1219 4186 voluntatibus

64 4227 197 4297 otiorum
220 4233 408 4312 hominnm
424 4231 546 4299 deinde
563 4231 631 4298 huc
647 4233 825 4320 pertinent
838 4230 997 4312 effectus,
1016 4228 1077 4318 qui
1101 4249 1220 4295 secun·

64 4332 132 4402 dum
154 4344 368 4427 praesentem
383 4336 539 4406 ordinem
556 4361 615 4427 per
632 4343 810 4427 peccatum
827 4334 1001 4424 originale
1025 4334 1218 4415 inductum,

65 4449 93 4504 et
107 4465 124 4506 a
139 4443 207 4510 Deo
224 4444 267 4513 ad
283 4443 372 4512 alios
388 4444 475 4510 fines
499 4444 775 4533 sapientissimos
792 4443 1033 4526 coustitutum,
1053 4465 1094 4508 ex
1112 4441 1222 4505 cavtn'e
