3360 5060
633 354 670 370 ..
691 322 751 386 675
774 357 811 370 -

126 426 173 494 ad
188 426 438 516 poenitentiam
454 426 629 495 adducens
643 428 693 496 ΙΙ.
703 429 812 515 4-5.),
822 452 863 500 ao
877 432 1015 500 tandem
1029 429 1213 499 voluntate
1228 452 1306 499 con·

127 541 293 626 sequente
319 535 434 604 voluit
449 535 487 602 in
503 535 554 604 eis
571 536 751 606 ostendere
768 538 856 605 iram
873 545 909 606 et
924 545 1039 606 notam
1058 539 1173 606 faeere
1189 543 1307 628 poten·

127 642 215 710 tiam
233 665 330 710 suam
348 643 414 710 IX.
435 643 549 710 14-29.
568 643 622 710 Ex
640 643 696 711 his
713 644 781 712 iarn
798 651 945 735 apparet
962 646 1195 730 verissimum,
1215 645 1305 736 quod

124 750 380 819 animadvertit
403 750 439 818 S.
459 750 729 839 Chrysostomus
752 753 865 839 (Rom.
882 753 945 820 IX.
960 753 1050 822 hom.
1066 753 1163 822 XVI.
1183 777 1218 821 n.
1239 755 1302 841 5.),

124 879 147 922 a
170 857 281 924 Paulo
317 858 354 954 in
389 863 463 926 toto
498 857 611 947 capite
636 859 852 928 voluntatem
876 861 942 928 Dei
975 861 1233 930 antecedentem
1264 867 1306 930 ut

125 987 243 1032 omnes
266 963 360 1034 salvi
383 964 482 1060 fiant,
508 965 657 1056 supponi
680 967 798 1052 etiam,
824 968 886 1035 ubi
909 967 1007 1036 illam
1034 989 1101 1036 non
1125 967 1302 1058 exprimit.

123 1071 210 1138 Alia
232 1072 324 1140 enim
347 1079 402 1142 est
426 1073 570 1156 veritas,
599 1074 690 1166 quod
713 1075 808 1142 Deus
831 1097 928 1142 suam
953 1077 1105 1164 gratiam
1129 1074 1221 1143 nulli
1244 1075 1304 1142 ho·

123 1179 257 1248 minum
281 1180 393 1266 debet,
420 1182 522 1250 etad
546 1181 644 1248 illam
668 1204 778 1274 neque
802 1205 844 1250 ex
868 1204 994 1271 genere
1026 1183 1161 1252 carnali
1192 1205 1303 1274 neque

123 1309 166 1354 ex
191 1285 354 1354 humanis
389 1287 550 1377 operibus
580 1289 796 1374 inseritur,
823 1311 922 1380 quam
948 1288 1135 1360 veritatem
1171 1289 1303 1358 Paulus

124 1393 227 1462 docet
250 1397 287 1462 in
310 1394 420 1483 priori
439 1401 539 1484 parte
556 1395 684 1486 capitis
699 1395 764 1482 IX;
783 1403 818 1464 et
833 1395 905 1464 alia
920 1401 975 1464 est
991 1396 1161 1488 quaestio,
1182 1402 1302 1465 utrum

122 1501 219 1568 Deus
242 1523 341 1570 suam
363 1503 515 1591 gratiam
540 1503 730 1572 indebitam
754 1504 912 1572 omnibus
926 1505 1053 1573 offerat
1068 1509 1104 1572 et
1119 1503 1301 1574 voluntate

121 1608 349 1678 antecedente
373 1611 463 1680 velit
484 1633 559 1680 eam
584 1612 741 1680 omuibus
765 1612 859 1680 dare.

191 1715 236 1784 3⁰.
257 1716 378 1800 Quoad
402 1719 466 1788 hoc
488 1719 639 1788 alterum
662 1720 853 1809 Apostolus
876 1725 955 1810 post
978 1718 1190 1788 declaratam
1220 1739 1299 1808 gra-

121 1823 289 1890 tuitatem
313 1825 450 1913 gratiae
474 1826 614 1916 quaerit
630 1846 768 1894 causam
787 1841 943 1913 corporee
959 1826 1141 1908 lominum,
1158 1848 1221 1894 cur
1236 1825 1300 1894 alii
1331 1821 1336 1830 ’

121 1931 219 2022 iique
244 1930 430 1999 secundum
455 1952 592 1999 carnem
617 1929 684 1998 filii
707 1930 1002 2020 patriarcharum,
1028 1931 1163 2021 repulsi
1186 1931 1299 2000 sinte

122 2060 230 2106 censu
254 2035 356 2106 electi
379 2038 498 2129 populi
520 2039 598 2124 Dei,
624 2046 659 2107 et
682 2063 702 2106 a
726 2038 823 2106 bonis
847 2037 879 2106 ei
902 2039 1101 2128 promissis;
1127 2038 1192 2106 alii
1216 2060 1300 2108 vero

121 2147 219 2236 iique
244 2145 425 2214 maximam
449 2152 582 2236 partem
607 2147 757 2237 gentiles
787 2146 945 2236 adoptati
969 2146 1102 2215 sintin
1134 2147 1299 2237 populum

121 2253 202 2336 Dei,
221 2259 257 2322 et
279 2254 323 2322 ad
346 2276 387 2322 sa
410 2255 591 2344 promissa,
618 2255 822 2323 nominatim
845 2255 890 2322 ad
914 2252 1196 2322 iustificationem
1220 2275 1297 2344 per·

122 2362 297 2430 venerint.
324 2360 471 2430 Causam
493 2363 546 2432 ait
567 2386 654 2448 esse,
680 2364 763 2454 quia
786 2369 908 2454 gentes
925 2361 1229 2452 apprehenderunt
1245 2362 1296 2430 iu-

119 2469 256 2537 stitiam
280 2493 368 2560 qaae
382 2494 423 2536 ecc
432 2469 503 2560 fide
519 2485 579 2552 est,
597 2471 720 2540 Iudaei
737 2494 817 2540 vero
839 2469 1028 2538 noluerunt
1043 2469 1145 2536 fidem
1161 2468 1296 2538 Christi

120 2576 298 2666 amplecti,
324 2585 360 2646 et
383 2579 433 2646 sio
457 2585 629 2647 sectantes
653 2579 828 2646 iustitiam
853 2580 956 2668 quasi
980 2600 1022 2642 eo
1054 2577 1211 2665 operibus
1234 2575 1295 2664 (le-

120 2684 194 2773 gis)
217 2683 430 2770 offenderant
454 2688 491 2750 in
516 2683 665 2774 lapidem
689 2685 887 2772 offensionis
909 2684 974 2752 IX.
994 2683 1106 2750 30-x.
1126 2681 1180 2751 13.

189 2793 235 2860 4⁰.
254 2792 345 2861 Hine
362 2792 475 2884 oritur
491 2793 617 2861 ultima
641 2793 811 2886 quaestio,
839 2799 957 2862 utrum
980 2791 1094 2876 fidem,
1114 2811 1295 2882 perquam

118 2907 175 2970 est
197 2901 338 2990 adoptio
362 2901 406 2969 ad
428 2901 594 2991 populum
617 2901 694 2988 Dei,
720 2908 758 2971 et
780 2906 877 2992 patet
900 2901 960 2968 via
981 2901 1027 2970 ad
1058 2897 1232 2967 iustitiam
1255 2919 1296 2968 ae

119 3009 210 3076 bona
233 3008 402 3097 promissa
424 3009 508 3076 novi
533 3008 761 3092 Testamenti,
787 3007 881 3075 Deus
904 3030 946 3076 ex
971 3013 1070 3096 parte
1093 3028 1157 3073 sua
1189 3005 1295 3074 omni-

119 3117 186 3184 bus
209 3122 246 3183 et
268 3116 472 3183 nominatim
495 3116 601 3184 etiam
624 3116 766 3184 Iudaeis
789 3114 988 3184 obtulerit?
1011 3114 1079 3183 Hic
1094 3135 1177 3201 ergo
1193 3133 1294 3204 quae·

119 3222 216 3290 ritur
238 3221 280 3290 de
304 3221 486 3291 voluntate
509 3222 574 3291 Dei
608 3223 860 3306 antecedente,
886 3227 923 3290 et
945 3221 1076 3290 Paulus
1111 3219 1296 3310 respondet

117 3329 322 3398 affirmando
346 3330 421 3400 eius
444 3329 747 3399 universalitatem
770 3337 845 3398 tum
869 3328 1063 3418 generatim
1087 3335 1134 3416 (a
1153 3327 1294 3397 sednon

118 3461 236 3506 omnes
259 3437 424 3508 obediunt
445 3437 670 3526 evangelio...
689 3436 748 3506 sed
772 3437 868 3521 dico,
894 3436 1061 3527 numquid
1086 3458 1153 3504 non
1176 3435 1293 3506 audie-

118 3543 229 3614 runt?
241 3549 277 3612 et
293 3545 429 3636 quidem
446 3545 484 3613 in
500 3567 632 3614 omnem
647 3551 777 3613 terram
793 3543 905 3612 exivit
921 3566 1026 3612 sonus
1041 3565 1158 3612 eorum
1168 3571 1183 3605 n
1194 3545 1291 3630 etc),

118 3661 193 3721 tum
219 3652 398 3742 speciatim
422 3653 534 3744 quoad
557 3653 727 3736 ludaeos,
754 3651 795 3720 de
826 3651 953 3742 quibus
978 3651 1195 3742 potissimum
1217 3659 1295 3722 erat

118 3782 241 3828 sermo.
263 3787 279 3823 a
298 3759 366 3828 Sed
390 3759 467 3828 dico
491 3760 660 3852 numquid
685 3759 796 3828 Israel
820 3781 887 3828 non
904 3757 1135 3848 cognovitl...
1156 3757 1232 3847 Ego
1248 3757 1293 3828 ad

117 3867 383 3936 aemulationem
409 3889 470 3936 vos
494 3867 661 3936 adducam
686 3867 724 3935 in
747 3889 817 3934 non
847 3873 984 3954 gentem
1017 3866 1224 3954 (provocabo
1247 3865 1291 3934 ad

118 3977 221 4045 fidem
244 3997 304 4064 per
328 3975 429 4044 fidem
452 3997 582 4060 eorum,
609 3977 670 4066 qui
693 3997 760 4042 non
784 3980 886 4043 erant
901 3971 1051 4062 populus
1066 3973 1219 4055 meus)...
1234 3971 1291 4042 Ad

119 4084 231 4154 Israel
253 4091 368 4153 autern
393 4083 493 4154 dicit:
518 4091 593 4154 tota
616 4084 672 4153 die
695 4079 844 4174 expandi
868 4103 990 4150 manus
1014 4101 1105 4149 meas
1122 4083 1166 4150 ad
1186 4105 1290 4173 popu-

118 4191 191 4262 lum
216 4214 284 4259 non
307 4193 501 4262 credentem
524 4199 560 4260 et
583 4190 904 4260 contradicentem»
922 4188 968 4256 X.
989 4187 1109 4256 14-21.

187 4299 227 4370 Si
250 4305 381 4390 agatur
403 4300 445 4370 de
474 4299 600 4390 populo
624 4299 660 4368 in
685 4295 879 4367 communi:
908 4295 1033 4366 «Deus
1055 4317 1124 4364 non
1158 4296 1291 4387 repulit
1412 4390 1414 4396 ¹

120 4407 251 4499 plebem
276 4427 399 4495 suam5
422 4433 439 4470 n
465 4406 569 4476 multi
603 4405 693 4474 enim
723 4403 879 4473 fidelium
907 4407 944 4471 et
965 4402 1127 4494 Apostoli
1156 4403 1224 4494 ipsi
1246 4425 1289 4473 ex
1346 4431 1349 4440 ·
