3230 5072
524 385 562 399 -
584 354 643 414 433
665 387 702 400 -

33 453 152 524 divina
174 454 351 526 decretum
375 461 458 526 actu
481 459 679 528 conferendi
704 461 882 550 gratiam),
909 461 998 554 quod
1022 461 1198 548 voluntas,

33 565 60 632 si
82 565 329 634 concederetur
353 565 438 634 talis
461 566 592 658 gratia,
616 567 725 639 libere
748 591 784 638 se
802 571 1050 640 determinaret
1071 593 1132 659 per
1149 570 1200 638 vi·

33 693 84 740 res
99 673 241 761 gratiae
255 673 300 740 ed
315 695 530 761 consensum
550 681 592 743 ut
608 685 723 744 antam
739 677 803 746 hoc
820 677 938 768 potius
953 678 1065 746 fuerit
1081 701 1201 747 varum

30 781 69 846 eh
91 787 235 848 aeterno
258 803 361 873 quam
384 783 601 870 oppositum,
627 787 739 852 estex
756 783 834 873 ipsa
856 783 967 853 libera
991 783 1201 853 determina·

31 885 121 954 tione
147 893 285 956 creatae
308 887 517 956 voluntatis.

91 993 353 1085 intelligendus
370 1018 453 1086 ergo
469 1003 524 1065 est
539 995 596 1066 hio
613 997 708 1065 ordo.
727 1002 763 1086 a)
783 998 915 1066 Veritas
927 997 1201 1088 possibilitatis:

30 1101 149 1170 uitali
173 1109 353 1171 creaturae
382 1102 513 1172 liberae
536 1105 781 1173 concederetur
812 1105 895 1174 talis
918 1106 1037 1195 gratia
1061 1127 1202 1194 praeve·

29 1208 145 1294 niens,
172 1209 237 1277 illa
258 1208 376 1300 posset
398 1233 434 1279 se
457 1211 687 1282 determinare
718 1213 854 1282 viribus
884 1214 1021 1303 gratiae
1050 1212 1202 1302 acceptis

30 1316 70 1384 ad
93 1325 215 1386 actum
246 1318 371 1386 bonum
399 1317 591 1410 multiplici
621 1320 719 1388 modo
749 1327 785 1388 ct
808 1322 922 1410 gradu
945 1325 1078 1411 (neque
1107 1320 1200 1388 enim

30 1445 216 1494 consensus
239 1427 519 1514 supernaturalis
542 1425 698 1515 intelligi
721 1431 835 1517 potest
851 1426 1027 1516 possibilis
1042 1427 1112 1494 uisi
1136 1426 1200 1495 sub

30 1528 218 1620 hypothesi
241 1533 380 1622 gratiae
402 1533 663 1618 concedendae),
689 1538 726 1600 et
749 1538 865 1623 posset
889 1533 1026 1602 viribus
1043 1532 1117 1600 suis
1140 1553 1199 1600 ua-

30 1639 203 1708 turalihne
232 1640 397 1710 resistere
426 1642 563 1731 gratiae
586 1647 623 1710 et
644 1664 786 1732 peccare
817 1641 1006 1732 multiplici
1038 1640 1134 1709 modo
1165 1646 1201 1710 et

31 1745 162 1832 gradu:
186 1749 332 1814 scientia
355 1749 479 1830 inDeo
495 1749 663 1838 simplicis
688 1749 944 1838 inteltipenriae
966 1749 1116 1816 omnium
1141 1747 1199 1816 ho·

31 1871 103 1918 rum
126 1851 358 1941 possibilium.
381 1853 414 1938 h)
428 1853 569 1920 Veritus
587 1853 687 1942 fecti
703 1853 933 1942 hypothetici:
952 1851 1016 1920 illa
1037 1857 1199 1922 creatura

32 1955 117 2026 iuter
142 1981 258 2028 omnes
279 1964 403 2044 actus,
437 1959 481 2028 ad
504 1983 590 2053 quos
613 1981 649 2028 se
679 1965 794 2050 potest
823 1959 1071 2041 determinare,
1106 1958 1198 2028 hunc

33 2075 142 2136 actum
167 2069 293 2137 bonnm
316 2066 453 2136 viribus
476 2067 561 2136 talis
584 2068 733 2157 gratiae,
752 2067 782 2134 si
798 2089 839 2136 ea
856 2067 1012 2151 daretur,
1037 2066 1196 2155 eligeret=

32 2178 171 2244 scientia
200 2181 238 2243 in
271 2177 339 2244 Deo
369 2177 482 2244 media
511 2177 677 2246 veritatis
708 2177 815 2245 huius
843 2177 930 2246 facti
961 2176 1194 2266 hypothetici.

34 2287 59 2368 c)
76 2285 241 2352 Voluntas
267 2286 303 2350 in
328 2285 397 2352 Deo
423 2307 484 2354 seu
508 2285 684 2354 decretum
708 2307 745 2354 re
768 2284 846 2374 ipsa
869 2284 1066 2355 conserendi
1091 2284 1195 2354 talem

33 2393 200 2478 gratiam,
230 2413 317 2484 qnae
340 2397 395 2460 est
416 2392 644 2482 praeveniens
667 2413 729 2482 pro
752 2400 834 2460 actu
857 2391 986 2481 primo,
1019 2397 1056 2460 et
1078 2391 1196 2481 gratio

34 2496 199 2566 adiuvans
221 2521 284 2589 pro
307 2502 390 2567 actu
414 2499 582 2582 secundo,
608 2498 690 2568 dum
714 2498 888 2590 perhanc
911 2498 1064 2588 gratiam
1088 2506 1123 2567 et
1146 2499 1194 2568 vi·

34 2602 122 2674 ribus
150 2605 257 2674 huius
280 2606 417 2696 gratiae
445 2613 609 2675 creatura
630 2627 666 2675 se
689 2605 899 2674 determinat
927 2605 971 2674 ad
999 2614 1114 2674 actum
1139 2607 1193 2674 bo·

34 2731 118 2781 num.
143 2711 181 2802 d)
206 2712 340 2780 Veritas
358 2713 457 2802 sacri
479 2713 648 2780 absoluti:
673 2713 745 2782 ista
767 2703 931 2782 creatura
957 2711 1050 2781 inter
1081 2735 1196 2782 omnes
1262 2775 1270 2794 ,

35 2824 126 2888 actus
150 2819 334 2911 possibiles
352 2843 388 2889 se
403 2819 650 2890 determinabit
667 2844 727 2910 per
743 2819 849 2889 talem
865 2819 1019 2910 gratiam
1042 2819 1085 2888 ad
1104 2818 1196 2890 hunc

34 2933 139 2995 actum
162 2929 306 2998 honum:
331 2931 476 2996 scientia
494 2930 531 3004 in
547 2928 617 2994 Deo
634 2930 779 2995 visionis
795 2927 902 2996 huius
925 2927 1014 2996 lacti
1038 2927 1195 2998 absolute

35 3031 152 3104 icturi.

88 3142 301 3213 Praedefinit
323 3143 441 3235 itaque
456 3143 550 3213 Deus
565 3165 681 3212 omnes
697 3147 798 3213 actus
820 3142 949 3212 liberos
972 3143 1077 3211 bonos
1100 3164 1193 3212 crea·

35 3254 182 3320 turarum
205 3250 411 3342 praesertim
435 3251 718 3341 supernaturales
741 3251 807 3320 hoc
830 3274 945 3336 seusu,
970 3251 1061 3344 quod
1083 3256 1118 3338 a)
1136 3274 1192 3320 vo·

36 3351 158 3426 lunate
181 3357 407 3428 antecedente
431 3357 510 3426 vult
532 3357 595 3426 hos
618 3372 719 3428 actus
742 3357 839 3441 lieri,
865 3359 897 3426 si
921 3363 1100 3428 creaturae
1131 3381 1192 3449 pro

36 3484 88 3532 sua
108 3466 272 3535 libertate
295 3489 363 3533 uon
386 3465 566 3553 resistant;
592 3465 682 3558 qnod
707 3465 740 3550 h)
756 3489 798 3534 ar
822 3464 888 3534 hac
911 3466 1093 3536 voluntate
1116 3490 1193 3536 cou-

37 3568 95 3639 lert
115 3572 261 3657 auxilia,
286 3573 352 3640 sub
375 3573 500 3664 quihus
524 3573 704 3662 cognoscit
720 3574 806 3655 fore,
826 3579 866 3640 ut
881 3579 1062 3642 creaturae
1084 3573 1193 3645 libere

37 3681 252 3750 musantiant.
277 3680 351 3750 Hoc
373 3687 488 3748 autem
519 3703 587 3748 non
612 3687 666 3750 est
695 3679 965 3770 intelligendum
995 3679 1065 3763 ita,
1091 3681 1192 3768 quasi

37 3781 115 3855 Deus
137 3788 219 3856 illas
235 3787 390 3878 ¹gratias,
411 3809 497 3880 quas
520 3787 704 3878 praevidet
725 3787 837 3856 libera
857 3787 963 3877 culpa
978 3785 1127 3854 hominis
1142 3788 1191 3856 ef·

38 3890 117 3965 lectu
139 3895 376 3980 fraemundus,
395 3903 533 3986 atquae
556 3895 633 3964 ideo
658 3903 830 3964 vocantur
853 3894 1063 3964 sufficientes
1079 3893 1116 3960 in
1133 3916 1190 3985 op·

39 4003 191 4086 positione
212 4003 256 4072 ad
279 4002 445 4086 efficaces,
463 4025 531 4070 non
554 4001 661 4070 etiam
685 4004 887 4072 concederet
910 4025 951 4071 ex
973 4001 1190 4072 antecedenti

40 4111 213 4195 voluntate,
239 4119 280 4180 ut
302 4111 402 4180 homo
425 4111 471 4179 iis
496 4111 579 4180 bene
601 4115 725 4180 utatur
749 4119 785 4182 et
807 4113 853 4181 iis
875 4110 1081 4190 consentiat.
1105 4110 1189 4180 Lar·

42 4217 119 4302 gitur
140 4221 235 4290 Deus
257 4220 362 4289 etiam
385 4219 521 4310 gratias
544 4243 611 4288 non
636 4221 778 4289 futuras
802 4220 837 4288 in
861 4229 942 4288 actu
967 4219 1116 4289 secundo
1140 4220 1189 4289 ef·

41 4321 141 4396 ficaces
157 4349 198 4396 ex
215 4327 398 4396 voluntate
421 4327 643 4396 antecedente
667 4327 747 4395 boui
771 4328 897 4418 operis,
916 4327 975 4396 sed
992 4349 1068 4395 curn
1091 4348 1187 4418 prae·

42 4429 153 4504 risione
176 4435 396 4505 resistentiae
419 4435 579 4504 hominis:
597 4441 702 4528 atque
718 4435 794 4505 ideo
818 4435 981 4504 voluntas
1004 4435 1069 4502 illa
1092 4439 1187 4504 ante·

160 4562 317 4615 frontalia
1009 4560 1044 4614 28
