3230 5072
64 497 135 566 ectu
146 501 416 587 cognoscuntur,
426 517 489 564 neo
500 388 899 564 ullamssi‘nvsubstenticli
910 489 976 560 illa
987 490 1225 560 intellectione

64 602 229 672 inducunt
236 602 480 694 perfectionem
491 600 550 670 vel
561 599 877 670 mutationemEst
888 599 1006 668 eedem
1017 597 1222 683 intellectio,

63 731 122 801 que
142 711 237 780 Deus
252 709 514 802 comprehendit
537 732 574 778 so
589 709 703 799 ipsum
719 713 887 800 suamque
902 705 1101 791 essentiam,
1119 705 1225 774 mmnl

62 815 245 886 intellectio
259 816 409 885 omnium
428 815 504 885 sine
520 815 595 884 ulla
618 815 655 884 in
670 815 909 884 intellectione
923 813 1001 904 ipsa
1015 812 1226 903 multiplice-

60 921 147 992 tione
169 927 233 991 eut
254 923 480 993 distinctione
503 921 571 1010 (th.
588 919 826 1007 XXXVHI.).

120 1031 289 1112 Quemvis
312 1053 396 1100 vero
417 1029 610 1100 intellectio
633 1028 757 1098 divine
786 1028 824 1096 iu
855 1050 891 1097 se
918 1027 971 1097 ite
997 1025 1145 1117 simplex
1176 1026 1226 1096 sit

62 1135 147 1204 citra
161 1157 292 1205 omnem
306 1141 450 1206 actuum
462 1135 520 1206 vel
532 1137 722 1205 formarum
734 1134 1076 1224 multiplicationem,
1091 1133 1226 1202 obiecta

61 1247 169 1311 umen
179 1242 371 1336 horumque
382 1243 427 1312 ad
435 1243 546 1334 ipsam
559 1242 784 1313 habitudines
794 1265 863 1311 non
875 1242 980 1313 unius
991 1241 1049 1312 sed
1064 1240 1226 1310 diversae

62 1357 138 1420 suut
160 1351 322 1422 rationis.
341 1352 458 1436 Quare
480 1352 513 1420 si
535 1351 717 1420 scientiam
748 1351 1007 1421 consideramus
1037 1349 1226 1420 secundum

61 1457 231 1544 terminos,
258 1481 345 1551 quos
367 1463 533 1528 connotat
554 1465 592 1527 et
615 1457 732 1550 quisi
754 1459 916 1542 subsunt,
940 1479 1009 1525 non
1037 1455 1149 1525 solnm
1171 1459 1227 1524 est

62 1564 319 1634 fundamentum
334 1564 395 1634 sed
410 1564 516 1634 etiem
530 1565 719 1634 necessitas
735 1563 773 1632 in
788 1584 859 1632 una
878 1563 1064 1655 eademque
1079 1561 1227 1631 scientie

62 1674 185 1742 nostris
210 1671 455 1766 inadeeqcetis
478 1673 701 1764 conceptibus
731 1672 850 1764 plures
882 1671 1037 1742 rationes
1066 1671 1226 1742 diversas

62 1777 309 1872 distinguendi.

121 1885 264 1956 Obieote
286 1907 370 1955 vero
392 1886 560 1956 scientiae
583 1886 725 1956 divinae
740 1884 912 1956 distribui
926 1891 1074 1976 possunt
1093 1885 1157 1970 ite,
1184 1891 1226 1954 ut

64 1991 93 2058 1⁶
106 1993 251 2064 scientie
268 1993 536 2084 comprehendat
551 1994 609 2064 vel
625 1994 782 2064 actuales
797 1994 1016 2079 existentias,
1036 1993 1093 2064 vel
1109 2015 1227 2062 rerum

63 2099 223 2169 mucias
246 2100 434 2170 merendum
457 2122 586 2171 meram
617 2100 897 2192 possibilitatem.
915 2099 1018 2170 Prior
1047 2100 1227 2189 desumpto

64 2207 189 2278 nomine
211 2227 234 2276 a
256 2208 454 2298 cognitione
476 2213 600 2278 nostre
621 2209 755 2294 sensili,
774 2229 843 2300 que
865 2231 934 2278 non
957 2207 1028 2278 nisi
1049 2212 1132 2278 actu
1154 2207 1226 2276 exi·

64 2315 183 2385 euntia
199 2315 313 2386 videri
336 2323 492 2409 possunt,
510 2316 607 2387 diota
627 2321 683 2386 est
704 2320 851 2386 scientie
863 2320 1009 2386 cisionis
1031 2316 1095 2405 (1);
1113 2315 1228 2386 altere

64 2419 102 2490 ed
122 2421 381 2493 distinctionem
402 2445 425 2492 e
447 2422 559 2514 priori
581 2446 705 2494 nomen
727 2422 878 2494 retinuit
899 2423 1069 2514 simplicis
1094 2423 1227 2490 intelli-

65 2533 192 2616 σικύα
214 2531 278 2619 (2)-

121 2637 228 2708 Porro
258 2657 346 2730 quae
375 2643 458 2708 ecto
481 2659 668 2730 numquam
697 2635 871 2723 existunt,
897 2637 956 2707 vel
986 2657 1075 2729 quoe
1101 2635 1226 2704 saltem

65 2750 258 2831 spectantur
279 2743 318 2812 iu
341 2744 442 2835 signo
465 2744 576 2836 priori
597 2745 643 2815 ad
665 2745 838 2816 actualem
860 2744 1096 2830 existentiam,
1114 2742 1226 2814 oonsi-

65 2848 169 2920 derari
181 2851 312 2920 iterum
326 2855 474 2941 possunt
495 2851 683 2922 secundum
700 2851 874 2941 duplicem
897 2851 1079 2937 rationem,
1105 2872 1225 2920 secun-

66 2955 136 3027 dum
157 2958 357 3044 essentiam,
374 2959 529 3051 inquam,
544 2959 581 3026 in
604 2965 703 3029 statu
717 2981 830 3030 morae
845 2959 1104 3050 possibilitatis,
1122 2963 1228 3049 prout

66 3073 139 3134 sunt
151 3066 324 3136 obiectum
341 3065 509 3157 simplicis
525 3065 802 3158 intelligentiae,
819 3073 857 3138 et
871 3067 1059 3136 secundum
1075 3065 1226 3136 existen-

66 3171 153 3258 tiam,
162 3195 265 3266 quem
274 3195 342 3242 non
353 3171 483 3243 habent
490 3173 660 3260 obsolute,
671 3175 963 3282 haberenttamen
972 3173 1225 3258 infallibiliter,

122 3395 164 3470 (1)
182 3398 323 3454 euidens
339 3401 464 3455 scientio
481 3402 606 3458 visionis
619 3405 650 3458 in
663 3405 722 3458 Deo
740 3401 777 3457 ed
796 3402 1019 3458 similitudinem
1032 3403 1114 3458 risus
1131 3416 1227 3470 corpo·

68 3491 139 3557 olis,
159 3493 209 3560 qui
223 3507 270 3548 ros
289 3495 375 3548 extra
384 3509 415 3548 se
427 3494 538 3560 positae
549 3496 683 3550 intuetur
698 3515 710 3544 e
725 3493 754 3550 Β.
766 3497 819 3550 rh.
833 3495 866 3550 de
880 3497 967 3550 verit.
983 3512 1012 3563 q.
1025 3497 1052 3550 s.
1067 3509 1095 3548 e.
1107 3494 1134 3546 9.
1146 3492 1183 3547 ed
1198 3495 1226 3546 2.

68 3580 106 3636 cr.
117 3585 141 3636 1.
151 3601 179 3652 q.
191 3585 235 3636 14.
248 3600 275 3638 a.
286 3585 312 3638 9.
330 3583 467 3638 doncedit
478 3600 546 3638 vero
564 3584 720 3652 Angelicus
738 3587 781 3639 ibi
795 3585 831 3639 ed
849 3587 866 3639 8
880 3605 885 3638 :
903 3607 916 3634 e
928 3587 1004 3642 nihil
1018 3586 1153 3654 prohibet
1170 3585 1227 3637 eli·

69 3671 169 3736 qnando
188 3688 297 3726 omnem
318 3671 468 3726 scientiam
487 3671 614 3726 divinem
634 3673 774 3727 visionem
793 3674 861 3742 dici,
876 3675 1032 3743 aliquando
1050 3690 1118 3729 vero
1137 3675 1226 3726 solem

68 3759 148 3829 illem,
168 3777 240 3830 quae
259 3766 304 3814 cst
321 3763 526 3830 praesentium,
546 3755 779 3832 proeteritorum,
799 3767 829 3817 et
847 3763 1007 3819 futurorum
1025 3785 1038 3812 s
1053 3763 1099 3837 (ir.
1113 3779 1138 3817 o.
1160 3768 1226 3817 ectu

69 3849 268 3923 adeuntium).
282 3851 327 3906 (ii.
342 3867 429 3920 supra
447 3853 490 3906 tir.
502 3853 634 3908 xxm.
643 3853 750 3907 doroll.
763 3858 789 3907 2.

125 3938 163 4013 (i)
180 3944 227 3996 Ite
244 3944 278 3996 ii.
291 3959 330 3996 co.
345 3942 505 3998 &linones
518 3947 548 3998 et
561 3947 700 4011 postcom
714 3947 853 4000 communi
862 3959 915 3999 usu
929 3945 1066 4010 theologi5
1079 3945 1225 4010 entiquio·

71 4041 190 4098 renero,
205 4031 287 4100 Rogo
301 4031 477 4100 Victorinus,
489 4033 636 4100 Magister,
652 4035 814 4090 Alexander
826 4035 904 4102 Hel„
919 4035 1055 4090 tibertus
1069 4037 1107 4090 Ι.
1121 4039 1152 4088 et
1163 4036 1226 4104 ipss

70 4115 217 4176 &ihomas
236 4121 270 4176 dc
289 4124 376 4176 verit.
391 4139 420 4192 q.
435 4123 461 4176 7.
473 4139 499 4176 a.
511 4119 785 4194 &conpiscentiam
802 4125 936 4190 simplicis
953 4123 1076 4176 notitiae
1087 4140 1145 4177 non
1158 4139 1226 4192 praa

73 4205 176 4261 nimie
192 4211 313 4263 vidonis
330 4211 393 4264 sire
413 4211 635 4268 existentiarum
655 4213 860 4279 distinguunt,
882 4213 932 4266 sod
951 4218 1107 4268 utmorem
1129 4215 1226 4279 cogni·

74 4293 165 4350 tionem
182 4303 330 4368 opponunt
340 4313 401 4353 eam
414 4301 553 4354 scientiae
572 4300 687 4355 iunctae
706 4317 767 4355 oum
787 4303 938 4354 voluntate
953 4289 1039 4370 etque
1056 4303 1125 4355 adeo
1138 4301 1225 4364 eden-

75 4381 122 4436 iioe
139 4388 279 4452 poeticos
297 4391 328 4440 ct
350 4388 487 4440 scientiae
513 4389 737 4456 approbationis.
766 4389 838 4443 Vide
863 4391 937 4444 Rois
963 4389 997 4442 de
1020 4391 1149 4444 Solantia
1173 4390 1226 4442 Dei

77 4467 138 4542 disp.
151 4475 192 4532 17.
205 4481 275 4534 sect.
289 4477 317 4530 4.

1064 4585 1083 4620 s
