3394 5056
934 353 972 366 ..
994 320 1036 382 32
1055 353 1093 368 ...

428 432 520 500 enim
542 435 579 498 ot
601 451 713 520 genus
739 449 893 498 snmus»
920 451 981 498 vv.
998 427 1056 496 27.
1073 427 1129 515 28;
1148 428 1194 497 af.
1215 423 1299 517 Sap.
1316 423 1421 494 XIII.
1441 424 1520 494 6-9.
1539 423 1613 514 (1).

426 538 547 607 Potest
558 537 678 630 itaque
694 537 795 606 homo
811 536 1030 628 primitivam
1045 535 1158 606 ideam
1173 535 1239 604 Dei
1254 557 1297 604 ex
1314 533 1487 604 creaturis
1503 556 1615 640 spop-

426 652 462 714 te
485 645 654 730 obortam,
680 643 764 736 qnia
787 645 934 712 obsonra
956 647 1010 712 est
1031 648 1068 712 at
1090 643 1259 726 nominas,
1284 640 1463 732 applioare
1496 641 1615 710 rebus

429 773 517 844 qnae
539 751 635 820 Dens
658 773 726 820 non
749 755 845 819 eunt:
866 749 1094 840 «assumptio
1117 749 1159 818 de
1181 748 1323 818 numina
1346 746 1468 816 divino
1497 752 1614 816 natu·

427 859 553 928 ralitar
575 858 713 950 quidem
736 857 830 927 inest
852 857 1009 926 omnibns
1037 857 1101 946 (2),
1128 855 1188 926 sed
1210 855 1414 945 ignorantia
1435 859 1614 946 peooatur

352 949 358 962 ⁸
428 967 523 1036 oiroa
545 965 593 1050 id,
620 965 711 1056 quod
734 965 897 1034 colitur»
924 965 1073 1054 Gregor.
1098 963 1207 1054 Nysa.
1233 963 1276 1032 de
1291 961 1463 1032 beatitud.
1482 985 1539 1031 or.
1559 961 1610 1032 V.

428 1073 470 1142 Τ.
488 1073 518 1140 Ι.
537 1097 572 1164 p.
597 1069 686 1158 8013
706 1070 859 1140 Tertull.
889 1078 999 1140 oontr.
1019 1067 1129 1139 Mara.
1147 1069 1173 1142 1.
1186 1069 1223 1170 I.
1242 1092 1273 1139 o.
1292 1069 1347 1138 11.
1377 1067 1452 1138 Hoo
1477 1068 1613 1162 utique

426 1203 496 1250 non
507 1181 550 1250 fit
563 1179 634 1248 nisi
649 1179 799 1250 rationis
814 1181 938 1264 abnsn,
957 1179 1039 1248 dum
1051 1177 1219 1264 homines,
1233 1183 1277 1247 ut
1291 1177 1451 1270 loquitur
1466 1175 1505 1246 S.
1520 1175 1613 1246 Hie·

426 1312 595 1379 ronymus
617 1287 670 1374 (in
688 1284 906 1373 uie.1.10.),
928 1315 944 1350 a
963 1287 1087 1356 bonam
1103 1285 1271 1356 mentium
1288 1291 1486 1372 sementem,
1515 1307 1612 1376 quaa

425 1392 640 1462 naturaliter
663 1391 769 1460 habat
790 1390 953 1459 notitiam
977 1389 1067 1476 Dei,
1093 1391 1192 1460 inani
1214 1389 1437 1480 persuasione
1460 1411 1611 1480 perver-

425 1505 520 1584 tunt,
541 1527 557 1562 n
583 1505 620 1570 at
636 1498 713 1568 ideo
729 1503 813 1568 sunt
829 1497 1084 1568 inexcusabiles
1099 1499 1200 1568 Rom.
1216 1497 1247 1565 1.
1267 1495 1323 1586 103
1342 1497 1425 1588 Sap.
1443 1495 1555 1566 XIII.
1572 1497 1609 1566 8.

425 1609 592 1678 Attamen
616 1607 653 1676 in
677 1607 743 1676 hao
766 1607 844 1698 ipsa
867 1607 1090 1699 perversione
1124 1607 1204 1676 idea
1225 1607 1292 1677 Dei
1315 1607 1392 1675 vari
1415 1605 1612 1696 primitiva

426 1722 462 1786 et
492 1725 682 1808 spontanea
715 1721 833 1784 manet
862 1715 1189 1786 inexterminabilis.
1218 1715 1311 1800 Quia
1345 1713 1483 1784 soilioet
1520 1713 1610 1782 hino

426 1823 563 1917 quidem
587 1823 704 1892 anima
737 1825 853 1914 imago
876 1823 941 1894 Dei
965 1825 1061 1894 faeta
1083 1829 1138 1894 est
1160 1825 1235 1916 ipso
1266 1821 1425 1893 naturali
1448 1821 1609 1892 rationis

426 1931 557 2001 lumine
580 1930 624 1999 ad
649 1930 848 2018 veritatem,
873 1937 910 2001 et
932 1932 1044 2023 primo
1068 1936 1151 2020 (non
1173 1938 1327 2023 tempore
1358 1929 1418 2000 sed
1447 1929 1537 2020 fine)
1562 1930 1608 1998 ad

427 2039 612 2108 veritatem
634 2035 701 2106 Dei
724 2037 1007 2127 cognoscendam,
1033 2037 1114 2108 inde
1138 2061 1221 2108 vero
1244 2039 1309 2107 hoo
1326 2037 1534 2108 universum
1551 2043 1608 2106 est

425 2145 602 2215 naturalis
613 2145 852 2215 manifestatio
868 2146 1036 2216 creatoris
1048 2147 1093 2216 ad
1108 2147 1260 2216 animam
1275 2144 1496 2233 rationalem
1516 2145 1607 2214 haee

426 2275 532 2324 eausa
554 2259 631 2340 est,
657 2275 721 2324 our
743 2253 809 2322 illa
830 2253 910 2322 idea
932 2275 973 2324 ao
996 2253 1126 2326 notitia
1159 2255 1226 2324 Dei
1248 2261 1324 2324 tum
1347 2253 1448 2322 velut
1478 2259 1606 2343 sponte

426 2367 463 2431 et
478 2361 708 2432 indeliberata
724 2361 905 2431 oboriatur
921 2367 997 2430 tum
1020 2363 1249 2432 exterminari
1265 2363 1309 2430 ab
1323 2361 1441 2430 anima
1461 2361 1607 2430 ratione

426 2475 548 2540 utente
575 2493 644 2539 non
678 2469 802 2560 possit.
838 2469 1037 2540 Secundum
1071 2469 1157 2540 haee
1187 2470 1452 2556 Tertullianus,
1485 2468 1603 2538 Minu·

622 2697 686 2752 Aet.
699 2699 792 2752 XVII.
1230 2699 1297 2767 Sap.
1311 2701 1393 2754 XIII.

487 2809 529 2888 (1)
547 2815 629 2868 Feoit
652 2831 687 2868 ex
708 2831 764 2869 uno
791 2831 871 2870 omne
900 2833 990 2884 genus
1090 2819 1129 2870 ut
1155 2819 1187 2872 bi
1212 2817 1336 2870 tortasse
1366 2817 1484 2882 errant,
1511 2815 1601 2868 Deum

424 2906 569 2959 bominum
588 2905 754 2958 inhabitare
773 2921 859 2973 super
878 2908 993 2960 univer·
1031 2909 1203 2976 quaerentes
1231 2909 1262 2958 at
1287 2905 1421 2960 volentes
1443 2908 1600 2972 invenire;

425 3011 484 3048 sam
509 2995 611 3048 faeiem
632 2997 743 3062 terrae,
770 2995 909 3048 definiens
935 2999 990 3050 sta
1026 2997 1133 3050 etenim
1152 3013 1213 3051 onrn
1231 2999 1263 3050 ln
1283 2999 1417 3065 operibns
1435 2999 1520 3052 illius
1541 3015 1602 3055 oon·

425 3087 490 3138 tnta
513 3089 639 3153 tempora
663 3089 693 3138 at
717 3087 855 3138 terminos
874 3085 988 3138 habita·
1025 3089 1188 3155 versantur,
1211 3087 1375 3156 lnquIrunt.

425 3175 516 3228 tionis
541 3189 648 3244 eornm,
673 3189 810 3242 quaerere
834 3175 941 3230 Deum:

485 3262 875 3338 (Ὁρισαςπροστιταγμινους
888 3286 990 3338 respons
1090 3264 1161 3341 (Kar
1182 3289 1235 3342 γαρ
1257 3265 1333 3322 aaron
1348 3289 1426 3342 ταχα
1446 3274 1599 3326 elevarem

423 3373 466 3406 και
479 3373 526 3414 τας
539 3351 677 3424 ὁροθισιας
689 3373 735 3414 της
746 3373 884 3417 narrarent
895 3351 988 3420 ἆυτυν,
1025 3353 1086 3410 Suos
1106 3354 1249 3430 ζητουντες
1269 3377 1312 3411 και
1333 3355 1459 3420 Saburrae
1471 3355 1561 3432 iopen·
1575 3355 1600 3414 ἒν

423 3441 514 3516 {nenio
529 3463 572 3495 τον
586 3439 692 3514 raptor)
709 3443 752 3497 26.
764 3444 810 3500 27.
1027 3467 1079 3520 γαρ
1089 3467 1144 3510 τοις
1164 3445 1249 3520 ἔργοις
1264 3443 1348 3502 daron
1367 3444 1597 3522 α’ναστρεφομινοι

1027 3533 1198 3608 διιριυνῶσιν)
1218 3537 1245 3590 6.
1259 3537 1285 3592 7.

485 3621 516 3675 Si
541 3621 616 3674 torta
639 3623 800 3676 attrectent
813 3639 874 3676 eum
887 3625 991 3678 antia·
1093 3625 1124 3680 Si
1138 3627 1214 3680 enlm
1235 3631 1348 3681 tantum
1369 3629 1528 3696 potnerunt
1549 3628 1599 3684 soi·

422 3711 551 3777 veniant,
576 3709 707 3778 quamvls
727 3727 783 3764 non
801 3713 885 3778 longe
905 3714 946 3766 stt
957 3715 992 3768 ab
1028 3731 1069 3782 ro,
1091 3719 1124 3767 ut
1141 3719 1260 3784 possent
1277 3717 1430 3771 aostImaro
1442 3721 1595 3786 saeculum,

423 3816 591 3870 unoquoquo
615 3803 743 3856 nostrum
764 3803 818 3856 eto.
1030 3805 1167 3872 quomodo
1185 3807 1272 3860 buius
1293 3807 1436 3862 dominum
1454 3823 1512 3864 nou
1531 3811 1596 3866 faoi·

1030 3897 1088 3952 lius
1109 3898 1306 3952 Invenerunt?

483 3979 540 4056 (Ἐι
551 3978 634 4056 ἄραγε
645 3981 837 4054 balnearetur
846 3980 927 4038 αὐτον
942 4006 984 4040 και
1087 3983 1145 4061 (Ἐι
1158 4007 1210 4059 γαρ
1226 4006 1354 4040 τοσουτον
1368 3987 1490 4061 ἰσχυσαν
1502 3985 1595 4045 isleras

422 4073 525 4146 εὐροιεν,
544 4093 663 4145 καιτοιγι
684 4069 714 4128 o'o
735 4095 837 4146 ιιακραν
856 4075 913 4130 cino
931 4075 987 4138 ivor
1026 4075 1070 4130 ἱνα
1089 4081 1212 4130 &aaaron
1233 4075 1430 4150 στοχασασὸαι
1452 4077 1596 4142 revisura,

422 4164 536 4217 ἕκαστου
554 4163 625 4236 ἤμων
644 4159 821 4236 ύπαρχοντα)
841 4164 885 4218 27.
1027 4184 1071 4218 τον
1092 4185 1187 4220 τουτων
1201 4171 1332 4225 terrores
1353 4187 1405 4230 πως
1428 4189 1525 4241 saxono
1547 4167 1593 4240 ὄυχ

1024 4249 1123 4328 iopen)
1137 4256 1163 4309 9.
1177 4256 1221 4309 (Il.
1232 4257 1258 4310 1.
1274 4257 1338 4313 (lor.
1349 4257 1374 4310 1.
1383 4258 1429 4310 20.

481 4339 523 4415 (2)
539 4340 572 4398 'li
588 4359 644 4414 περι
658 4363 686 4395 το
698 4339 769 4396 Suos
783 4341 939 4414 ὑπολησψις
955 4339 1116 4416 (sententia
1127 4345 1293 4402 rationibus
1314 4345 1438 4402 noudum
1456 4347 1592 4406 distinata

421 4428 600 4504 perspectis)
617 4430 733 4506 ι’γκιιται
752 4454 800 4508 μιν
819 4454 886 4490 naor
906 4447 1019 4507 φυσικυς
1042 4433 1199 4508 inspexere.
