3262 5076
907 412 946 428 -
966 380 1026 443 470
1046 413 1083 428 -

409 483 532 550 bouum
550 485 749 552 universale
765 485 906 552 divinae
922 487 1081 554 iustitiae
1097 495 1133 553 et
1149 484 1405 554 misericordiae
1421 511 1438 544 s
1455 482 1567 550 Didac.

409 591 561 660 Alvarez
578 593 619 660 de
635 593 760 660 Auxil.
778 595 868 684 disp.
882 593 1049 664 XXXIV.
1064 617 1123 662 nu.
1142 594 1220 662 3-5.
1239 619 1274 684 p.
1290 593 1370 660 260.
1388 591 1469 659 261.
1614 675 1615 690 ¹

475 702 526 768 At
549 723 631 780 vero
658 702 748 791 apud
780 701 843 770 SS.
863 703 985 770 Patres
1008 709 1045 769 et
1067 701 1248 791 theologos
1277 700 1489 768 vetustiores
1509 719 1571 768 cer·
1614 697 1615 728 ³

408 807 543 875 tissime
567 809 700 876 dicitur
723 807 887 876 voluntas
911 809 1072 877 salvifica
1099 807 1309 888 antecedens,
1335 816 1511 899 quatenus
1525 827 1572 872 ra·

380 945 383 950 ¹
409 915 502 982 tione
516 916 692 984 antecedit
714 922 751 983 et
765 917 916 984 nondum
938 917 1106 1007 supponit
1121 915 1378 1006 praevisionem
1393 915 1572 982 liberorum

411 1027 549 1090 actuum
574 1031 768 1110 creaturae;
795 1048 994 1115 consequens
1027 1049 1118 1108 vero,
1147 1028 1312 1116 quaeest
1335 1027 1574 1113 consequenter

409 1129 452 1197 ad
476 1129 603 1198 liberos
625 1137 726 1199 actus
749 1131 928 1220 praevisos
953 1131 1082 1222 hosque
1105 1132 1281 1222 supponit.

474 1239 561 1307 Nam
580 1244 615 1324 a)
633 1239 797 1306 voluutas
824 1239 1020 1308 antecedens
1037 1240 1168 1308 dicitur
1184 1261 1206 1305 a
1223 1239 1391 1307 Patribus
1406 1261 1462 1320 ea,
1481 1258 1575 1328 quam

409 1347 504 1414 Deus
532 1369 573 1414 ex
606 1369 641 1414 se
665 1357 701 1415 et
730 1369 770 1414 ex
803 1347 912 1414 insita
942 1369 1006 1416 sua
1036 1349 1190 1415 bonitate
1219 1346 1392 1436 concipit;
1419 1345 1575 1414 voluntas

409 1478 609 1545 consequens
624 1454 757 1522 dicitur
779 1476 832 1536 ea,
848 1478 949 1546 quem
977 1455 1071 1522 Deus
1088 1455 1240 1544 concipit
1255 1461 1471 1544 provocatus
1487 1451 1575 1518 velut

408 1561 538 1627 nostris
561 1561 682 1628 liberis
704 1561 853 1631 actibus.
871 1561 970 1630 Unde
987 1562 1020 1646 b)
1037 1561 1218 1630 voluntate
1235 1559 1455 1628 antecedente
1477 1559 1572 1638 Deus,

408 1670 508 1736 cuius
524 1675 653 1736 natura
670 1671 817 1753 bonitas,
833 1671 894 1760 qui
914 1699 929 1732 a
945 1670 1071 1758 diligit
1087 1671 1201 1738 omnia
1218 1691 1306 1762 quae
1322 1677 1423 1754 sunt,
1442 1677 1479 1738 et
1494 1665 1575 1736 nihil

408 1774 483 1843 odit
498 1797 614 1843 eorum
629 1797 716 1866 quae
740 1777 836 1862 fecit3
855 1805 869 1838 n
891 1807 907 1840 a
922 1779 981 1868 qui
996 1785 1090 1844 amat
1113 1777 1258 1862 animam
1275 1804 1291 1838 n
1313 1777 1402 1845 acui
1418 1799 1487 1846 nou
1503 1782 1576 1844 suut

407 1883 594 1952 necessarii
625 1882 780 1950 homines
811 1884 941 1973 impiis
961 1885 1042 1975 Sap.
1061 1885 1126 1952 XI.
1143 1885 1198 1952 25.
1218 1884 1274 1972 273
1291 1884 1407 1952 Eccli.
1426 1883 1508 1952 XV.
1525 1881 1572 1966 1a;

409 2012 475 2058 non
489 1990 568 2057 vult
584 1989 651 2056 nisi
666 2011 749 2057 suae
760 1990 928 2058 bonitatis
941 1992 1281 2061 communicationem
1296 1993 1381 2061 lieet
1394 1989 1573 2061 secundun

408 2098 540 2188 gradus
556 2097 724 2180 diversos,
739 2119 806 2164 non
822 2098 903 2166 vult
918 2099 987 2166 nisi
1004 2100 1093 2190 quod
1107 2107 1290 2168 creaturae
1302 2099 1476 2166 rationali
1491 2119 1573 2166 cret-

407 2217 464 2273 tae
488 2205 532 2273 ad
555 2227 652 2271 suam
678 2205 863 2292 imaginem
889 2205 1118 2296 undequaque
1151 2207 1275 2275 bonum
1298 2213 1370 2291 est;
1400 2206 1573 2274 voluntate

407 2321 522 2380 cutem
547 2320 774 2402 consequente
802 2313 895 2379 Deus
912 2313 991 2380 vult
1004 2313 1136 2404 aliqua,
1155 2336 1243 2404 quae
1260 2313 1370 2382 solum
1389 2312 1573 2404 suppositis

408 2417 509 2486 malis
532 2427 711 2487 creaturae
735 2418 871 2488 actibus
896 2421 932 2487 in
956 2443 991 2488 se
1016 2421 1103 2488 bona
1126 2429 1222 2505 sunt,
1248 2431 1284 2489 et
1307 2429 1494 2490 creaturae
1510 2437 1572 2509 pec-

407 2526 531 2595 catrici
574 2526 665 2594 mala
700 2533 784 2594 suut
830 2527 1113 2620 privationesque
1156 2551 1359 2618 magnorum
1401 2531 1570 2596 bonorum.

408 2639 437 2719 e)
465 2633 641 2702 Praevisis
673 2635 792 2726 itaque
817 2636 914 2703 bonis
946 2637 1084 2704 actibus
1115 2645 1296 2706 creaturae
1326 2636 1461 2705 liberae
1491 2637 1572 2704 Deus

408 2743 487 2809 vult
513 2741 693 2811 voluntate
722 2758 939 2834 consequente
957 2746 1055 2826 bona,
1075 2765 1163 2837 quae
1179 2745 1286 2812 etiarn
1303 2743 1384 2812 vult
1398 2743 1571 2811 voluntate

407 2847 634 2931 antecedente,·
650 2851 822 2939 praevisis
839 2863 954 2920 eutem
972 2852 1073 2920 malis
1089 2853 1227 2920 actibus
1250 2859 1437 2920 creaturae
1454 2851 1570 2919 liberae

407 2957 487 3025 vult
513 2959 607 3024 Deus
623 2959 822 3050 aliquando,
841 2981 928 3050 quae
952 2960 1040 3026 bona
1064 2983 1130 3027 non
1148 2965 1231 3028 sunt
1245 2959 1315 3027 nisi
1332 2963 1571 3052 cousequenter

407 3067 450 3132 ad
475 3087 532 3133 eos
555 3073 667 3151 actus,
693 3073 731 3134 et
753 3089 840 3159 quae
864 3069 1048 3136 voluntate
1071 3067 1286 3135 antecedente
1308 3090 1375 3135 nou
1402 3067 1496 3136 vult.

474 3174 644 3254 Quamvis
675 3174 789 3263 igitur·
820 3176 985 3244 voluntas
1015 3175 1213 3242 antecedens
1240 3183 1278 3244 et
1308 3199 1512 3268 consequens
1531 3173 1569 3240 sit

407 3281 509 3348 etiam
543 3303 624 3370 prae
656 3282 789 3350 meritis
820 3283 937 3369 bonis;
964 3284 1047 3374 quia
1077 3291 1193 3350 tumen
1224 3283 1274 3351 ibi
1302 3283 1477 3351 obiectum
1500 3300 1568 3371 prae

409 3393 557 3477 utraque
580 3387 714 3455 ratione
739 3387 933 3455 voluntatis
955 3411 1023 3456 non
1048 3397 1101 3456 est
1125 3389 1325 3472 diversum,
1352 3397 1478 3456 contra
1500 3405 1568 3456 vero

408 3493 491 3584 quia
514 3493 683 3562 obiectum
701 3495 896 3564 voluntatis
920 3497 1161 3588 consequentis
1178 3501 1233 3564 est
1249 3497 1423 3584 irrogatio
1442 3515 1566 3585 poenae,

408 3600 467 3667 ubi
491 3601 662 3669 terminus
690 3602 911 3691 distinguens
939 3611 1023 3672 sunt
1038 3603 1202 3692 praevisa
1225 3604 1351 3672 merita
1374 3603 1480 3672 mala:
1504 3599 1566 3670 ideo

408 3708 530 3776 Patres
554 3709 769 3778 voluntatem
799 3725 1048 3802 consequentem
1075 3711 1357 3802 frequentissime
1380 3711 1446 3780 hoc
1469 3711 1567 3776 altero

409 3815 505 3883 modo
537 3817 778 3902 considerant,
805 3826 910 3908 prout
932 3827 986 3886 cst
1018 3818 1183 3888 voluutas
1212 3817 1373 3888 iustitiae
1403 3813 1567 3908 punientis

408 3945 608 4012 consequens
638 3923 684 3989 od
718 3947 820 4011 opera
851 3939 969 3990 nostra
997 3925 1102 3990 mala.
1124 3923 1438 4013 «Beueplaoitum,
1463 3919 1565 4014 inquit

408 4025 677 4116 chrysostomus
690 4030 779 4098 hom.
791 4031 823 4100 1.
834 4032 869 4098 in
880 4030 972 4119 Eph.
987 4055 1021 4098 n.
1039 4031 1073 4114 2,
1089 4030 1216 4122 ubique
1231 4037 1285 4098 eet
1301 4029 1466 4098 voluntas
1476 4049 1562 4120 prae·

409 4133 537 4216 codena·
551 4142 605 4203 est
621 4138 710 4204 euim
727 4147 865 4227 praeter
881 4139 970 4206 hano
986 4137 1091 4205 etiam
1110 4136 1181 4204 alia
1197 4136 1374 4208 voluntas.
1393 4135 1451 4206 Sic
1460 4138 1562 4227 prino

411 4239 573 4307 voluntas
602 4251 667 4327 est,
694 4251 824 4310 utnon
856 4251 1016 4332 pereant,
1044 4243 1105 4334 qui
1136 4249 1384 4331 peccaverunt;
1415 4241 1561 4310 voluntas

407 4347 551 4414 secando
567 4357 632 4432 est,
648 4357 689 4418 ut
704 4359 847 4439 pereant
863 4353 923 4441 qui
940 4352 1026 4418 moli
1042 4351 1141 4438 sacti
1156 4365 1248 4418 eant.
1267 4351 1345 4418 Non
1360 4352 1448 4420 enim
1465 4348 1537 4438 prol
1549 4382 1558 4394 ·

409 4459 464 4518 cto
480 4457 667 4522 necessitas
681 4478 738 4523 eos
753 4459 855 4546 punit
872 4457 930 4524 sed
956 4457 1162 4525 voluntas...
1180 4457 1441 4546 Beueplacitum
1457 4457 1557 4543 itaque
