3292 5062
911 315 1088 378 ..130-

878 523 1022 583 THESIS
1044 522 1115 582 XV.

449 653 646 712 Immediota
666 653 749 709 visio
771 649 832 709 Del
857 658 890 707 ut
913 651 949 708 ie
972 665 1002 708 se
1024 657 1079 718 est,
1105 648 1196 706 nobis
1218 655 1388 724 tamquam
1412 649 1543 706 altimus

568 751 647 828 finis
670 753 706 808 in
727 752 925 808 revelatione
945 751 1111 824 proposita
1132 765 1170 806 ae
1190 747 1349 822 promissa
1363 754 1420 804 est.

477 959 623 1010 aVerbum
643 957 695 1010 Dei
715 957 890 1020 revelatum,
912 955 942 1006 in
969 971 1007 1006 ss.
1023 939 1182 1020 Scriptnris
1207 937 1286 1004 at'in
1307 952 1519 1020 praedieatione
1544 955 1582 1006 di-

414 1071 425 1096 e
443 1053 576 1114 sertaque
597 1047 788 1098 declaratione
809 1045 952 1097 Ecclesiae
965 1043 1123 1096 catholicae
1136 1045 1312 1108 propositum
1329 1043 1479 1096 manifeste
1492 1043 1580 1102 docet,

414 1158 425 1184 e
442 1137 609 1188 intuitivam
631 1135 769 1186 visionem
789 1134 851 1198 Dei,
868 1137 900 1184 ut
918 1133 948 1184 in
969 1147 998 1184 se
1015 1135 1067 1198 est,
1084 1132 1114 1183 in
1129 1133 1274 1198 praesenti
1289 1131 1390 1184 ordine
1410 1133 1580 1185 constituere

413 1241 600 1292 »supremum
621 1223 829 1277 beatitudinem
848 1227 1042 1274 creaturarum
1061 1223 1282 1274 rationalium.»

476 1389 651 1472 Quomodo
676 1389 768 1454 Deus
792 1387 839 1454 sit
862 1385 1054 1452 necessario
1078 1383 1158 1452 finis
1183 1385 1329 1453 ultimus
1352 1387 1464 1454 omnis
1491 1407 1581 1455 erea-

408 1505 508 1566 turae
531 1504 566 1564 et
590 1495 732 1586 speciali
759 1495 855 1562 modo
886 1503 1066 1562 creaturas
1097 1493 1305 1578 rationalis,
1332 1493 1581 1584 explicabimus

408 1605 477 1672 alio
501 1603 575 1671 loeo
598 1601 857 1692 opportuniori,
877 1602 936 1670 ubi
953 1601 1247 1670 considerabimus
1271 1601 1393 1686 Deum,
1414 1611 1582 1694 qnatenus

408 1721 461 1782 est
484 1736 644 1778 scammum
677 1711 817 1776 bonam:
843 1709 900 1778 hie
932 1710 1040 1777 solnm
1073 1715 1268 1799 spectamus
1303 1711 1439 1778 modum
1469 1711 1581 1798 cogni-

408 1819 515 1888 tionis
542 1819 606 1887 Dei
632 1841 691 1908 per
716 1819 883 1886 visionem
908 1817 1124 1900 intuitivam,
1151 1836 1252 1908 quam
1282 1818 1582 1906 supernaturalem

409 1951 483 1998 esse
506 1951 546 1996 ex
572 1927 808 2016 superioribus
833 1933 982 2008 cornetae,
1008 1933 1043 1993 et
1066 1925 1110 1994 ed
1134 1949 1236 2018 quam
1260 1927 1370 1994 Deum
1405 1935 1582 1995 creaturas

409 2059 491 2106 suas
515 2035 703 2104 rationales
726 2035 872 2102 evehere
896 2033 1067 2116 voluisse,
1095 2057 1185 2101 nunc
1212 2056 1253 2100 ex
1283 2034 1498 2102 revelatione
1531 2034 1581 2100 de·

412 2145 671 2214 monstrandum
696 2149 761 2212 est.

475 2253 505 2320 Ι.
525 2251 790 2320 Consideremus
816 2249 1084 2334 revelationem,
1111 2257 1150 2317 ut
1181 2251 1217 2316 in
1248 2249 1445 2339 Scripturis
1477 2249 1581 2318 eonsi-

410 2367 518 2452 gnata
540 2366 605 2427 est.
729 2425 732 2432 .

479 2467 511 2534 1⁰
534 2467 723 2558 Tamquam
755 2467 932 2534 heredites
960 2465 1111 2534 filiorum
1143 2473 1178 2534 et
1209 2472 1384 2556 tamquam
1420 2469 1578 2546 fruetus,

412 2598 562 2658 meroes,
588 2597 713 2644 corona
744 2572 1033 2642 sanctificationis
1065 2573 1345 2662 supernaturalis
1375 2574 1582 2641 describitur

411 2686 485 2750 vita
509 2696 665 2748 aeterne.-
694 2680 864 2748 ehabetis
891 2679 1045 2748 fructum
1083 2689 1237 2748 vestrum
1270 2681 1305 2748 in
1338 2681 1581 2750 sanctificatio·

412 2811 499 2872 nem,
526 2789 626 2857 finem
653 2811 734 2856 vero
759 2787 867 2855 vitam
892 2795 1109 2856 aeternam...
1129 2787 1255 2856 Gratia
1278 2793 1394 2856 autem
1421 2789 1487 2856 Dei
1515 2789 1583 2856 vita

412 2905 565 2980 aeterna,
585 2897 622 2964 in
646 2895 786 2964 Christo
810 2897 889 2962 Iesu
912 2897 955 2963 D.
975 2895 1018 2962 N.
1037 2923 1052 2956 n
1071 2893 1199 2964 Metel.
1216 2895 1380 2982 xlx.29;
1397 2897 1512 2966 XXV.
1531 2897 1579 2980 46;

412 3004 519 3072 Maro.
548 3004 594 3070 X.
629 3001 696 3088 30;
729 3002 779 3068 Io.
814 3003 882 3070 ΙΙΙ.
920 3002 986 3088 16;
1021 3001 1083 3070 VI.
1118 3003 1181 3088 40;
1212 3003 1256 3070 X.
1291 3003 1357 3090 28;
1391 3005 1511 3073 XVII.
1541 3005 1579 3086 2;
1631 3089 1632 3092 Ἴ

412 3111 510 3180 Rom.
529 3111 591 3178 VI.
610 3111 665 3196 223
685 3109 764 3178 Gal.
783 3109 846 3177 VI.
867 3111 899 3194 83
920 3109 951 3176 1.
971 3110 1062 3178 Tim.
1081 3110 1110 3177 1.
1132 3111 1186 3196 16;
1205 3111 1275 3178 Tit.
1294 3111 1371 3197 1.2;
1390 3111 1463 3180 Iao.
1479 3113 1510 3180 1.
1531 3113 1578 3196 12;

412 3219 444 3286 1.
463 3219 537 3286 Pet.
556 3219 625 3286 ΙΙΙ.
645 3219 701 3304 22;
720 3219 828 3307 Apoc.
848 3218 1160 3286 Intuerentur
1177 3219 1252 3286 vita
1269 3227 1411 3287 aeterna
1426 3229 1482 3288 est
1495 3222 1581 3287 Deus

412 3325 486 3414 ipse
510 3347 577 3391 non
602 3323 711 3391 solum
739 3332 779 3392 ut
802 3347 906 3392 eausa
937 3323 1105 3408 efficiens,
1132 3323 1319 3392 sedetiam
1344 3333 1385 3393 ut
1414 3327 1579 3395 obiectum

413 3431 626 3500 beatificans:
640 3429 755 3499 adedit
767 3431 865 3498 nobis
878 3455 1014 3499 sensum
1027 3439 1065 3498 ut
1075 3453 1320 3520 cognoscamus
1332 3455 1453 3501 verum
1463 3435 1577 3512 Deum,

412 3545 447 3609 et
469 3538 577 3606 simus
601 3539 637 3606 in
661 3561 743 3606 vero
766 3538 859 3605 Filio
892 3537 981 3606 eius.
1000 3539 1067 3608 Hie
1099 3546 1153 3606 est
1181 3562 1286 3606 verus
1319 3525 1412 3608 Deus
1443 3548 1480 3610 et
1511 3541 1579 3608 via

412 3655 553 3716 aeterna
571 3671 587 3707 n
605 3647 655 3714 lo.
667 3646 697 3714 Ι.
708 3647 741 3732 4;
754 3645 851 3714 XIV.
864 3647 896 3732 ὃς
907 3645 979 3714 Col.
994 3646 1061 3714 111.
1071 3647 1105 3732 4;
1119 3647 1149 3714 l.
1161 3647 1212 3716 Io.
1223 3647 1267 3714 V.
1278 3647 1334 3715 20.
1349 3655 1415 3716 ete.
1430 3649 1518 3717 Vita
1531 3671 1578 3716 ea·

412 3755 487 3825 dem
511 3761 653 3822 aeterna
675 3755 886 3822 describitur
912 3759 951 3821 ut
975 3777 1119 3843 regnum
1137 3753 1214 3838 Dei,
1237 3777 1382 3844 regnum
1399 3757 1576 3834 coelorum,

412 3882 479 3951 quo
496 3859 590 3927 Deus
606 3857 769 3947 regnabit
784 3857 1003 3947 glorificatus
1028 3859 1063 3925 in
1080 3859 1238 3927 omnibus
1261 3861 1392 3928 sanetis
1409 3865 1577 3952 tamquam

412 3965 449 4034 in
472 3987 536 4034 sua
559 3966 722 4054 imagine,
740 3973 776 4035 et
799 3989 913 4034 omnes
937 3965 1122 4034 intrabunt
1145 3968 1181 4034 in
1206 3989 1351 4056 regnum
1367 3967 1433 4035 Dei
1450 3969 1495 4038 ad
1511 3989 1577 4056 pos·

411 4071 593 4142 uidendum
616 4095 773 4160 regnum,
799 4079 986 4160 regnantes
1009 4095 1086 4140 oum
1109 4073 1181 4140 Deo
1205 4081 1240 4142 et
1262 4073 1299 4140 in
1323 4075 1413 4156 Deo,
1441 4073 1576 4164 partiei-

413 4179 551 4268 patione
574 4177 707 4266 gloriae
730 4181 806 4248 eius
830 4179 1021 4268 glorificati
1044 4202 1066 4246 a
1089 4179 1172 4264 Deo,
1201 4189 1239 4248 ut
1262 4181 1355 4250 Deus
1390 4181 1440 4250 sit
1473 4179 1576 4250 omnia

413 4285 449 4352 iu
473 4285 641 4353 omnibus:
664 4293 781 4355 «tuno
804 4287 893 4355 iusti
917 4287 1105 4376 fulgebunt
1136 4287 1230 4356 sieut
1253 4287 1304 4356 sol
1329 4289 1366 4356 in
1389 4311 1499 4378 regno
1520 4287 1574 4354 Pa·
1629 4297 1630 4335 ἒ

414 4391 482 4461 tris
504 4415 633 4480 eorum;
655 4421 671 4456 e
693 4423 709 4457 u
727 4403 764 4463 et
786 4397 985 4485 regnabunt
1012 4391 1239 4480 (βασιλευσουσι
1271 4417 1371 4484 reges
1405 4399 1523 4480 erunt)
1543 4393 1572 4459 in
