3280 5070
586 446 624 460 -
645 413 704 476 621
728 445 767 460 -·

62 519 231 591 omnino
252 543 455 614 expressam
477 525 514 593 et
538 519 709 593 disertum
743 527 780 591 et
809 513 894 591 data
924 541 1029 613 opera
1062 517 1266 610 saepissima

60 627 318 714 inculcatum,
344 629 480 722 aliquid
504 630 622 722 potius
648 627 860 721 implicitum
889 633 928 698 et
957 628 1185 720 suppositumx
1207 629 1266 698 vel

62 735 198 805 obiter
227 735 371 806 dictum.
398 737 448 806 Ut
471 737 559 806 satis
589 736 743 808 vidimus
764 736 803 806 in
825 735 919 806 thesi
942 735 1046 821 LIX,
1072 734 1203 806 diserte
1228 739 1266 805 et

60 842 253 934 explicite
275 843 400 914 docent
416 867 477 937 per
492 847 703 936 nepotiana,
722 843 1075 937 praedestinationem
1091 842 1265 914 advitam

60 955 264 1020 aeternam
279 973 348 1020 uon
364 974 438 1022 esse
453 953 584 1023 factam
604 980 621 1017 a
640 951 859 1044 simpliciter,
879 949 939 1021 sed
958 974 1035 1022 cunr
1056 952 1151 1021 Deus
1165 971 1264 1043 prae·

62 1058 252 1129 scivisset
266 1058 444 1129 hominnm
459 1061 597 1146 merita,
616 1083 673 1131 eos
688 1059 966 1151 praedestinasse
985 1082 1016 1128 cc
1031 1058 1141 1128 Deum
1160 1086 1177 1123 a
1194 1080 1264 1128 non

60 1173 158 1236 ante
187 1167 482 1258 praedestinasse,
509 1191 611 1262 qnam
635 1169 763 1239 merita
784 1168 990 1260 praesciret;
1025 1167 1089 1237 sed·
1116 1189 1264 1261 qnorum

63 1274 214 1344 merita
235 1275 439 1367 praescivit,
464 1298 583 1346 eorum
605 1277 760 1368 praemia
782 1275 1062 1368 praedestinasse
1087 1297 1119 1342 n:
1154 1303 1172 1340 a
1196 1274 1263 1343 ela·

63 1383 235 1454 ctionem
258 1407 326 1453 non
356 1407 431 1455 esse
460 1385 573 1454 nullis
602 1385 890 1477 praecedentibus
920 1383 1036 1454 causis
1066 1389 1103 1452 et
1132 1384 1262 1478 absque

63 1489 213 1562 indicii
236 1491 387 1562 veritate
411 1516 443 1560 a:
472 1521 489 1558 a
513 1493 716 1564 electionem
739 1514 807 1561 non
830 1489 904 1562 essa
920 1489 1105 1560 indiscreti
1121 1489 1259 1576 iudicii,

65 1597 135 1669 sed
163 1622 213 1668 ex
237 1599 354 1670 meriti
377 1599 515 1672 delectu
540 1625 572 1670 a:
600 1630 618 1667 a
642 1624 711 1671 non
732 1623 806 1671 esse
829 1622 871 1669 ex
896 1599 971 1670 sola
994 1597 1170 1670 charitate
1196 1598 1263 1669 Dei

65 1709 135 1778 sad
164 1710 277 1780 etiam
292 1732 334 1779 ex
350 1715 472 1780 nostra
489 1709 637 1796 virtuto,
664 1711 749 1803 quia
765 1709 797 1778 si
813 1714 906 1780 esset
920 1731 963 1780 ex
979 1708 1054 1779 sola
1070 1705 1259 1793 charitate,

66 1839 202 1887 omnes
218 1822 394 1910 oporteret
410 1841 485 1888 essa
500 1817 652 1887 salvos.»
668 1817 802 1888 Dooent
817 1817 941 1887 deinde
957 1817 1025 1886 PP.
1036 1813 1261 1907 affirmando,

69 1952 87 1988 a
115 1922 367 1994 habitationes
389 1927 486 1995 siout
509 1925 627 2015 impiis
649 1923 704 1994 ita
718 1923 788 2015 piis
803 1946 879 1995 essa
892 1929 1119 2016 praeparatas
1139 1945 1260 1993 secun-

69 2029 163 2100 dum
192 2033 459 2124 praescientiam
482 2035 684 2120 futurorum
709 2055 741 2100 a:
770 2061 786 2096 a
811 2057 833 2102 a
854 2033 962 2102 Patre
992 2036 1155 2124 paratum
1186 2052 1261 2102 ease

68 2162 232 2234 regpum
255 2148 504 2236 consequenter
527 2144 743 2230 adlabores,
768 2165 843 2214 esse
867 2147 1115 2234 praeparatum
1131 2166 1152 2212 a
1168 2165 1264 2240 praa·

70 2249 233 2319 scientia
253 2250 373 2320 Patris
395 2253 437 2322 ob
461 2251 638 2323 virtutum
661 2250 902 2322 excellentiam
916 2264 960 2318 a:
988 2251 1106 2321 nolim
1121 2273 1260 2343 praepa

70 2359 202 2424 ratum
225 2379 299 2428 essa
321 2379 468 2450 regnum
491 2359 610 2445 iustis,
630 2359 824 2451 quiaDeus
840 2357 1002 2427 costales
1025 2359 1167 2427 futuros
1186 2379 1262 2427 asse

73 2463 280 2554 praescivit
303 2489 346 2532 n:
375 2493 391 2530 a
416 2488 502 2558 qnos
536 2466 728 2558 praescivit
762 2465 830 2535 sibi
860 2465 1015 2551 devotos,
1041 2465 1105 2534 hos
1136 2465 1261 2556 elegis·

74 2594 114 2641 sa
139 2573 191 2642 ad
213 2573 383 2664 promissa
398 2574 564 2665 praemia.
587 2601 603 2638 n
619 2574 835 2666 Implicitam
849 2596 931 2644 vero
947 2581 1005 2644 est*
1015 2579 1052 2643 et
1067 2595 1168 2662 saepe
1181 2595 1260 2663 sup-

75 2679 236 2769 positum
260 2680 318 2750 vel
340 2681 456 2751 minus
479 2680 643 2752 distincte
667 2703 869 2772 expressum
891 2680 929 2749 in
951 2680 1009 2750 his
1031 2685 1068 2750 et
1090 2679 1174 2749 aliis
1192 2701 1261 2749 non

76 2787 207 2877 paucis
222 2785 309 2858 locis
324 2787 469 2859 illorum
484 2792 641 2875 Petrum,
659 2789 803 2859 initium
827 2790 934 2859 bonae
957 2795 993 2859 et
1016 2788 1186 2858 salutaris
1201 2810 1258 2856 vo·

75 2895 236 2968 luntatis
249 2897 340 2991 quod
356 2903 411 2967 est
423 2897 522 2968 radix
540 2903 576 2967 at
587 2898 799 2989 principium
812 2899 1027 2984 meritorum,
1040 2899 1167 2994 quibus
1183 2899 1261 2969 vita

77 3011 228 3076 aeterna
250 3005 546 3096 praedestinatur,
565 3028 640 3078 esse
656 3013 692 3075 et
706 3007 822 3098 ipsum
838 3005 966 3076 donum
982 3005 1048 3076 Dei
1063 3012 1099 3076 et
1113 3027 1156 3074 ex
1179 3028 1260 3096 gra·

76 3112 146 3198 tia,
174 3111 319 3204 ideoque
340 3112 450 3182 vitam
473 3117 648 3184 aeternam
672 3113 968 3206 praedestinatam
994 3135 1069 3182 esse
1098 3113 1260 3204 praeviso

80 3221 222 3308 merito,
248 3220 340 3315 quod
362 3221 525 3290 meritum
547 3222 662 3315 ipsum
684 3223 735 3292 sit
756 3223 876 3313 gratia
897 3221 974 3310 Dei;
1001 3221 1092 3291 unda
1115 3221 1191 3307 fiat,
1219 3227 1261 3291 nt

78 3329 162 3420 ipsa
184 3328 459 3421 praedestinatio
481 3330 526 3400 ad
549 3329 697 3420 gloriam
720 3331 758 3400 in
781 3351 846 3400 sua
867 3330 996 3416 radice,
1015 3329 1054 3400 iu
1076 3331 1191 3421 prima
1206 3330 1259 3399 in-

81 3460 188 3527 quam
204 3437 336 3528 gratia,
354 3461 423 3507 non
439 3438 552 3530 possit
566 3437 694 3508 habere
710 3459 849 3508 causam
865 3438 1080 3516 meritoriam
1095 3461 1139 3507 ax
1158 3443 1259 3530 parta

80 3542 260 3615 hominum
284 3545 633 3636 praedestinatorum,
659 3553 764 3639 atque
787 3546 872 3617 adeo
896 3547 944 3618 sit
959 3569 1040 3617 vere
1056 3569 1125 3616 non
1142 3551 1257 3616 tamen

81 3673 176 3723 mara
187 3653 360 3744 gratuita.
377 3653 473 3724 Haeo
488 3655 579 3723 ratio
590 3653 923 3744 praedestinationis
934 3657 1074 3746 proriae
1088 3677 1130 3724 ex
1147 3653 1259 3724 nullis

82 3758 246 3832 hamanis
269 3761 418 3849 meritis,
443 3767 480 3832 et
489 3760 765 3852 praedestinatio
780 3765 874 3831 aicae
889 3777 1047 3830 accerime
1061 3784 1104 3830 ex
1121 3760 1259 3830 meritis

83 3871 234 3962 quidem,
259 3870 386 3940 sodex
409 3871 545 3940 meritis
566 3894 628 3962 per
651 3871 805 3961 gratiam
827 3869 942 3961 partis
972 3869 1171 3960 plenissima
1201 3867 1259 3938 de·

84 3977 184 4048 sensa
206 3985 242 4048 et
263 3975 459 4048 dilucidata
481 3983 535 4046 ast
557 3978 595 4047 in
618 3979 860 4048 controversia
876 3976 1081 4066 Pelagiana.
1099 3975 1193 4044 Hinc
1206 3975 1256 4061 id,

85 4087 176 4178 quod
200 4086 368 4156 dixerunt
383 4087 450 4154 PP.
470 4087 695 4158 vetustiores:
717 4108 895 4179 aquarum
910 4084 1036 4154 merita
1050 4084 1146 4154 Deus
1161 4106 1259 4176 praa·

85 4195 211 4280 scivit,
236 4217 354 4264 eorum
377 4194 532 4285 praemia
553 4193 849 4285 praedestinavit,
870 4191 1063 4262 avidamus
1079 4213 1101 4260 a
1116 4213 1258 4285 sequen-

85 4303 181 4374 tibus
201 4303 368 4373 Patribus
390 4301 493 4371 iuxta
515 4302 711 4394 Augustini
735 4308 771 4372 et
792 4300 971 4372 Ecclesiae
988 4301 1180 4372 catholicae
1200 4301 1258 4371 do·

87 4409 233 4479 ctrinam
257 4408 464 4479 distinctius
486 4409 658 4500 explicari
682 4410 720 4478 in
742 4408 837 4478 hunc
860 4430 1011 4479 sensumz
1032 4437 1048 4474 a
1066 4407 1259 4500 praedesti·

89 4518 188 4589 navit
210 4517 254 4588 ad
276 4539 435 4609 regnum,
461 4541 547 4611 quos
569 4517 613 4587 ad
630 4541 666 4588 se
682 4517 877 4610 praescivit
891 4515 1146 4586 misericordiae
1154 4540 1257 4610 proe-
