3262 5076
888 409 925 422 -
947 377 1007 437 514
1028 407 1066 422 -

392 485 510 575 Igitur
537 483 704 574 «agnitio
728 482 922 552 veritatisn
948 481 1325 572 dieitur-triplioiter,
1350 483 1487 573 agnitio
1509 483 1557 551 iu-

391 591 515 661 choata
538 613 599 682 per
621 599 876 660 estrumentum
900 599 935 659 et
959 591 1118 659 habitum
1135 588 1229 674 fidei,
1246 589 1385 679 agnitio
1400 589 1561 660 meiero

390 721 451 789 per
474 699 575 767 fidem
598 697 791 782 actualem,
818 697 955 787 agnitio
978 706 1216 768 consummata
1239 698 1277 766 iu
1301 697 1449 766 visione.
1474 697 1562 766 Vult

390 807 483 874 Deus
499 827 615 873 omnes
639 805 795 875 homines
817 804 960 873 adultos
981 812 1019 874 et
1041 805 1197 874 infantes
1212 805 1258 874 ed
1274 804 1489 894 agnitionem
1506 829 1559 873 ve-

390 912 510 981 ritatis
532 911 730 1001 pervenire:
750 911 810 980 sed
825 911 890 981 hoo
907 909 987 980 vult
1004 911 1117 1004 quoad
1133 913 1349 1003 agnitionem
1365 911 1561 982 inchoatam

389 1044 451 1112 pro
474 1020 615 1089 diversa
647 1043 765 1088 eorum
796 1019 995 1089 conditione
1027 1021 1124 1090 ruodo
1154 1021 1316 1105 diverso,
1348 1029 1390 1090 ut
1418 1022 1563 1090 venium

388 1127 542 1194 inientes
559 1124 603 1193 ed
620 1132 876 1194 sacramentum
891 1133 928 1194 et
943 1128 1114 1212 habitum,
1129 1127 1245 1196 adulti
1260 1128 1368 1196 etiam
1386 1127 1432 1196 ad
1448 1137 1562 1196 utum

388 1232 593 1324 agnitionis;
619 1255 735 1302 omues
760 1255 842 1302 vero
865 1234 909 1303 ed
932 1243 1202 1304 eonsummetem
1225 1235 1443 1325 agnitionem
1474 1237 1561 1304 veri·

389 1339 476 1408 tntis
499 1339 536 1406 in
559 1361 668 1428 reguo
689 1337 768 1407 Dei.

455 1447 504 1515 11.
531 1449 699 1516 Remanet
722 1450 892 1540 quaestio,
912 1449 1073 1540 quomodo
1098 1451 1145 1518 sit
1171 1448 1406 1538 intelligenda
1421 1449 1491 1518 ille
1506 1475 1562 1516 os-

390 1553 537 1623 teeedens
555 1557 711 1622 volantes
728 1557 889 1626 salvilioa
904 1558 1017 1649 quoad
1033 1581 1149 1626 omnes
1168 1557 1335 1626 infantes.
1354 1557 1395 1628 Si
1411 1559 1460 1628 ed
1476 1559 1563 1628 hano

388 1663 623 1756 quaestionem
646 1665 852 1755 simplieiter
876 1665 981 1734 interi
1008 1687 1208 1755 cogeremus
1224 1671 1379 1734 nostrum
1397 1665 1561 1756 ignoran-

388 1773 487 1855 tiam,
504 1794 573 1839 uon
595 1771 677 1840 ideo
700 1773 815 1843 miuus
833 1781 928 1842 certa
950 1781 1042 1842 esset
1065 1774 1201 1844 veritae
1216 1773 1322 1842 huius
1350 1773 1560 1856 voluntetis,

389 1902 491 1970 quam
515 1901 556 1946 ex
581 1877 766 1968 principiis
784 1879 951 1948 revelatis
974 1881 1217 1970 probavimus;
1236 1879 1339 1976 louge
1356 1881 1451 1949 enirn
1467 1881 1563 1949 aliud

389 1992 454 2068 est,
470 1993 512 2052 ut
529 1984 616 2068 dixi,
634 1984 871 2056 demonstrare
884 1987 1066 2055 veritatem
1086 1989 1171 2078 quio
1184 2001 1245 2068 eet,
1258 1995 1294 2054 et
1315 1986 1418 2055 aliud
1433 1987 1563 2058 intelli-

389 2115 470 2184 gere
488 2091 650 2184 qaomodo
669 2109 729 2161 est.
748 2094 987 2164 Nihilominus
1009 2123 1026 2158 a
1040 2093 1177 2164 nonita
1194 2094 1564 2184 inoognoseibilisiete

388 2207 442 2270 est
458 2201 628 2292 quaestio,
643 2210 684 2270 ut
700 2200 792 2268 nihil
810 2201 890 2271 inde
913 2201 1122 2271 eruditionis
1134 2203 1308 2292 possimus
1322 2202 1561 2293 requirerent

389 2307 432 2376 ad
449 2307 748 2396 contemplandum
765 2307 801 2376 id
819 2310 910 2401 qnod
935 2309 1049 2379 videri
1077 2317 1202 2400 potest,
1221 2308 1441 2400 tranquillus
1456 2313 1560 2379 sobrii

388 2413 503 2484 oordis
518 2413 727 2483 adhibentur
743 2417 924 2486 intuitus»
939 2417 1003 2504 (De
1022 2415 1201 2486 voeatioue
1213 2422 1310 2506 gent.
1324 2416 1350 2484 l.
1363 2416 1417 2486 11.
1430 2440 1462 2486 o.
1477 2417 1558 2504 81.).

389 2521 519 2590 Pendet
541 2528 656 2592 eutem
681 2529 756 2590 tota
779 2523 864 2594 haeo
887 2523 1136 2614 intelligentia,
1154 2530 1324 2616 quantum
1341 2547 1405 2593 nos
1419 2547 1496 2595 eum
1511 2547 1560 2594 aa

388 2630 485 2721 sequi
510 2651 709 2719 possumus,
736 2630 981 2700 adeliuitione
1004 2631 1163 2716 termini,
1190 2653 1271 2720 prae
1302 2653 1371 2724 quo
1399 2632 1560 2702 volontas

388 2735 547 2805 salvifiea
562 2735 702 2805 dicatur
717 2737 926 2806 antecellens.
941 2737 981 2806 Si
996 2737 1053 2806 hio
1070 2737 1239 2807 terminus
1250 2745 1343 2808 esset
1354 2738 1559 2828 simpliciter

388 2845 586 2936 praevisum
610 2843 782 2933 originale
808 2851 997 2934 peooatnm,
1019 2845 1123 2914 iaoile
1150 2843 1414 2935 intelligeretur
1429 2855 1559 2916 suteoe·

388 2952 509 3022 deuter
531 2951 576 3020 ed
599 2951 689 3020 hano
713 2951 967 3041 praevisionem
994 2952 1157 3022 voluntas
1181 2953 1310 3022 salutis
1334 2954 1489 3024 omnium
1511 2955 1558 3022 in·

388 3059 551 3128 fontium.
565 3059 653 3127 Tum
667 3081 750 3128 vero
763 3060 896 3150 pariter
908 3059 1073 3130 voluntas
1086 3083 1285 3152 eomeqeem
1296 3069 1390 3130 esset
1402 3061 1557 3145 dioeuds,

388 3189 475 3260 quae
491 3167 715 3260 consequitur
732 3167 983 3258 praevisionem
997 3169 1131 3259 moreti
1143 3167 1342 3258 originalis:
1354 3191 1434 3238 oum
1446 3177 1556 3239 auteur

389 3275 549 3343 volontas
571 3257 957 3367 salvifloa'ooorsqoem
979 3299 1046 3345 uon
1075 3277 1124 3346 sit
1150 3274 1375 3361 universalis,
1400 3277 1463 3346 sed
1486 3299 1556 3368 per·

387 3381 551 3450 titularis
574 3381 685 3474 quood
710 3403 766 3450 eos
781 3381 873 3450 solos
888 3382 949 3474 qui
972 3389 1055 3452 aotu
1073 3382 1270 3470 salvantur;
1288 3383 1556 3454 uouoludeurlum

387 3491 490 3568 esset,
515 3487 624 3555 Deum
648 3488 685 3556 iu
709 3489 886 3578 praesenti
917 3495 1014 3558 statu
1045 3489 1184 3580 generis
1215 3487 1308 3580 lapsi
1338 3497 1377 3559 et
1405 3490 1556 3582 reputati

386 3593 485 3666 nullo
509 3593 606 3662 modo
622 3595 713 3664 velle
737 3593 885 3665 mlutem
910 3597 1101 3666 infantium
1116 3597 1279 3682 aliorum,
1296 3597 1366 3666 uisi
1394 3599 1459 3690 qui
1481 3605 1555 3668 netu

386 3705 583 3776 salvantur.
605 3703 716 3796 Atqui
733 3703 769 3770 in
786 3701 982 3794 Scripturis
997 3709 1035 3772 et
1050 3703 1217 3772 Patribus
1238 3703 1280 3774 de
1297 3703 1484 3776 voluntate
1498 3703 1556 3775 Du'

387 3812 507 3904 egitur
535 3835 597 3902 pro
610 3903 615 3912 1
628 3817 725 3880 statu
756 3809 932 3902 praesenti
958 3809 1102 3880 humaui
1133 3813 1274 3902 generis
1304 3813 1418 3903 lapsi,
1453 3823 1583 3906 atque¹

387 3920 471 3988 adeo
495 3917 674 4010 supposito
698 3923 838 4008 peooato
862 3915 1030 4006 originali
1048 3919 1234 4008 propagati
1259 3919 1294 3986 iu
1312 3941 1431 3990 ornnes
1451 3927 1556 4011 poste·

387 4047 445 4093 ros
474 4025 572 4094 Adae
602 4025 697 4094 Deos
720 4023 853 4093 dieitur
877 4023 968 4094 velle
992 4024 1141 4094 salutem
1173 4025 1324 4095 omnium
1358 4026 1552 4114 hominunm

389 4131 553 4201 voluntas
582 4131 673 4202 euim
705 4129 884 4217 salvifice,
915 4153 1003 4223 quae
1034 4132 1070 4200 iu
1103 4131 1300 4223 Soripturis
1329 4141 1365 4202 et
1395 4135 1556 4204 Patribus

388 4237 623 4329 praedicatur,
646 4245 701 4308 est
720 4237 885 4308 voluntas
900 4237 1135 4327 Redemptor&
1156 4247 1192 4308 et
1207 4240 1435 4330 Roporotoris
1459 4247 1555 4310 natu·

389 4367 447 4415 rae
470 4346 607 4436 lapsae,
637 4356 673 4415 et
696 4346 772 4416 ideo
798 4345 963 4414 voluntas
980 4344 1186 4416 vivilioaudi
1210 4353 1246 4415 et
1272 4347 1420 4417 sanandi
1446 4369 1554 4417 omnes

388 4475 449 4542 per
471 4451 660 4538 Christum,
680 4453 739 4545 qui
766 4454 892 4522 mortui
918 4460 1001 4521 suot
1028 4477 1089 4544 per
1107 4455 1253 4544 primum
1271 4453 1396 4540 Adam,
1416 4463 1458 4524 ut
1472 4453 1552 4524 satie
