3292 5062
564 403 602 416 ..
624 369 683 432 123
704 403 742 417 ..

78 475 140 545 mul
160 478 335 546 asseritur
357 477 488 546 notitia
510 477 662 568 propria,
681 482 722 547 ut
737 477 833 546 Deus
855 478 894 547 iu
917 501 953 549 se
976 485 1048 566 est,
1074 485 1110 550 et
1131 481 1239 550 intui·

77 585 119 652 tio
152 585 376 670 immediata,
402 584 560 676 opposita
594 585 786 675 cognitioni
817 586 1020 677 analogicae
1051 611 1112 680 per
1143 589 1240 658 ideas

76 693 208 763 aliunde
232 695 427 780 derivatas,
453 717 540 786 quae
563 701 617 764 est
639 701 675 764 et
697 694 829 765 dicitur
853 697 1075 766 abstractiva.
1094 698 1134 768 Si
1149 699 1241 767 enim

75 801 160 870 Deus
182 802 502 893 comprehenditur,
528 809 698 894 quantum
720 809 775 872 est
798 805 1055 894 cognoscibilis;
1082 827 1164 874 sane
1187 829 1241 876 oo·

75 909 249 996 gnoscitur
271 909 403 978 notitia
425 909 578 999 propria,
597 909 690 978 utin
713 932 749 979 se
772 917 837 996 est,
863 935 926 981 nec
949 912 1021 980 alia
1043 914 1241 1002 cognitione

75 1039 169 1107 quam
192 1017 406 1102 immediata,
433 1017 523 1108 quod
546 1023 675 1086 natura
697 1017 819 1086 divina
841 1019 879 1086 iu
900 1042 936 1088 se
952 1027 988 1089 et
1002 1043 1063 1110 per
1078 1042 1115 1089 se
1130 1022 1241 1112 ipsam

75 1125 175 1192 menti
197 1124 371 1194 humanae
394 1147 431 1194 se
455 1125 553 1194 sistit
575 1125 852 1214 intelligibilem:
879 1129 973 1197 siout
995 1128 1151 1198 vicissim
1175 1129 1241 1199 hac

76 1232 269 1302 immediata
291 1232 481 1302 intuitione
496 1239 624 1323 negata
641 1241 761 1324 sponte
778 1237 1013 1328 consequitur,
1030 1236 1140 1305 Deum
1152 1237 1242 1306 ideis
1258 1259 1260 1266 ·

76 1338 210 1410 aliunde
233 1341 409 1410 derivatis
432 1347 468 1410 et
490 1340 670 1430 analogice
693 1347 843 1427 tantum,
861 1365 930 1410 non
946 1347 1074 1428 autera
1093 1343 1188 1412 utin
1204 1367 1240 1412 se

77 1453 134 1532 est,
160 1447 336 1537 cognosci,
362 1447 472 1516 multo
496 1470 579 1516 vero
602 1448 717 1516 minus
732 1447 975 1537 comprehendi
991 1472 1089 1538 posse
1102 1450 1165 1537 (l).
1178 1450 1240 1520 Ni·

77 1553 124 1621 hil
145 1578 227 1646 ergo
244 1556 382 1640 mirum,
402 1556 492 1647 quod
508 1556 743 1624 immediatam
759 1556 824 1624 Dei
836 1556 1059 1625 intuitionem
1073 1557 1242 1628 Anomoei

78 1661 111 1729 in
131 1685 213 1733 suae
235 1663 418 1733 haereseos
435 1663 669 1732 vindicatione
685 1665 790 1733 etiam
805 1665 947 1733 disertis
965 1666 1082 1736 verbis
1098 1666 1166 1735 sibi
1177 1666 1241 1736 tri·

79 1771 225 1842 buerant.
245 1774 306 1842 Ita
320 1774 434 1841 refert
452 1771 493 1840 de
507 1771 612 1840 Aetio
626 1771 848 1862 Epiphanius
865 1772 891 1841 l.
908 1796 937 1842 c.
960 1773 1058 1843 «Hic
1074 1797 1152 1844 cnm
1167 1774 1241 1844 suis

80 1888 281 1950 commentus
303 1886 369 1966 est,
395 1881 505 1949 Deum
528 1903 550 1948 a
573 1903 610 1949 se
632 1901 739 1970 supra
761 1879 925 1952 mortales
948 1903 1064 1951 omnes
1081 1881 1242 1972 cognosci

79 2012 140 2054 aaa
161 1987 339 2057 secuadum
354 1985 471 2078 fidens,
494 1987 554 2057 sed
571 2001 699 2054 notura
720 1985 898 2054 seeundum
920 1991 1140 2060 visionem...
1165 2013 1241 2081 per·

81 2095 153 2164 inde
173 2117 212 2166 ac
235 2097 411 2188 quispiam
444 2095 645 2185 cognoscit,
672 2095 762 2186 quod
794 2095 904 2164 oculis
936 2096 1093 2166 cernitur
1116 2105 1152 2167 et
1174 2121 1241 2166 ma

81 2203 174 2272 nibus
194 2208 476 2273 contrectatur...
501 2203 554 2272 ita
576 2202 629 2271 ait
650 2202 852 2292 praeclarus
874 2201 932 2273 hic
956 2204 1026 2276 vir:
1046 2211 1119 2275 tam
1130 2205 1241 2276 Deum

82 2311 157 2379 novi
170 2311 261 2381 sicut
277 2335 331 2382 me
342 2311 468 2402 ipsum,
479 2310 582 2380 immo
596 2332 665 2379 non
679 2316 817 2380 tantum
828 2311 913 2384 novi
927 2311 1119 2403 meipsum,
1134 2335 1241 2407 quan·

84 2419 150 2486 ium
168 2419 308 2488 Deum»
327 2418 390 2507 (2).

138 2670 174 2746 (1)
184 2695 197 2722 ι
208 2675 244 2730 In
255 2675 333 2730 omni
345 2675 457 2730 dolans
466 2676 579 2744 oportet
588 2689 693 2742 ponere
706 2673 828 2742 aliquid,
842 2688 897 2742 quo
909 2673 1012 2729 videus
1025 2674 1119 2729 risum
1130 2673 1238 2745 rideat,

86 2769 111 2818 et
126 2765 170 2821 hcc
186 2772 231 2821 est
248 2769 297 2822 vcl
316 2765 443 2820 assentis
461 2766 554 2834 ipsius
574 2767 641 2834 visi,
663 2767 739 2820 siout
751 2781 812 2820 cum
825 2767 902 2820 Deus
921 2766 1066 2831 cognoscit
1085 2781 1115 2820 se
1134 2767 1238 2835 ipsum,

86 2857 233 2924 reicitque
251 2854 415 2908 similitudo
434 2856 540 2908 eius...
554 2856 617 2911 lion
637 2859 731 2909 sutem
749 2858 846 2922 potest
864 2853 930 2922 dici,
953 2854 1028 2922 quod
1047 2856 1175 2910 essentis
1187 2856 1240 2909 Dei

86 2943 203 2999 videatur
221 2947 257 2999 ab
275 2945 375 3013 aliquo
394 2945 545 2999 intellectu
558 2949 652 3000 creato
666 2960 716 3012 per
729 2945 855 3012 aliquam
868 2944 1100 3000 similitudinem.
1114 2945 1149 2998 In
1163 2945 1240 2998 omui

87 3035 148 3088 eun
164 3037 337 3104 cognitione,
359 3049 431 3103 quse
451 3040 496 3088 eet
513 3051 565 3102 per
584 3033 814 3100 similitudinem,
836 3033 934 3086 modus
953 3033 1127 3101 cognitionis
1141 3037 1187 3087 est
1199 3049 1241 3088 se·

87 3123 191 3178 eundum
208 3125 439 3180 convenientiam
459 3123 664 3178 similitudinis
684 3123 719 3177 ad
738 3123 822 3191 illud,
844 3123 925 3178 cuius
944 3127 990 3177 est
1009 3123 1169 3178 similitudo
1172 3161 1239 3179 ......

88 3211 169 3270 Ornis
185 3221 280 3271 eutem
299 3214 461 3270 similitudo
480 3214 597 3268 diriuse
611 3214 755 3268 essentiae
768 3215 799 3267 in
813 3215 967 3268 intellectu
980 3217 1095 3282 recepta
1109 3229 1166 3268 nan
1179 3218 1240 3282 pot·

90 3305 236 3360 esthabere
256 3306 384 3374 aliquem
406 3305 635 3359 convenientiam
654 3319 715 3358 cum
735 3305 860 3358 essentia
878 3303 980 3358 dirius
1005 3305 1065 3356 uisi
1091 3305 1241 3371 analogice

89 3398 191 3460 tomos,-
210 3401 240 3451 et
256 3397 321 3450 idea
340 3396 468 3462 cognitio
489 3411 563 3463 quus
584 3402 650 3447 aret
669 3411 723 3461 par
741 3395 825 3446 talem
843 3394 1067 3459 similitudinem,
1091 3409 1152 3446 aaa
1172 3401 1238 3447 esset

90 3483 162 3548 ipsias
177 3487 230 3540 Dei
242 3503 296 3554 per
311 3486 465 3550 urentium,
482 3484 532 3538 sed
551 3486 641 3539 multo
662 3484 865 3552 imperfectior,
888 3499 971 3551 quam
985 3483 1010 3537 si
1023 3487 1240 3548 cognosceretur

91 3575 234 3631 abstantia
251 3591 303 3646 per
321 3576 542 3630 similitudinem
560 3575 750 3631 accidentis...
764 3575 867 3629 Restat
885 3589 951 3644 erga
972 3578 1006 3627 ut
1025 3565 1100 3626 illud
1120 3586 1175 3639 quo
1195 3571 1239 3625 lu·

90 3665 205 3721 udatus
223 3671 337 3722 creatus
355 3669 444 3721 Deum
463 3681 514 3734 per
531 3667 686 3720 essentiam
705 3665 798 3734 ridet,
820 3665 860 3719 sit
878 3665 1006 3718 essentis
1026 3663 1172 3717 divina...
1187 3663 1239 3714 Oa·

90 3755 168 3818 guitia
188 3757 250 3808 siaa
276 3764 316 3808 est
341 3755 492 3808 secundum
514 3756 626 3823 sarasar
651 3755 828 3808 existentiam
850 3761 1022 3818 creatorum,
1046 3759 1072 3804 st
1092 3750 1156 3802 idea
1179 3765 1240 3802 aaa

87 3853 160 3908 potest
171 3849 330 3914 pertingere
348 3847 386 3898 ad
403 3846 450 3911 id,
467 3847 598 3914 guadeat
615 3846 835 3913 superexistente
850 3839 1031 3918 (o‘rspaaasos)
1055 3829 1191 3898 arnon.
1205 3838 1239 3894 de

90 3935 161 3988 serit.
171 3951 198 4004 q.
207 3938 234 3990 8.
245 3953 272 3990 s.
284 3937 310 3993 l.
321 3951 397 4004 corp.
412 3938 442 3988 et
459 3934 495 3989 sd
510 3936 553 4003 10,
574 3935 611 3990 ci.
623 3934 750 3988 Summae
766 3935 791 3986 1.
808 3949 837 4001 q.
847 3933 920 3986 aas
933 3932 960 3986 3.

143 4023 385 4098 (2)¹Epurraa3n„.
401 4023 446 4079 a'os
461 4025 503 4079 ἔπι
516 4047 548 4096 τῳ
564 4022 657 4078 istesso
672 4045 716 4078 aas
728 4023 787 4078 taos
799 4045 870 4078 uara
882 4043 981 4089 πιστιν,
992 4021 1070 4076 assa
1083 4035 1159 4092 φυσυ
1170 4039 1240 4073 sura

91 4109 199 4171 intruso...
211 4115 242 4178 ὥς
264 4111 306 4170 ias
325 4133 440 4186 perarua
454 4135 493 4176 τις
509 4135 560 4168 παν
580 4115 672 4186 o'parcs
688 4134 731 4167 και
750 4134 843 4186 χερσιν
864 4109 947 4166 eiorou
960 4110 1167 4182 ψηλαφωμενον.
1178 4109 1241 4162 Iste

92 4207 279 4270 conparatione
296 4221 354 4259 non
368 4203 482 4272 quidem
496 4202 639 4270 sensilem,
655 4202 705 4256 sed
718 4202 906 4254 immediatam
918 4199 1085 4253 intellectus
1098 4196 1240 4252 visionem

92 4287 210 4347 haeretiei
227 4294 417 4359 designabunt
426 4313 433 4360 ς
453 4292 521 4346 iude
532 4307 599 4345 vero
614 4291 700 4344 simul
719 4291 872 4357 relutrdur,
885 4288 960 4357 quod
980 4287 1085 4341 Suarea
1098 4287 1142 4340 sit
1154 4281 1237 4356 (1.11.

94 4393 111 4430 t.
120 4381 143 4433 8.
152 4398 178 4435 n.
188 4380 234 4457 1.),
254 4385 423 4439 Eunamium
441 4386 472 4437 et
487 4382 602 4436 Aetium
621 4380 716 4455 (quem
735 4381 864 4449 appellat
880 4374 1029 4449 laedium)
1042 4392 1098 4430 non
1117 4388 1179 4428 esse
1198 4375 1238 4426 lo·

95 4471 159 4524 utos
174 4471 206 4528 ds
221 4473 468 4544 comprehensione
485 4487 537 4544 per
556 4471 634 4528 viras
653 4473 784 4538 naturas,
810 4469 859 4526 sed
882 4468 917 4523 ds
935 4467 1098 4537 ooguitloue
1116 4476 1239 4533 compre·
