3292 5062
893 333 932 346 -
956 301 1014 360 163
1034 331 1072 345 ..

404 413 502 482 aliud
525 409 771 502 aspectabilem
793 406 882 498 ipsis
897 405 1008 474 oculis
1029 403 1239 493 glorificatis
1263 403 1326 492 (1).
1348 431 1366 466 a
1384 399 1487 484 Quod
1515 419 1577 464 au·

402 529 471 590 tem
494 519 614 588 statim
638 517 727 586 visis
749 513 951 604 corporibus
974 511 1098 580 divina
1112 511 1311 602 praesentis
1325 534 1369 578 ex
1384 509 1436 579 eis
1452 527 1577 596 cogno-

403 636 522 696 scetur
556 649 618 716 per
647 624 883 705 intellectum,
908 643 950 689 ex
980 620 1115 688 dnobus
1145 619 1341 708 contingit,
1368 615 1508 685 scilicet
1535 635 1578 680 ex

402 735 652 825 perspicuitate
674 731 876 800 intellectus
898 735 991 798 etex
1007 727 1224 818 refulgentia
1240 727 1383 795 divinae
1397 721 1580 794 claritatis

402 843 440 910 in
464 843 666 932 corporibus
688 841 868 908 innovatis
885 865 902 900 s
932 835 969 905 S.
989 835 1056 904 Th.
1076 835 1108 904 1.
1127 861 1161 928 q.
1188 835 1244 904 12.
1266 858 1300 902 a.
1328 835 1362 903 3.
1389 834 1434 902 ud
1458 833 1494 900 2.
1520 829 1580 898 Ita

403 948 634 1040 intelligenda
656 955 740 1016 sunt
761 949 870 1017 verba
891 945 1101 1035 Augustini:
1118 973 1135 1008 c
1157 944 1375 1036 quamobrem
1398 940 1479 1009 fieri
1503 943 1580 1028 pot·

402 1062 457 1124 est
486 1055 656 1148 valdeque
686 1053 852 1125 credibile
874 1060 941 1139 est,
966 1053 1018 1122 sic
1040 1075 1103 1120 nos
1129 1075 1204 1121 esse
1226 1052 1365 1118 visuros
1399 1045 1581 1116 mundane

401 1169 486 1232 tunc
509 1185 654 1252 corpore
676 1161 764 1231 coeli
785 1161 868 1229 novi
890 1166 928 1230 et
951 1169 1067 1230 terrae
1090 1181 1223 1244 novae,
1249 1166 1291 1226 nt
1313 1159 1425 1226 Deum
1447 1155 1580 1244 ubique

402 1279 617 1363 praesentem
631 1278 668 1340 et
683 1269 849 1338 universa
864 1268 971 1336 etiam
987 1289 1132 1358 corpora
1154 1269 1404 1357 gubernantem
1427 1287 1491 1355 per
1507 1285 1581 1332 cor

326 1373 348 1405 ⁴
402 1401 505 1471 pore,
530 1401 618 1470 quae
640 1377 873 1467 gestabimus,
899 1383 935 1444 et
965 1381 1041 1466 (per
1072 1377 1151 1462 illa)
1174 1397 1262 1467 quae
1297 1373 1577 1463 conspiciemus,

313 1477 319 1488 ⁸
402 1507 681 1578 quaquaversum
703 1481 820 1552 oculos
843 1483 1070 1568 duxerimus,
1096 1483 1292 1552 clarissima
1321 1479 1578 1572 perspicuitate

401 1596 601 1680 videamus;
619 1615 688 1662 non
710 1593 803 1662 sicut
824 1616 917 1660 nuno
940 1591 1137 1662 invisibilis
1159 1591 1225 1660 Dei
1239 1613 1300 1681 per
1315 1611 1356 1658 ea
1373 1611 1462 1681 quae
1479 1590 1579 1658 facta

402 1709 496 1786 sunt,
514 1701 695 1769 intellecta
718 1699 983 1790 conspiciuntur
1004 1722 1066 1790 per
1082 1699 1259 1790 speculum
1275 1699 1314 1766 in
1332 1696 1575 1786 aenigmate...

402 1810 463 1878 sed
486 1808 580 1878 sicut
602 1807 779 1892 homines,
805 1807 897 1876 inter
929 1830 1015 1898 quos
1046 1807 1207 1876 mventes
1234 1813 1416 1896 motusque
1445 1804 1577 1872 vitales

399 1923 598 1985 exserentes
613 1915 778 1999 vivimus,
795 1937 872 1982 mox
897 1922 937 1983 ut
959 1913 1149 2006 aspicimus
1171 1937 1239 1983 non
1263 1913 1436 1982 credimus
1452 1909 1577 1980 vivere

400 2025 460 2092 sed
485 2023 685 2092 videmus...
703 2023 756 2090 ita
779 2043 994 2114 quacumque
1016 2022 1195 2113 spiritalia
1217 2014 1283 2090 illa
1304 2021 1440 2089 lumina
1455 2041 1575 2107 corpo

400 2155 478 2200 rum
501 2137 698 2199 nostrorum
721 2129 1027 2214 circumferemus,
1052 2131 1291 2220 incorporeum
1321 2130 1433 2197 Deum
1459 2125 1577 2194 omnia

400 2243 577 2324 regentem
588 2233 705 2314 ,etiam
728 2257 790 2324 per
814 2255 958 2323 corpora
992 2233 1233 2303 contuebimur
1254 2262 1271 2297 s
1293 2235 1389 2323 Aug.
1412 2233 1516 2300 ibn.
1538 2229 1573 2297 o.

399 2341 454 2410 Cf.
472 2341 609 2432 Lupum
620 2341 837 2410 Ferrariens.
850 2342 967 2432 ep.30.
983 2342 1091 2428 (Bibl.
1101 2341 1195 2410 liar.
1205 2342 1273 2410 PP.
1284 2343 1328 2410 ¹1¹.
1341 2340 1422 2409 XV.
1436 2363 1471 2430 p.
1485 2339 1572 2422 lu).

465 2449 515 2518 11.
534 2449 664 2518 Verum
688 2450 725 2520 in
749 2449 944 2541 Scripturis
967 2457 1004 2520 et
1026 2451 1064 2520 in
1085 2450 1320 2542 explicatione
1334 2448 1576 2518 ecclesiastica

399 2557 617 2647 potissimum
632 2580 674 2628 ac
688 2557 803 2649 prima
826 2558 1020 2628 intentione
1039 2583 1107 2627 non
1122 2583 1186 2650 pro
1201 2557 1313 2628 oculis
1327 2557 1496 2647 corporis,
1515 2558 1575 2625 sed

399 2689 461 2757 pro
483 2665 668 2735 intellectu
691 2677 808 2736 creato
830 2689 940 2736 sermo
963 2673 1017 2736 est
1039 2667 1081 2736 de
1104 2665 1352 2735 invisibilitate
1374 2665 1454 2732 Dei.

465 2773 509 2840 1⁰.
526 2773 570 2840 In
593 2773 710 2842 verbis
743 2775 1089 2867 Rom.1.2o.supra
1118 2775 1279 2866 expensis
1302 2774 1370 2862 (th.
1388 2773 1457 2859 Π.)
1480 2796 1574 2842 reco-

397 2880 495 2950 latur
518 2882 607 2950 mira
636 2881 701 2950 illa
735 2883 998 2949 invisibilitatis
1033 2891 1070 2951 et
1102 2883 1326 2950 visibilitatis
1350 2881 1571 2950 coniunctio:

401 3017 418 3051 s
437 2989 635 3056 invisibilia
658 2993 732 3056 eius
753 3013 816 3081 per
838 3011 880 3060 ea
902 3013 990 3082 quae
1014 2991 1111 3060 iacta
1133 2997 1229 3076 sunt,
1248 2989 1425 3056 intellecto
1440 2991 1572 3076 conspi-

459 3311 502 3384 (1)
520 3315 669 3368 Praeclare
683 3315 758 3368 hene
770 3329 829 3368 rem
848 3316 975 3383 explicet
995 3317 1025 3370 S.
1036 3316 1199 3372 Bernerdu
1218 3319 1360 3372 eern.IV.
1374 3318 1405 3371 in
1425 3321 1571 3372 solemnit.

398 3404 521 3458 omnium
540 3403 590 3458 88.
615 3420 645 3457 n.
664 3406 691 3459 a.
715 3425 728 3452 ι
740 3405 908 3472 'iripliciter
925 3407 955 3458 in
979 3409 1096 3460 aetem
1118 3409 1173 3461 ille
1192 3413 1222 3461 et
1242 3409 1370 3475 perfecte
1389 3409 1572 3462 beatitudine

396 3495 524 3547 menes
543 3495 619 3560 Deo,
640 3493 773 3548 videntes
795 3497 827 3548 in
846 3497 978 3549 omnibus
998 3499 1157 3564 creaturis,
1185 3498 1324 3552 hebentes
1346 3514 1408 3552 eum
1434 3500 1466 3552 in
1488 3501 1570 3553 nobis

396 3583 489 3649 ipsis,
511 3587 541 3635 et
563 3581 638 3649 qnod
657 3583 704 3636 bie
723 3584 854 3637 omnibus
872 3585 1062 3638 ineffabiliter
1082 3585 1236 3639 iucundius
1263 3587 1305 3638 sit
1325 3591 1413 3654 etque
1436 3589 1568 3654 bestius,

396 3672 489 3738 ipsam
509 3686 622 3738 quoque
639 3679 840 3738 cognoscentes
864 3673 897 3728 in
918 3675 1073 3743 semetipse
1089 3675 1272 3742 Trinitetem,
1296 3679 1325 3729 et
1344 3677 1466 3742 gloriam
1489 3679 1570 3731 iliu
1590 3679 1594 3686 '

397 3759 458 3812 sine
480 3762 540 3813 ulto
559 3763 720 3827 eenimte
743 3762 845 3816 mundo
871 3762 965 3817 cordis
992 3765 1072 3817 ceule
1096 3767 1332 3833 contemplantes.
1362 3767 1397 3818 ln
1419 3766 1475 3820 hoc
1496 3769 1569 3820 enin

396 3850 454 3901 erit
474 3849 538 3902 vite
558 3855 675 3902 aetem
697 3853 728 3902 et
747 3851 892 3919 perfecte,
915 3857 948 3904 ct
969 3867 1168 3918 cognoscemus
1189 3855 1303 3908 Patrem
1326 3859 1356 3908 et
1376 3855 1487 3910 Filium
1510 3873 1568 3910 eun

396 3936 426 3990 S.
440 3937 561 4006 Spiritu,
583 3943 613 3992 et
631 3939 778 3994 videamus
800 3943 899 4010 Deum,
913 3944 1001 3996 sicuti
1021 3947 1080 3997 est:
1104 3944 1136 3996 id
1156 3949 1211 4010 eet,
1229 3960 1287 3998 non
1299 3943 1380 3997 modo
1392 3945 1470 3998 sicut
1482 3945 1566 4012 inest,

396 4027 481 4080 nobis
500 4029 637 4084 videlieet
653 4037 705 4086 ent
722 4032 827 4086 ceteris
846 4033 996 4100 creeturie5
1012 4033 1063 4086 sed
1081 4033 1158 4086 sieut
1178 4037 1225 4086 eet
1249 4035 1280 4086 in
1303 4034 1468 4102 semetipso.
1492 4035 1568 4089 Unde

397 4115 452 4169 duc
471 4117 526 4169 ille
546 4115 635 4188 (visio
655 4121 686 4172 in
706 4123 788 4174 nobis
807 4125 838 4174 et
854 4123 959 4176 ceteris
978 4117 1131 4191 erestnris)
1150 4123 1233 4176 velut
1252 4123 1487 4178 mmumieeentie
1510 4141 1567 4178 esse

396 4203 541 4270 videntur,
567 4221 639 4274 quse
660 4209 863 4278 praediximus,
888 4215 918 4265 et
936 4213 1019 4279 qussi
1038 4217 1135 4266 cortex
1156 4211 1266 4266 tritici:
1296 4212 1367 4267 teee
1386 4229 1455 4266 sero
1477 4213 1566 4280 cogni·

397 4295 449 4358 tio,
470 4311 579 4350 summe
597 4297 799 4368 testitudinis,
819 4301 914 4354 tritici
933 4300 1068 4370 medulla,
1082 4301 1171 4368 adeps
1190 4302 1338 4372 menti,
1361 4319 1422 4383 quo*
1435 4304 1567 4358 wirunt

396 4384 503 4438 cisitu
520 4391 621 4439 tenete
633 4388 789 4442 lemelern
802 4391 937 4443 satietur.
953 4411 966 4440 s
