3280 5070
599 307 636 321 -
659 272 719 338 629
740 306 776 321 ..

68 385 151 448 tur
178 379 315 464 merito,
342 380 402 449 sed
424 379 561 448 omnino
577 403 619 450 ex
635 403 729 448 mera
745 379 904 468 gratuita
921 378 1171 448 misericordia.
1189 377 1269 450 Nisi

69 488 186 556 enim
210 487 274 557 hoc
297 487 349 555 ita
372 493 475 573 esset,
502 489 572 555 iam
594 487 695 556 homo
711 487 882 577 inciperet
897 487 989 558 viam
1007 487 1133 556 salutis
1152 489 1269 580 aliquo

71 619 219 687 opere,
245 597 336 688 quod
358 621 426 665 non
450 603 542 667 esset
565 597 692 666 donum
722 596 789 664 Dei
820 597 1108 686 supernaturale,
1134 601 1170 664 et
1192 595 1269 666 ideo

71 729 160 774 non
186 715 279 778 esset
301 705 609 798 praedestinatum
634 704 693 772 hio
713 727 795 774 vero
813 703 887 794 ipse
903 703 1090 796 nullusque
1106 707 1200 776 alius
1217 711 1272 776 eat

72 835 206 898 error,
232 837 332 906 quem
363 813 546 884 excludere
577 812 733 881 intendit
754 811 979 900 Augustinus
1014 814 1271 903 praedicatione

72 921 437 1011 praedestinationis.
464 923 565 990 Licet
595 923 721 1013 quippe
753 919 1025 1021 semipelagiani
1057 923 1266 1008 faterentur,

74 1051 200 1119 opera
224 1031 311 1098 bona
334 1030 580 1122 subsequentia
603 1029 680 1098 lieri
705 1051 765 1118 per
788 1029 953 1118 gratiam,
980 1051 1082 1120 quam
1105 1030 1269 1120 impetra·

76 1138 193 1208 verit
213 1139 376 1207 meritum
398 1137 587 1206 humanum
610 1143 647 1206 et
668 1136 843 1220 naturale,
870 1144 974 1229 atque
993 1136 1070 1228 ideo
1087 1135 1151 1206 illa
1167 1159 1272 1228 opera

78 1245 191 1313 sient
213 1267 274 1335 per
298 1246 450 1336 gratiam
474 1267 495 1313 a
517 1245 589 1313 Deo
612 1244 796 1328 donantur,
813 1245 866 1312 ita
880 1245 986 1312 etiam
1003 1245 1268 1334 praedestinari,

83 1376 167 1422 non
186 1359 366 1423 esttamen
379 1352 464 1424 haec
480 1353 598 1442 gratia
610 1374 694 1422 vera
707 1374 794 1444 qnae
811 1353 926 1442 gratis
939 1353 1055 1438 datur,
1070 1361 1106 1421 et
1119 1358 1274 1444 propter-

83 1483 136 1530 ea
154 1459 332 1550 genuinus
348 1460 530 1530 character
554 1459 637 1528 doni
660 1461 720 1552 qui
736 1463 931 1552 requiritur
953 1461 991 1528 in
1014 1462 1160 1529 termino
1176 1483 1272 1551 prae·

84 1569 358 1654 destinationis,
377 1577 418 1638 ut
440 1591 461 1636 a
484 1569 675 1637 Catholicis
699 1569 894 1658 profitenda
917 1574 983 1654 est,
1005 1568 1124 1636 deficit
1147 1592 1213 1636 non
1231 1571 1273 1638 cb

86 1677 210 1761 aliud,
235 1677 305 1744 nisi
322 1678 404 1768 quia
420 1677 533 1769 prima
549 1677 666 1766 gratia
681 1685 830 1766 negatur
845 1677 960 1766 gratis
975 1677 1063 1762 dari,
1081 1685 1116 1745 et
1132 1675 1272 1745 inchoa-

86 1784 148 1854 tio
165 1783 204 1851 in
221 1784 281 1852 via
297 1783 423 1853 salutis
438 1784 653 1853 adscribitur
669 1783 806 1851 viribus
818 1795 965 1852 naturae
982 1789 1017 1852 et
1033 1784 1156 1852 merito
1172 1791 1272 1852 natu-

87 1891 182 1961 rali.
199 1890 292 1980 Lege
307 1899 344 1958 et
357 1890 473 1980 relege
488 1890 596 1958 libros
610 1889 805 1978 Augustini
821 1890 862 1958 de
879 1889 1034 1979 Corrept.
1053 1894 1089 1958 et
1105 1895 1212 1979 grat,
1232 1889 1274 1959 de

88 1997 278 2065 Praedast.
297 1996 514 2083 Sanctorum
534 1997 576 2064 de
589 1997 684 2092 Dono
700 1996 991 2086 perseverantiae,
1011 1996 1048 2063 in
1071 1996 1197 2088 quibus
1219 2019 1273 2063 ra·

90 2106 231 2173 tionem
243 2104 569 2193 praedestinationis
585 2105 800 2193 potissimum
820 2111 924 2193 urget
939 2112 975 2172 et
989 2103 1153 2194 explicat,
1171 2112 1274 2196 atque

94 2233 175 2279 una
190 2213 306 2280 confer
318 2211 426 2279 libros
442 2211 531 2278 alios
543 2211 712 2280 adversus
724 2209 942 2300 Pelagianos,
957 2210 1156 2304 nullamque
1169 2213 1275 2280 aliam

94 2327 242 2410 praeter
264 2317 354 2386 hano
377 2319 529 2409 reperies
553 2318 645 2408 apud
669 2317 782 2408 ipsum
806 2319 1134 2408 praedestinationis
1151 2319 1275 2388 descri-

98 2426 266 2516 ptionem,
294 2429 394 2496 cuins
417 2428 600 2517 negatione
616 2426 824 2516 Pelagianos
847 2433 884 2497 et
907 2426 1202 2518 Semipelagianos
1223 2451 1274 2496 er·

97 2557 196 2618 rare,
215 2535 314 2604 cuius
330 2535 562 2604 defensionem
578 2535 621 2604 ad
638 2535 806 2604 sinceram
824 2535 1112 2624 praedicationem
1138 2535 1275 2625 gratiae

99 2641 269 2710 tuendam
294 2663 316 2708 a
338 2664 375 2708 se
399 2649 606 2731 susceptam,
632 2641 733 2710 onius
756 2643 1002 2730 professionem
1026 2642 1105 2711 inde
1128 2643 1171 2710 ab
1187 2643 1275 2732 Apo·

101 2748 207 2818 stolis
230 2748 422 2818 Ecclesiam
433 2749 498 2818 Dei
515 2770 699 2840 numquam
718 2771 786 2817 non
809 2747 970 2817 habuisse
987 2749 1147 2834 affirmat,
1165 2755 1202 2818 et
1218 2773 1274 2817 on·

103 2855 164 2924 ins
186 2855 329 2946 proinde
353 2856 453 2925 iidem
470 2857 513 2924 ab
529 2857 728 2924 errantibus
745 2855 819 2924 illis
835 2857 1088 2926 instantissime
1105 2856 1272 2949 postulat.

102 2963 217 3053 Atqui
240 2963 277 3031 in
298 2961 365 3040 hac
388 2969 465 3032 tota
488 2963 647 3032 doctrina
678 2963 814 3032 nullum
845 2971 898 3032 est
921 2964 1111 3052 vestigium
1142 2969 1276 3032 contro·

104 3072 240 3142 versiae
263 3071 304 3142 ds
328 3072 459 3156 ordine,
479 3095 546 3164 quo
561 3094 634 3140 sese
651 3072 828 3162 excipiant
845 3071 1121 3161 praedestinatio
1137 3072 1181 3140 ad
1199 3095 1275 3162 ope·

105 3199 148 3247 ra
172 3179 257 3246 bona
280 3201 341 3270 per
364 3181 515 3268 gratiam
540 3202 622 3250 vere
651 3181 864 3270 gratuitam,
891 3188 927 3247 et
951 3180 1093 3247 seorsim
1121 3187 1277 3270 spectata

106 3286 378 3377 praedestinatio
402 3289 444 3355 ad
470 3287 579 3356 vitam
603 3297 789 3370 aeternam,
816 3286 1001 3378 quasillis
1027 3287 1187 3376 operibus
1202 3269 1277 3356 red-

108 3393 216 3462 ditur.
245 3393 387 3486 Siquis
412 3417 493 3464 vero
517 3417 578 3484 per
601 3394 840 3464 deductionem
865 3417 905 3463 ex
931 3394 995 3464 hac
1012 3395 1278 3485 Augustinianu

107 3502 244 3572 notione
279 3505 608 3592 praedestinationis
639 3505 748 3575 vellet
784 3505 961 3600 inquirere
1000 3505 1153 3575 ordinem
1184 3506 1277 3574 inter

109 3610 458 3702 praedestinationem
482 3615 627 3704 praemii
643 3623 679 3684 et
694 3613 1042 3704 praedestinationem
1060 3613 1189 3698 meriti,
1208 3613 1278 3682 dici

110 3719 246 3788 deberet
254 3717 477 3809 Augustinus
489 3745 531 3790 ex
545 3723 618 3791 suis
630 3721 815 3813 principiis
824 3722 1120 3814 praeparationem
1133 3721 1170 3790 in
1181 3741 1278 3810 prae·

108 3826 255 3898 scientia
278 3850 340 3896 seu
363 3829 712 3918 praedestinationem
729 3830 825 3911 vitae
840 3831 1055 3900 intellexisse
1072 3849 1277 3919 consequan-
1330 3885 1333 3890 .

107 3939 176 4002 tem
199 3933 244 4002 ad
267 3937 566 4025 praeparationem
581 3937 718 4027 gratiae
742 3945 777 4007 et
800 3939 1012 4022 meritorum,
1035 3959 1074 4005 eo
1097 3937 1172 4025 ipso
1188 3934 1278 4027 quod

110 4041 206 4108 docet
228 4040 353 4109 donum
379 4043 474 4112 vitae
498 4052 659 4114 aeternas
690 4067 762 4114 esse
793 4044 981 4113 mercedem
1015 4043 1131 4111 datarn
1163 4063 1277 4112 conse·

112 4155 253 4238 quenter
275 4147 319 4216 ad
343 4150 467 4218 merita
490 4151 786 4240 supernaturalia.
813 4151 902 4225 Vide
925 4150 978 4218 th.
1004 4149 1117 4218 LVII.
1143 4146 1275 4218 LVlII.

114 4252 204 4322 Illud
236 4254 360 4324 saltem
383 4257 473 4348 quod
504 4280 613 4326 unum
644 4281 736 4328 nnnc
768 4258 1006 4343 affirmamus,
1032 4266 1086 4326 est
1116 4257 1277 4340 evidens,

116 4359 302 4432 doctrinam
326 4363 367 4434 de
389 4365 709 4456 praedestinatione
731 4367 775 4436 ab
798 4365 1000 4458 Augustino
1030 4365 1205 4436 defensam
1235 4361 1280 4432 ad
