3292 5062
894 363 931 380 ..
956 333 1015 394 130
1038 363 1076 379 ..

397 439 515 504 autem
537 443 657 506 noster
679 459 757 506 cum
773 460 794 506 a
810 440 914 508 rebus
936 437 1066 506 creatis
1088 437 1319 526 coguitionem
1344 437 1508 527 accipiat,
1525 438 1589 506 in-

399 543 573 611 formatur
594 543 887 614 similitudinibus
910 545 1012 632 (ideis
1035 545 1242 634 analogicis)
1265 545 1519 634 perfectionum
1544 547 1592 614 in

400 651 573 718 creaturis
596 652 830 738 inventarum,
857 655 950 722 sicut
972 653 1185 742 sapientiae,
1212 653 1382 737 virtutis,
1408 652 1592 720 bonitatis

404 765 441 826 et
463 757 675 828 huiusmodi.
693 761 792 830 Unde
816 762 911 830 sicut
931 785 987 830 res
1002 767 1139 830 creatae
1162 759 1367 852 aliqualiter
1389 759 1476 828 licet
1498 759 1589 828 defi-

401 865 533 934 cienter
557 867 629 936 Deo
660 870 923 954 assimilantur,
949 871 1002 938 ite
1024 875 1061 938 et
1080 867 1282 936 intellectus
1305 875 1423 936 noster
1455 867 1590 936 harum

401 975 652 1062 perfectionum
676 977 853 1066 speciebus
884 977 1098 1045 informatur
1103 1026 1170 1044 .....
1195 975 1294 1043 Unde
1319 979 1459 1064 oportet
1488 973 1591 1066 quod

401 1079 477 1164 illa,
495 1103 581 1172 qnae
598 1083 800 1154 intellectus
823 1084 948 1152 barum
964 1083 1156 1168 specierum
1180 1082 1454 1172 perfectionibus
1471 1083 1590 1150 infor-

402 1191 516 1255 matus
540 1187 581 1256 de
604 1189 675 1257 Deo
699 1191 834 1278 cogitat
857 1189 913 1258 vel
937 1189 1119 1272 enuntiat,
1143 1188 1180 1256 in
1204 1189 1276 1256 Deo
1300 1209 1382 1256 vere
1404 1188 1588 1272 existant,

402 1293 462 1384 qui
480 1293 667 1387 uuicuique
683 1295 939 1390 praedictarum
956 1294 1147 1386 specierum
1163 1293 1349 1383 respondet
1363 1295 1458 1363 sicut
1474 1293 1587 1378 illud,

401 1401 458 1470 cui
481 1425 596 1470 omnes
620 1404 751 1472 similes
775 1409 871 1472 suut.
898 1403 938 1472 Si
961 1407 1078 1472 autem
1102 1401 1302 1471 huiusmodi
1335 1401 1591 1490 intelligibilis

402 1510 533 1598 species
555 1511 667 1578 nostri
691 1511 893 1580 intellectus
916 1511 1074 1580 divinam
1097 1511 1282 1578 essentiam
1306 1508 1524 1600 adaequaret
1547 1509 1591 1576 in

401 1617 642 1700 assimilando,
669 1619 780 1707 ipsam
804 1617 1150 1708 comprehenderet...
1180 1616 1257 1684 Nou
1285 1625 1401 1684 autem
1426 1617 1590 1706 perfecte

402 1725 576 1792 assimilat
604 1725 760 1792 divinam
791 1727 977 1796 essentiam
1000 1725 1131 1816 species
1154 1724 1356 1814 praedicta,
1381 1731 1424 1792 ut
1445 1723 1589 1792 dictum

401 1837 465 1916 est3
484 1839 520 1898 et
535 1831 610 1900 ideo
627 1831 711 1900 licet
727 1831 927 1900 huiusmodi
951 1831 1101 1914 nomina,
1128 1853 1215 1922 quae
1239 1831 1440 1898 intellectus
1463 1853 1507 1898 ex
1528 1839 1586 1898 ta-

401 1934 495 2004 libus
519 1938 799 2028 conceptionibus
821 1938 893 2006 Deo
916 1937 1095 2018 attribuit,
1122 1937 1325 2025 significent
1348 1937 1383 2005 id
1408 1937 1500 2028 quod
1528 1945 1587 2006 est

402 2043 524 2112 divina
546 2046 757 2130 substantia,
776 2069 844 2113 uon
861 2054 976 2114 tamen
1000 2047 1152 2134 perfecte
1175 2045 1286 2134 ipsam
1309 2046 1517 2135 significant
1536 2071 1590 2117 ee·

402 2153 552 2220 cundum
583 2153 673 2244 quod
692 2161 767 2236 est,
794 2152 853 2222 sed
885 2151 1073 2222 secundum
1104 2151 1195 2244 quod
1225 2173 1246 2218 a
1277 2154 1376 2221 nobis
1406 2153 1588 2244 intelligi-

401 2264 487 2328 tarr
506 2261 570 2347 (1).
587 2261 662 2330 Hoc
685 2283 789 2328 sensu
806 2260 955 2328 dicimur
971 2281 992 2326 a
1007 2259 1075 2327 ΡΡ.
1087 2281 1294 2348 cognoscere
1310 2285 1377 2326 non
1396 2263 1585 2328 essentiam

402 2365 460 2434 secl
482 2391 570 2458 quoe
593 2371 684 2436 circa
707 2371 818 2456 ipsam
840 2383 932 2446 sunt,
950 2392 1017 2432 non
1037 2370 1188 2456 primam
1210 2383 1243 2434 ct
1265 2369 1453 2456 simplicem
1476 2385 1585 2434 nutu·

402 2499 489 2554 ram,
507 2497 594 2566 quae
617 2483 733 2544 manet
748 2475 844 2544 intra
861 2475 1029 2560 velamen,
1049 2472 1105 2542 ced
1128 2499 1216 2566 pocae
1232 2491 1282 2542 est
1292 2477 1466 2566 posterior
1479 2478 1582 2564 (coll.

402 2582 514 2651 Exod.
529 2583 701 2652 XXXIII.
719 2583 792 2668 23.)
809 2598 841 2650 et
857 2581 903 2648 ud
918 2607 978 2650 nos
1002 2581 1214 2664 descendens·
1236 2605 1277 2651 ea
1299 2591 1417 2652 autem
1440 2593 1495 2652 est
1510 2608 1585 2652 ma·

403 2689 511 2758 iestes
533 2695 570 2758 et
591 2689 860 2778 magnificentia,
880 2699 1052 2780 quatenus
1069 2689 1105 2756 in
1122 2690 1295 2758 creaturis
1317 2689 1584 2759 manifestatur:

404 2795 602 2864 huiusmodi
627 2817 708 2864 vero
724 2803 808 2864 sunt
828 2798 937 2883 ipsius
960 2811 1035 2883 post
1060 2799 1170 2884 ipsum
1193 2791 1358 2878 notiones,
1377 2798 1472 2864 sicut
1495 2798 1586 2866 solis

403 2901 572 2992 imagines
584 2903 621 2970 in
633 2925 724 2995 aqua
736 2903 885 2972 infirmis
895 2903 1007 2972 oculis
1019 2903 1124 2972 solem
1136 2903 1335 2972 ostendunt.
1346 2901 1583 2973 Nealcae.

469 3011 504 3078 2⁰
526 3011 577 3079 Ut
600 3019 826 3080 commentum
850 3013 891 3080 de
915 3012 1112 3102 cognitione
1135 3011 1277 3080 divinae
1305 3019 1453 3079 naturae
1477 3019 1518 3079 ut
1545 3015 1585 3080 in

405 3139 441 3185 se
457 3125 524 3200 est,
543 3118 709 3208 quamdiu
727 3117 764 3186 in
781 3117 921 3186 mortali
937 3120 1000 3186 hoc
1017 3139 1157 3208 corpore
1173 3117 1344 3207 degimus,
1364 3117 1582 3204 convellant,

403 3225 527 3294 Patres
551 3223 751 3314 suscipiunt
772 3247 914 3294 examen
930 3230 966 3293 et
981 3224 1147 3294 exhibent
1169 3225 1306 3314 plenam
1330 3224 1503 3294 theoriam
1526 3249 1584 3296 co·

404 3333 575 3424 gnitionis
592 3334 774 3402 humanae.
793 3331 966 3402 Statuunt
981 3355 1064 3401 vero
1079 3339 1154 3401 tum
1171 3333 1364 3422 generatim
1379 3343 1455 3404 turn
1470 3337 1584 3404 nomi·
1642 3383 1643 3393 ι

404 3439 514 3508 natim
542 3439 579 3506 in
610 3439 907 3528 disputationibus
936 3439 1107 3508 adversus
1129 3439 1363 3510 Eunomianos
1386 3442 1429 3512 de
1459 3451 1584 3514 nostro

405 3547 503 3614 modo
526 3547 753 3636 cognoscendi
777 3547 894 3616 eadem
918 3547 1082 3640 pleraque
1105 3549 1292 3639 principia,
1318 3571 1407 3641 quae
1429 3559 1583 3642 postmo-

406 3654 487 3722 dum
512 3653 709 3722 S.'l*bomas
725 3661 761 3722 et
777 3654 983 3724 Scholastioi
1008 3656 1136 3747 reliqui
1158 3657 1397 3725 excoluerunt.
1641 3659 1642 3672 ³

471 3763 605 3830 Docent
620 3763 739 3854 itaque
751 3763 817 3830 ΡΡ.
830 3763 1010 3850 o)modum
1026 3771 1184 3832 nostrum
1200 3764 1473 3853 cognoscendiin
1486 3789 1584 3858 prae

469 3963 511 4040 (1)
523 3969 567 4022 ot.
581 3969 686 4024 Suarea
699 3971 861 4038 lletaphys.
877 3969 953 4038 disp.
962 3971 1052 4026 XXX.
1065 3987 1094 4026 ιι.
1106 3973 1133 4026 8:
1149 3973 1343 4026 nl’raedioata
1356 3989 1429 4040 quae
1445 3975 1583 4030 absoluta
1640 3905 1641 3979 i

408 4061 485 4124 sunt,
507 4061 592 4125 prout
609 4077 626 4112 a
645 4059 727 4114 uobis
746 4061 804 4112 Deo
823 4061 1040 4127 attribuuntur,
1056 4077 1111 4114 uon
1124 4062 1278 4128 perficiunt
1295 4063 1526 4130 quidditativam
1540 4083 1581 4120 cc

407 4147 564 4214 gnitioncm
585 4149 662 4216 elus,
685 4151 753 4218 qnia
772 4151 819 4203 vel
839 4155 908 4203 sunt
926 4151 1048 4216 analoga
1072 4155 1102 4204 et
1119 4153 1276 4204 communia
1295 4153 1352 4205 Deo
1377 4157 1408 4204 et
1426 4153 1514 4220 aliis,
1537 4157 1580 4208 vel
1639 4181 1640 4190 ι

383 4225 392 4244 ”
407 4236 433 4290 sl
451 4235 524 4290 flant
542 4239 658 4306 propria
671 4239 732 4304 Dal,
750 4243 818 4292 suut
836 4223 1035 4292 confusissima
1048 4243 1078 4292 et
1090 4239 1140 4292 rix
1154 4239 1228 4292 flunt
1241 4241 1356 4308 propria
1370 4240 1429 4294 ulei
1442 4241 1581 4297 adiuncta
1639 4197 1640 4273 l

407 4327 595 4392 negatione.»
612 4328 684 4381 Vide
704 4329 818 4396 reliqna
841 4329 882 4382 lb.
898 4331 927 4380 et
945 4327 973 4382 S.
985 4329 1119 4384 'fhonam
1137 4327 1172 4382 de
1191 4329 1305 4384 Putant.
1323 4345 1352 4398 q.
1366 4331 1392 4385 7.
1411 4347 1437 4384 a.
1450 4331 1482 4398 ’ἲς
1501 4331 1581 4387 Sam·
1638 4403 1639 4412 ἵ

408 4431 468 4468 nae
490 4416 515 4470 l.
531 4431 560 4482 q.
574 4416 621 4468 12.
637 4417 721 4470 a-12.
738 4417 782 4468 13.
