3280 5070
939 404 977 418 -
998 373 1059 435 530
1079 405 1118 420 ..

437 471 537 541 Unde
559 495 601 542 ex
625 483 723 564 parte
747 476 949 566 recipientis
972 500 1040 547 non
1063 488 1117 546 est
1136 478 1319 568 assignare
1333 497 1595 568 ennumquam

437 578 567 670 dignus
589 581 638 649 sit
660 583 801 670 gratia3
828 583 887 651 sed
912 583 1022 651 solum
1053 584 1315 674 dispositionem
1347 582 1519 676 qnandsns
1548 582 1594 668 (sd

437 687 589 776 gratiam
610 689 1006 775 sanctificantem)...1n
1025 692 1200 758 intellectu
1216 695 1362 781 (iqitur)
1375 687 1594 779 praedestino·

439 797 544 862 tiortis
562 795 753 862 includitur
768 799 925 864 noluntas
941 823 1154 890 consequens,
1173 823 1261 892 puae
1272 801 1418 887 respicit
1433 797 1595 887 operest),

437 923 503 970 non
522 905 622 996 quasi
640 927 778 973 causam
800 906 996 974 voluntatis
1012 909 1065 992 (in
1082 929 1117 976 se
1132 911 1338 998 spectatae),
1356 907 1417 976 sed
1434 909 1522 974 sieut
1536 930 1598 971 cas-

437 1035 509 1078 sam
525 1015 734 1079 meritoriam
750 1013 886 1103 ploriae
898 1029 930 1080 et
946 1017 1033 1082 siout
1049 1019 1351 1104 praeparationem
1367 1015 1415 1082 ad
1428 1017 1597 1106 protinus

438 1117 475 1186 S.
495 1119 645 1187 Thomas
663 1120 695 1188 l.
714 1120 798 1188 dist.
816 1120 873 1188 41.
892 1141 924 1190 a.
944 1122 978 1190 d.

504 1225 678 1296 Similiter
701 1227 738 1296 S.
756 1229 1005 1298 Bonaventura
1036 1229 1207 1319 imprimis
1238 1231 1433 1320 distinguit
1454 1231 1492 1298 in
1517 1251 1598 1320 prse-

437 1333 670 1404 destinatione
693 1335 808 1424 ipsum
832 1341 948 1404 aetum
973 1335 1240 1405 substantialem
1264 1336 1324 1428 qni
1347 1343 1403 1405 est
1426 1337 1598 1405 divinses

437 1439 562 1520 sentia,
581 1453 618 1507 et
633 1445 857 1508 connotatum
869 1443 1030 1510 effaetum
1048 1441 1290 1510 conferendum
1306 1441 1351 1511 ad
1363 1452 1479 1511 extra.
1503 1441 1599 1510 «Con

439 1547 633 1638 quaeritur,
653 1555 773 1615 utrum
796 1561 973 1617 aeternnm
997 1548 1062 1616 Dei
1089 1549 1302 1638 propositum
1327 1548 1402 1616 sivo
1426 1549 1599 1617 eleotioin

436 1654 508 1723 Deo
524 1655 688 1722 motivam
705 1656 873 1723 rationem
891 1655 1028 1739 habeat,
1043 1655 1107 1724 hoa
1124 1678 1190 1723 non
1208 1654 1427 1745 intelligitur
1443 1661 1601 1747 qnantum

436 1760 481 1829 ad
505 1760 721 1828 volontatem
745 1761 902 1829 divinam
926 1761 981 1829 vel
1005 1762 1081 1830 eius
1104 1772 1233 1846 aetum,
1259 1763 1321 1851 qui
1344 1763 1440 1830 Dens
1461 1773 1530 1849 est;
1553 1763 1601 1830 sed

437 1875 606 1958 quantum
629 1869 673 1936 ad
697 1867 948 1936 ordinationem
968 1867 1068 1936 voliti
1086 1869 1129 1936 ad
1146 1869 1222 1937 eius
1239 1869 1471 1937 voluntatem.
1486 1897 1504 1930 s
1523 1869 1600 1936 Esn-

434 1973 511 2043 dem
545 1974 805 2045 distinctionem
840 1975 1090 2044 Bonaventura
1123 1976 1205 2044 aliis
1237 1977 1354 2045 verbis
1389 1977 1491 2066 ponit
1523 1978 1602 2045 inter

436 2089 551 2150 aotam
575 2096 747 2148 aeternum
769 2089 806 2151 et
828 2091 1050 2152 connotatnm
1075 2083 1270 2172 temporale.
1292 2083 1476 2174 «Aliquod
1492 2105 1601 2151 nomen
1637 2167 1638 2184 ἵ

432 2211 521 2276 pure
543 2203 716 2254 aeternum
739 2189 917 2278 importat,
943 2197 984 2256 nt
1008 2211 1128 2258 nomen
1152 2189 1259 2275 Deus;
1285 2189 1427 2281 aliquod
1452 2213 1539 2259 vero
1557 2211 1600 2256 no

437 2319 513 2366 men
536 2295 704 2385 importat
727 2313 899 2363 aeternum
923 2295 1134 2362 constotando
1166 2298 1368 2386 temporale.
1382 2347 1390 2365 .
1404 2346 1436 2366 ..
1463 2305 1507 2366 ut
1530 2307 1601 2388 puts

437 2403 469 2471 si
493 2403 644 2473 dicatur:
669 2403 763 2471 Deus
786 2410 971 2472 conservat
995 2405 1082 2472 bano
1108 2427 1192 2488 rem,
1218 2425 1427 2473 conservare
1451 2403 1543 2474 dicit
1562 2427 1601 2472 es·

437 2509 586 2579 sentiam
610 2511 825 2579 connotando
847 2517 928 2580 aeto
952 2512 1137 2597 effeotnm3
1164 2510 1240 2580 ideo
1269 2511 1398 2602 inoipit
1421 2521 1460 2582 et
1483 2513 1601 2582 desinit

436 2639 691 2686 conservare.»
717 2618 864 2700 Quando
888 2619 1001 2709 igitur
1023 2619 1273 2688 Bonaventura
1295 2620 1404 2704 dicit,
1439 2636 1601 2688 aeternus

436 2747 504 2794 non
527 2727 649 2794 eadere
671 2727 736 2795 sab
766 2727 950 2808 meritum,
977 2727 1079 2795 debet
1101 2726 1257 2816 intelligi
1282 2726 1324 2795 de
1347 2751 1438 2816 pure
1461 2741 1599 2800 aeterm,

435 2831 472 2900 h.
489 2853 519 2901 e.
538 2832 580 2902 do
596 2834 671 2924 ipso
694 2841 777 2903 aoto
801 2834 1040 2918 substantiali,
1059 2857 1127 2901 non
1143 2843 1257 2902 autem
1286 2832 1327 2902 de
1350 2839 1436 2901 artu
1454 2857 1533 2903 oum
1550 2855 1601 2902 sno

435 2945 619 3008 oonnototo
643 2963 703 3008 seu
727 2939 896 3008 relatione
920 2941 963 3008 ad
986 2949 1098 3008 extra.
1117 2939 1184 3008 His
1202 2941 1422 3029 praenotatis
1437 2940 1600 3028 intelligi·

435 3049 497 3114 tor
508 3046 684 3138 responsio
697 3045 878 3137 Serapbioi
891 3047 1052 3116 Dontoris
1064 3047 1108 3116 ad
1121 3047 1368 3140 quaestionem,
1384 3075 1401 3110 s
1412 3069 1457 3114 an
1473 3046 1600 3138 praede·

436 3151 581 3222 stinatio
595 3151 650 3222 vel
663 3154 860 3244 reprobatio
872 3153 1023 3222 habeant
1038 3154 1075 3221 in
1092 3153 1190 3221 nobis
1203 3175 1340 3222 oausam
1355 3152 1599 3222 meritoriami·

435 3259 625 3350 Responsio
647 3259 732 3328 baea
756 3265 821 3328 est.
850 3290 866 3324 s
891 3259 933 3328 In
956 3260 1275 3352 praedestinatione
1304 3259 1377 3328 tria
1404 3261 1600 3349 intelligun-

435 3371 509 3436 tur:
534 3368 684 3458 primnm
703 3373 759 3436 est
776 3372 991 3457 propositum
1015 3383 1187 3435 aeteruum
1202 3373 1317 3454 (aetus
1332 3366 1598 3448 substantialis),
1638 3397 1639 3452 p

436 3475 624 3544 secundom
647 3485 701 3546 est
725 3475 921 3566 temporalis
944 3479 1160 3566 pratitcatio
1183 3477 1369 3562 (terminus
1393 3475 1521 3565 prior),
1542 3483 1599 3544 ter
1638 3459 1639 3476 ¹

435 3581 525 3651 tium
550 3606 633 3651 vero
656 3599 795 3650 aeterno
816 3583 1142 3674 plorin(ter1ninos
1165 3583 1284 3668 alter).
1302 3583 1479 3653 Similiter
1506 3585 1541 3652 in
1556 3603 1597 3650 re·

435 3691 635 3782 probatione
651 3691 906 3781 intelliguntur
921 3693 1003 3774 tria,
1023 3691 1159 3761 scilieet
1174 3705 1347 3758 oeternum
1363 3689 1480 3756 odiam
1496 3698 1598 3780 (aetus

432 3797 716 3886 substantialis),
745 3799 944 3886 temporalis
968 3797 1170 3878 obduratio,
1195 3805 1232 3866 et
1261 3811 1400 3863 aeterna
1431 3795 1597 3862 &muntia

430 3904 592 3992 (termini
626 3903 901 3994 adsignificati).
935 3905 1113 3986 Quantum
1144 3901 1188 3972 ad
1212 3902 1360 3992 primum
1384 3909 1424 3971 et
1446 3902 1596 3970 ultiman

430 4011 596 4081 similiter
618 4017 673 4080 est
695 4011 934 4097 iudicandam
960 4033 1040 4078 nam
1058 4009 1183 4078 nltima
1199 4009 1337 4079 seilicet
1362 4031 1472 4100 poena
1486 4017 1523 4077 et
1537 4006 1597 4096 glo

498 4187 541 4264 (1)
557 4193 696 4244 Voluntas
715 4209 883 4260 consequens
900 4193 1012 4246 inclusa
1032 4191 1063 4244 in
1084 4191 1347 4259 praedestinatione
1365 4189 1479 4256 respicit
1502 4201 1595 4253 opere.

435 4297 491 4335 non
509 4281 752 4348 pulchritudinem
771 4281 900 4334 universi
916 4281 1073 4348 Alvsrezil,
1088 4279 1191 4334 Goneti
1209 4281 1380 4344 autiernus,
1404 4293 1476 4347 qnss
1494 4283 1595 4328 suune

435 4369 537 4424 denter
554 4369 589 4423 sd
610 4385 695 4437 opera
708 4371 842 4437 praevisa
863 4371 962 4437 exigat
981 4369 1234 4424 innumerabilium
1253 4367 1396 4422 bominum
1413 4365 1593 4421 exclusione!

436 4475 454 4512 s
471 4457 734 4528 prssdssttnsttons
752 4457 833 4532 (vids
843 4475 930 4530 snprs
950 4461 993 4516 th.
1007 4459 1124 4515 XLVII.
1140 4459 1207 4525 n.1;
1222 4451 1459 4524 tt.1.v.n.11.t
