3360 5060
884 369 923 382 -
944 335 1007 397 042
1026 369 1064 382 -

385 467 472 540 qnos
493 445 539 514 ad
563 465 599 512 se
622 442 814 532 praescivit
846 442 1107 512 misericordiae
1136 441 1403 532 praevenientis
1437 441 1563 508 auxilio

386 553 564 622 redituros
587 557 624 618 et
646 555 683 616 in
714 570 750 616 se
778 549 1039 618 misericordiae
1062 549 1307 640 submqnentia
1334 547 1477 615 anxilio
1499 569 1566 614 esse

387 679 604 728 mansuros.»
618 655 710 724 Vide
726 655 927 724 testimonia
943 677 1052 746 supra
1063 655 1118 724 th.
1131 655 1207 724 LV.
1221 653 1259 723 ιι.Ι
1271 656 1384 742 11.4⁰;
1406 655 1464 722 tlr.
1475 655 1566 722 m

453 766 503 834 H.
530 763 794 833 Examinandus
817 769 871 832 est
894 763 996 832 valor
1021 771 1320 854 argumentorum,
1340 762 1477 855 quibus
1500 785 1569 830 sen·

386 875 501 944 tentia
523 871 700 942 cornaria
722 868 927 960 Augustino
948 871 1142 956 tribuitur,
1166 893 1353 963 eorumque
1377 869 1573 940 inefficacia

388 979 669 1053 demonstranda.

457 1089 502 1157 1⁰.
528 1085 772 1177 Expendcmus
795 1083 992 1154 methodum
1015 1085 1342 1171 demonstrationis,
1360 1106 1434 1176 qna
1459 1107 1573 1152 necea

389 1196 484 1266 sario
507 1199 792 1282 utatnroportet,
809 1191 969 1284 quisquis
992 1191 1152 1261 evincere
1177 1191 1277 1277 velit,
1295 1193 1340 1258 ab
1361 1189 1576 1280 Augustino

390 1303 506 1374 doceri
528 1325 598 1370 non
620 1299 731 1369 solum
755 1299 893 1390 gratiae
916 1299 973 1369 vel
996 1299 1135 1389 gratiae
1162 1299 1267 1368 simul
1290 1307 1327 1367 et
1340 1298 1497 1387 gloriae,
1516 1297 1576 1366 sed

390 1411 525 1503 gloriae
548 1431 610 1500 per
633 1431 669 1477 se
692 1413 867 1497 spectatae
890 1407 1240 1498 praedestinationem
1264 1407 1364 1474 nulls
1387 1406 1576 1496 supposita

391 1517 611 1612 praevisione
646 1515 848 1584 meritorum
882 1514 1221 1609 supernaturalium
1247 1513 1305 1583 hic
1339 1515 1432 1582 enim
1470 1514 1575 1581 unice

392 1647 497 1698 verns
527 1631 582 1694 est
611 1631 727 1693 status
756 1623 984 1715 quaestionis.
1009 1622 1136 1715 Itaque
1165 1622 1257 1691 nihil
1286 1623 1389 1713 plane
1418 1621 1578 1690 efficiam

391 1733 600 1820 adversarii,
620 1732 689 1800 nisi
713 1731 1044 1800 demonstraverint:
1062 1735 1098 1818 a)
1113 1731 1150 1800 in
1177 1733 1401 1819 testimoniis,
1420 1755 1518 1824 qnae
1533 1755 1579 1800 ex

391 1843 595 1932 Augustino
612 1841 853 1932 proferuntur,
873 1861 940 1907 non
955 1839 1017 1927 agi
1032 1839 1074 1907 de
1089 1839 1406 1930 praedestinatione
1428 1841 1580 1929 gratiae

393 1952 486 2036 lldsi,
513 1951 677 2018 bonorum
701 1969 842 2037 operum
866 1955 902 2015 et
924 1949 1218 2038 perseverantiae,
1244 1949 1305 2017 sed
1320 1950 1362 2018 de
1377 1948 1580 2039 praedesti·

392 2059 534 2128 natione
557 2058 708 2148 gloriae;
735 2057 769 2142 b)
792 2077 859 2124 non
883 2079 958 2124 esse
981 2079 1169 2125 sermonem
1184 2057 1222 2125 in
1237 2057 1416 2146 complexu
1432 2055 1480 2124 de
1497 2061 1581 2124 tota

393 2166 483 2236 serie
506 2166 695 2236 effectuum
719 2165 1089 2255 praedestinationisa
1111 2165 1225 2255 prima
1247 2167 1367 2256 gratia
1389 2187 1508 2256 usque
1533 2165 1580 2232 ad

392 2275 554 2366 gloriam
573 2273 638 2343 hoe
660 2273 752 2343 enim
769 2275 867 2342 modo
886 2271 1053 2363 complete
1070 2280 1260 2364 spectatam
1278 2273 1579 2364 praedestinatio

392 2405 469 2452 nem
485 2385 529 2451 ab
545 2381 665 2474 aliquo
681 2381 806 2449 merito
822 2381 983 2470 pendere,
1010 2381 1077 2449 soli
1100 2382 1372 2472 Semipelagiani
1393 2381 1582 2452 affirmare

392 2497 541 2582 possunt
552 2489 620 2576 (th.
631 2488 776 2575 LVH.):
787 2489 847 2558 sed
860 2488 1099 2558 demonstrent
1110 2495 1256 2580 oportet,
1271 2489 1364 2559 inter
1376 2490 1582 2579 praedesti-

394 2599 570 2668 natiouem
583 2597 717 2688 gloriae
730 2620 791 2688 per
808 2621 844 2666 se
861 2605 1052 2688 spectatam
1063 2605 1100 2667 et
1112 2599 1205 2666 inter
1216 2597 1581 2688 praedestinationem

395 2705 533 2797 gratiae
546 2729 588 2776 ex
605 2713 718 2775 mente
737 2707 935 2796 Augustini
947 2729 1021 2775 esse
1033 2706 1127 2776 hunc
1142 2706 1309 2790 ordinem,
1327 2705 1582 2796 utpracdesti-

395 2815 494 2884 natio
511 2813 645 2904 gloriae
660 2813 869 2884 antecedens
884 2819 920 2882 et
935 2813 1097 2883 absoluta
1112 2814 1161 2882 sit
1175 2814 1384 2905 principium
1396 2819 1433 2881 et
1448 2837 1583 2884 norma

396 2920 727 3013 praedestinationis
757 2923 959 2992 meritorum
983 2945 1023 2992 so
1046 2923 1255 3013 gratiarum.
1283 2923 1313 3007 c)
1335 2921 1484 2990 Necesse
1522 2931 1583 2994 est

396 3031 594 3114 ostendant,
609 3029 749 3100 excludi
763 3031 806 3099 ab
829 3031 1032 3121 Augustino
1049 3032 1086 3100 in
1102 3031 1416 3123 praedestinatione
1432 3031 1583 3121 gloriae

396 3159 501 3230 opera
513 3159 616 3208 sensu
629 3137 801 3209 catholico
814 3141 1112 3231 supernaturalia,
1130 3163 1199 3208 non
1215 3147 1330 3208 autem
1343 3138 1455 3207 solum
1466 3163 1583 3230 opera

397 3246 454 3316 vel
471 3246 508 3314 in
523 3267 558 3314 se
574 3246 753 3315 naturalia
767 3248 825 3317 vel
836 3249 873 3316 in
890 3271 952 3317 suo
970 3248 1075 3318 initio
1092 3248 1279 3340 pendentia
1290 3269 1312 3314 a
1327 3246 1452 3316 meritc
1466 3257 1581 3317 natu-

397 3352 479 3436 rali,
497 3351 693 3422 uniusmodi
710 3351 983 3445 semipelagiani
996 3354 1239 3424 admittebant.
1258 3355 1404 3426 Necesse
1416 3377 1503 3424 vero
1520 3365 1582 3424 est

396 3459 482 3528 haec
497 3459 734 3528 demonstrare
750 3481 792 3528 ex
810 3461 918 3530 claris
935 3461 1051 3530 verbis
1064 3461 1272 3550 Augustini,
1292 3461 1374 3554 quia
1387 3461 1424 3529 S.
1440 3461 1580 3530 Dootor

398 3589 460 3656 pro
476 3565 593 3634 indole
616 3567 872 3638 controversiae
896 3591 973 3638 cum
997 3567 1198 3658 Pela‘gianis
1220 3575 1257 3637 et
1278 3567 1579 3658 Semipelagianis

397 3673 748 3767 praedestinationem
773 3699 905 3768 semper
929 3675 1105 3766 intelligit
1119 3675 1473 3767 praedestinationem
1490 3699 1577 3766 gra-

398 3785 469 3852 tiae
486 3783 543 3854 vel
559 3783 696 3874 gratiae
713 3785 819 3854 simul
832 3793 867 3854 et
878 3783 1023 3875 gloriae;
1042 3805 1146 3873 opera
1161 3788 1277 3852 summ
1293 3782 1452 3852 excludit
1466 3807 1578 3852 sensu

398 3893 652 3962 haereticorum
675 3901 830 3984 accepta,
856 3914 944 3984 quae
967 3891 1103 3960 scilieet
1126 3891 1183 3961 vel
1206 3891 1401 3960 immediate
1424 3891 1484 3958 vel
1505 3917 1576 3961 me

397 4001 491 4070 diste
514 4000 688 4091 pendeant
710 4023 752 4070 ex
776 4001 861 4069 solis
890 3999 1116 4070 naturalibus
1139 3999 1276 4070 viribus
1299 3999 1402 4068 liberi
1427 4000 1576 4070 arbitrii

398 4107 465 4194 (th.
484 4107 631 4194 LXH.).
657 4107 756 4177 Unde
778 4131 965 4201 numquam
989 4109 1088 4177 valet
1103 4107 1339 4199 praesumptio
1354 4107 1415 4175 sed
1430 4109 1469 4174 in
1484 4107 1574 4178 locis

399 4215 552 4306 singulis
575 4215 869 4285 demonstratione
892 4239 977 4306 opus
1000 4223 1065 4302 est,
1092 4217 1123 4286 si
1147 4216 1354 4306 persuadere
1385 4215 1476 4286 velis
1499 4218 1574 4286 An·

399 4325 581 4414 gostinum
597 4323 728 4392 alicubi
743 4323 840 4413 loqui
855 4323 898 4393 de
914 4323 1230 4413 praedestinatione
1253 4321 1389 4414 gloriae
1411 4325 1570 4408 seorsim,

398 4441 434 4501 et
445 4433 489 4500 ab
500 4453 541 4500 ea
553 4429 737 4500 excludere
749 4428 1002 4519 praevisionem
1016 4429 1216 4499 meritorum
1229 4429 1379 4519 gratiae;
1394 4453 1571 4521 praesum·
