3292 5062
902 399 940 416 ..
963 367 1023 431 132
1043 399 1082 416 ..

393 479 508 544 antem
533 471 714 542 sensibiles
737 471 939 544 intellectae
962 496 1030 542 non
1055 473 1270 544 sufficienter
1297 475 1505 567 exprimunt
1527 475 1577 545 di·

393 581 513 652 vinam
535 581 721 649 essentiam
745 602 854 671 neque
877 579 983 648 etiam
1006 581 1145 674 aliquas
1175 583 1347 652 essentias
1378 587 1576 672 separatas,

396 712 473 759 cnm
503 709 571 756 non
601 687 675 754 sint
705 686 810 755 unius
839 687 979 776 generis
1009 687 1222 758 naturaliter
1248 689 1299 778 (1)
1321 689 1515 784 quuend03
1541 699 1578 760 et

396 794 573 889 qnidditas
588 799 625 862 et
640 793 756 862 omnia
779 794 983 864 huiusmodi
1006 797 1146 864 nomina
1162 797 1234 866 fere
1250 798 1437 890 aequivoce
1454 797 1579 866 dicun·

393 913 455 973 tur
478 903 519 970 de
543 901 766 971 sensibilibus
783 909 819 969 et
836 901 877 970 de
895 901 969 969 illis
994 903 1261 972 substantiis...
1282 903 1384 972 etsie
1402 904 1580 994 perviam

395 1009 639 1080 similitudinis
661 1031 728 1076 non
752 1009 962 1078 sufficienter
985 1009 1068 1079 illae
1092 1012 1310 1080 substantiae
1332 1034 1375 1080 ex
1391 1012 1449 1078 his
1479 1011 1580 1080 inno-

395 1123 546 1186 tescunt.
565 1115 685 1208 Neque
707 1115 812 1184 etiam
835 1116 1003 1206 perviam
1027 1117 1262 1202 causalitetis,
1282 1119 1366 1210 quia
1389 1117 1467 1199 ills,
1486 1139 1579 1210 qnae

395 1223 439 1292 ab
462 1223 538 1291 illis
561 1223 770 1291 substantiis
792 1221 1024 1292 inveniuntur
1046 1225 1172 1294 effecta
1195 1225 1231 1293 in
1255 1223 1313 1292 his
1328 1225 1577 1308 inferioribus,

395 1351 463 1398 non
486 1335 570 1398 sunt
592 1329 739 1399 effectus
761 1331 993 1422 adaequantes
1016 1353 1134 1400 eornm
1158 1331 1330 1416 virtutes,
1356 1338 1397 1399 nt
1420 1330 1473 1400 sic
1497 1353 1577 1421 per·

246 1421 256 1429 “
349 1461 353 1472 ’
396 1436 510 1507 veniri
544 1437 656 1526 possit
690 1437 734 1506 ad
765 1437 941 1507 solendum
973 1437 1064 1532 quod
1095 1436 1254 1531 quidest
1289 1437 1334 1524 (το
1362 1459 1390 1502 τι
1420 1433 1455 1506 ἠν
1485 1430 1576 1526 iavet)

395 1543 437 1614 de
460 1566 578 1613 causa
603 1543 701 1614 Unde
725 1545 767 1614 de
790 1545 1000 1615 substantiis
1030 1545 1106 1615 illis
1136 1545 1426 1614 immaterialibus
1451 1567 1578 1614 monn·

396 1652 478 1721 dum
501 1661 631 1721 statum
654 1653 734 1723 viae
757 1653 855 1722 nullo
879 1654 976 1722 modo
1001 1677 1182 1746 possumne
1206 1653 1295 1724 scire
1311 1651 1398 1745 quid
1412 1666 1462 1719 eet
1479 1659 1577 1740 (oon-

397 1771 499 1851 eeptu
523 1761 685 1852 proprio,
711 1761 771 1830 sed
794 1769 930 1830 tantum
952 1761 1135 1854 analoga),
1161 1785 1228 1832 non
1251 1761 1362 1830 solum
1392 1783 1453 1852 per
1478 1761 1575 1829 viam

395 1867 573 1938 naturalis
595 1869 818 1959 cognitionis,
838 1869 897 1938 sed
921 1893 983 1939 neo
1000 1871 1106 1940 etiarn
1129 1893 1190 1960 per
1213 1869 1308 1941 viam
1331 1867 1573 1954 revelationis,

397 1976 481 2068 qnia
495 1975 637 2046 divinae
660 1975 886 2046 revelationis
909 1977 1030 2046 radius
1053 1978 1098 2046 ad
1121 1999 1183 2046 nos
1206 1977 1367 2068 pervenit
1382 1975 1575 2045 seeundum

397 2084 533 2153 modum
555 2091 724 2169 nostrum,
743 2093 784 2154 nt
798 2085 992 2176 Dionysius
1016 2085 1105 2156 dicit
1127 2085 1191 2172 (2).
1211 2085 1380 2167 Quamvis
1402 2083 1494 2152 enim
1511 2106 1575 2173 per

396 2191 643 2262 revelationem
666 2192 841 2261 elevemur
856 2193 900 2261 ad
924 2193 1059 2286 aliquid
1083 2191 1357 2282 cognoscendum
1375 2191 1464 2284 qnod
1481 2191 1575 2259 alias

394 2299 495 2370 nobis
518 2306 609 2368 esset
631 2299 802 2388 ignotum,
828 2323 897 2369 non
920 2306 1035 2368 tamen
1058 2299 1103 2369 ad
1126 2300 1210 2386 hoc,
1233 2303 1279 2368 'ut
1300 2299 1370 2367 olio
1394 2299 1493 2368 modo
1518 2323 1573 2367 co·

396 2429 602 2499 gnoseamus
624 2407 695 2476 nisi
719 2429 780 2497 per
802 2407 1024 2476 sensibilia...
1043 2407 1092 2478 Et
1108 2407 1158 2478 sic
1174 2415 1297 2492 restat,
1326 2407 1416 2498 quod
1440 2407 1573 2476 formae

397 2514 643 2586 immateriales
666 2537 733 2585 non
758 2525 841 2584 sunt
862 2515 961 2584 nobis
984 2522 1086 2584 notae
1109 2515 1308 2606 cognitione
1331 2513 1417 2606 quid
1433 2527 1494 2593 est,
1512 2513 1574 2583 sed

396 2621 507 2692 solum
530 2621 727 2712 cognitione
750 2647 795 2688 cn
812 2637 872 2704 est,
898 2623 973 2691 sive
995 2622 1155 2691 naturali
1177 2623 1312 2690 ratione
1329 2643 1370 2690 ex
1386 2620 1574 2690 effectibus

397 2735 635 2798 creaturarum
659 2729 734 2798 sive
757 2728 862 2796 etiam
879 2751 921 2798 ex
944 2729 1178 2814 revelatione,
1204 2749 1292 2822 qnae
1314 2735 1369 2797 est
1391 2749 1452 2818 per
1475 2727 1574 2795 simi·

396 2836 567 2906 litudines
589 2858 611 2904 a
634 2837 791 2906 sensibus
817 2844 1022 2928 sumptas.»

377 3013 380 3020 ,
481 2943 514 3028 b)
531 2943 721 3013 Declarant
743 2943 811 3012 PP.
836 2965 904 3010 non
932 2965 1031 3012 secus
1054 2965 1095 3012 aa
1118 2941 1265 3011 Scholas
1293 2939 1449 3030 theologi
1477 2939 1575 3010 huno

398 3051 535 3123 modum
559 3061 697 3122 nostrae
724 3051 936 3141 cognitionis
959 3073 1000 3119 ex
1025 3049 1219 3120 necessaria
1242 3055 1278 3118 et
1300 3045 1495 3117 universali
1518 3069 1573 3114 ra-

398 3163 493 3232 tione
516 3161 625 3228 omnis
641 3159 864 3250 cognitionis.
883 3159 1045 3250 Cognitio
1067 3181 1135 3226 non
1152 3163 1205 3226 est
1221 3156 1409 3227 secundum
1432 3155 1573 3224 modum

400 3267 876 3358 assentissetpe1·feotionis
900 3267 1045 3356 cogniti,
1071 3265 1130 3335 sad
1154 3265 1341 3334 secuudum
1367 3262 1503 3331 modum
1521 3285 1576 3332 oo·

400 3377 610 3468 gnoscentie,
628 3375 729 3445 euius
745 3375 808 3442 illa
822 3381 876 3444 est
898 3375 1022 3444 vitalis
1045 3381 1157 3443 actus.
1176 3373 1275 3442 Unde
1298 3371 1350 3455 fit,
1369 3376 1468 3440 ntea
1484 3391 1574 3461 quae

399 3488 484 3551 sunt
504 3481 603 3550 nobis
634 3481 802 3550 inferiora
831 3487 980 3566 natura,
1006 3501 1253 3570 cognoscamus
1284 3477 1383 3544 modo
1405 3475 1573 3546 nobiliori

400 3611 502 3682 qnam
526 3611 594 3682 qno
617 3589 753 3658 suntin
770 3587 922 3678 seipsis,
942 3585 1140 3656 materialia
1162 3582 1464 3670 intellectualiter3
1483 3605 1574 3675 qnae

465 3821 508 3898 (l)
520 3825 595 3880 Dens
608 3839 660 3878 neo
674 3817 791 3893 phyalae
810 3837 862 3877 neo
875 3823 967 3889 logice
980 3819 1231 3889 comprehenditur
1249 3833 1351 3885 genere
1366 3818 1475 3886 aliqum
1497 3819 1574 3874 aliae

401 3915 543 3971 euentlae
562 3917 712 3982 sequeus
732 3914 823 3978 logice
842 3913 989 3980 pertinent
1008 3909 1043 3965 ad
1064 3923 1153 3976 genus
1172 3908 1363 3975 substantiae,
1385 3907 1433 3961 aed
1453 3905 1575 3976 physice

401 4005 539 4062 dliiernut
556 4003 736 4059 snbstantias
756 4003 926 4070 spirituales
944 4017 961 4054 a
980 3999 1156 4054 snbstantila
1175 3997 1318 4068 corporeis
1338 3997 1390 4063 lta,
1404 4001 1439 4050 nt
1452 3997 1573 4065 physice

403 4111 452 4150 aen
472 4097 645 4148 naturaliter
663 4111 719 4148 non
738 4095 859 4148 univoca
877 4091 925 4146 aad
947 4091 1069 4157 analoga
1093 4090 1205 4144 mtione
1229 4087 1451 4144 convenientia
1471 4086 1573 4140 ordine

403 4185 598 4251 antemnates,
619 4185 648 4239 ld
668 4183 743 4254 qnod
762 4185 790 4238 S.
805 4184 858 4238 Tb.
880 4183 932 4236 boa
949 4183 1012 4248 ipro
1031 4181 1063 4234 in
1082 4181 1205 4235 umento
1223 4179 1348 4232 interint
1368 4177 1506 4230 dederat.
1529 4177 1572 4232 ct.

403 4277 489 4331 etiam
502 4275 536 4330 de
548 4276 660 4330 Patent.
676 4291 704 4343 q.
716 4275 743 4328 7.
756 4291 782 4330 a.
795 4275 821 4328 7.
836 4273 872 4328 ad
887 4275 911 4326 1.
920 4277 1029 4327 contra.

466 4361 508 4440 (2)
523 4362 669 4436 ’Arabo-suc
689 4365 751 4438 ἥμιν
770 4385 815 4427 της
837 4361 1032 4436 φιλανθρυπιας
1048 4359 1107 4434 (rou
1122 4355 1198 4432 θιου)
1211 4357 1354 4420 deodatum
1374 4379 1408 4412 va
1426 4379 1511 4417 socru
1530 4383 1572 4416 κω

406 4477 459 4520 τοις
478 4453 537 4512 ὄυσι
559 4477 593 4509 ra
613 4454 759 4527 o'rreqoocm
776 4459 1033 4526 πιρικαλυπτουσης.
1047 4471 1068 4504 x.
1078 4457 1103 4505 λ.
1119 4451 1160 4504 De
1179 4449 1240 4504 dlv.
1252 4463 1326 4503 nom.
1340 4465 1365 4504 o·
1379 4449 1405 4503 1.
1418 4451 1443 4516 fi.
1453 4447 1483 4504 4.
