3224 5068
534 409 571 422 ..
594 377 655 440 295
676 409 713 424 ..

47 500 80 544 re
102 479 253 568 cogitata
275 503 344 549 non
365 483 606 567 contineatur,
631 505 732 572 nepa·
753 486 868 573 potest
889 481 1025 571 concipi
1042 501 1119 549 cum
1139 478 1208 545 dia·

48 587 204 653 tinctione
219 587 392 674 formali,
417 588 452 656 h.
470 611 501 658 e.
527 589 580 657 ita
602 596 645 657 ut
674 587 889 658 subsistendi
919 588 1039 657 modus
1061 609 1129 655 non
1151 608 1209 656 ex·

47 713 153 781 presse
176 693 365 783 cogitetur,
391 695 541 765 conceda.
562 697 662 779 Quod
686 695 842 780 additur,
862 695 997 785 concipi
1019 693 1208 763 subsisten-

46 801 125 866 tiam
147 809 189 869 ut
210 803 429 872 accedentem
452 803 601 893 gradum
625 803 839 888 ulteriorem,
856 801 1055 891 negandum
1077 807 1143 870 est.
1158 801 1210 870 De

47 905 98 974 his
119 909 199 978 vide
221 909 341 980 Tract.
360 910 402 980 de
426 911 526 979 Prin.
540 911 593 980 th.
612 909 713 980 XXI.
728 933 803 1002 sqq.

107 1016 259 1086 Obiectio
282 1019 428 1086 secanda
450 1019 492 1088 de
515 1019 761 1110 compositione
784 1019 933 1110 physica
955 1024 1011 1087 est
1031 1017 1137 1088 nimis
1152 1018 1210 1084 ab·

48 1124 156 1192 surda.
175 1125 346 1194 Personae
368 1148 436 1193 non
459 1131 543 1194 sunt
565 1133 684 1215 partes
701 1125 902 1195 seinvicem
924 1125 1145 1214 perficientes
1166 1124 1211 1192 ad

48 1231 306 1322 componendum
337 1232 479 1324 aliquod
509 1240 636 1303 totum.
663 1233 750 1302 Tres
780 1253 947 1323 personae
970 1255 1077 1302 unum
1106 1237 1208 1315 sunt,

49 1347 211 1428 quatenus
233 1347 310 1408 tum
333 1339 494 1430 singulae
511 1349 585 1411 tum
602 1363 719 1409 omnes
742 1339 850 1409 simul
866 1339 1018 1410 identice
1034 1344 1118 1407 sunt
1133 1339 1211 1428 ipso

48 1455 169 1515 natura
183 1447 317 1532 divina,
338 1449 489 1542 adeoque
505 1471 527 1516 a
541 1455 671 1518 natura
693 1448 817 1518 divina
831 1447 976 1517 realiter
991 1469 1061 1517 non
1083 1445 1211 1514 distin·

50 1561 211 1642 guuntur3
230 1555 292 1623 ubi
308 1562 425 1623 autem
447 1555 548 1624 nulla
570 1555 678 1624 realis
701 1553 894 1640 distinctio,
913 1555 960 1622 ibi
977 1553 1079 1622 nulla
1095 1559 1212 1643 potest

49 1683 116 1729 esse
137 1662 244 1732 realis
266 1663 479 1755 compositio.
499 1662 681 1746 Quatenus
697 1685 780 1732 vero
795 1663 889 1732 inter
905 1685 942 1731 se
962 1662 1112 1730 invicem
1135 1681 1210 1729 rea·

51 1767 125 1836 liter
146 1770 417 1860 distinguuntur
440 1792 501 1860 per
535 1769 723 1838 relationes
754 1769 931 1859 oppositas
953 1766 1205 1859 paternitatis,

52 1872 237 1960 filiationis,
263 1877 494 1967 processionis
516 1901 585 1946 non
610 1877 874 1965 coniunguntur
889 1875 934 1944 ad
950 1898 1057 1944 unum
1081 1896 1212 1964 compo·

52 1984 202 2052 nendum.
227 1984 399 2053 Personae
422 1985 537 2073 igitur
566 1984 604 2052 in
635 2006 703 2075 quo
732 2005 840 2052 unum
871 1989 955 2051 sunt
978 1982 1030 2069 (in
1053 1987 1210 2070 natura),

53 2090 175 2158 nullam
198 2091 329 2160 habent
351 2093 622 2180 distinctionem
641 2092 678 2158 in
696 2113 763 2183 quo
779 2090 969 2160 distinctae
993 2097 1077 2159 sunt
1094 2090 1147 2176 (in
1162 2111 1212 2159 re·

53 2195 232 2268 lotionibus
254 2199 433 2290 propriis),
458 2222 526 2268 nou
551 2200 681 2268 habent
702 2197 887 2267 unitatem.
912 2197 990 2267 Non
1021 2219 1105 2288 ergo
1129 2203 1214 2267 suut

53 2326 114 2372 uua
135 2305 284 2376 alterius
305 2329 387 2398 pars
403 2308 463 2377 sed
479 2307 641 2397 singulae
660 2310 743 2374 sunt
759 2328 821 2396 per
836 2328 872 2374 se
890 2306 1130 2394 subsistentem
1150 2328 1212 2376 neo

54 2419 129 2481 suut
151 2421 270 2503 partes
291 2421 542 2484 concurrentes
559 2414 603 2483 ad
627 2435 731 2482 unam
747 2414 1012 2504 componendam
1036 2419 1209 2499 naturam,

55 2521 106 2588 sed
128 2521 287 2612 singulae
310 2529 347 2590 et
369 2545 484 2592 omnes
507 2522 614 2591 simul
630 2527 714 2590 sunt
729 2521 807 2611 ipsa
829 2527 970 2590 natura:
989 2519 1120 2590 Sancta
1135 2520 1213 2590 Tri·

54 2629 138 2696 nitas
158 2652 249 2698 uuus
272 2631 367 2699 Deus
390 2632 452 2718 (cf.
464 2631 587 2700 Pctcv.
605 2629 769 2699 deDeol.
783 2629 834 2698 II.
849 2652 879 2698 o.
891 2627 1001 2716 3.4.).

111 2735 160 2804 3’”.
185 2737 338 2829 Reliqua
359 2743 413 2806 eet
436 2739 636 2828 compositio
660 2744 834 2828 postrema
849 2757 891 2804 ex
915 2735 1085 2826 gradibus
1107 2739 1212 2804 meta·

54 2841 200 2930 physicis
223 2844 362 2935 generis
384 2851 421 2914 et
435 2845 667 2914 differentiae.
685 2844 728 2914 In
743 2845 808 2915 hac
825 2843 947 2913 itidem
970 2841 1213 2912 limitationem

56 2950 135 3018 entis
163 2953 313 3042 supponi
343 2957 520 3044 tamquam
550 2953 780 3022 necessariam
812 2949 1063 3035 conditionem,
1090 2949 1213 3019 velex

56 3057 177 3128 ratione
192 3059 418 3128 manifestum
433 3065 498 3144 est,
511 3065 580 3151 qua
592 3059 754 3150 superius
769 3057 897 3128 Coroll.
911 3059 943 3127 1.
955 3058 999 3127 ad
1011 3057 1065 3126 th.
1077 3055 1211 3126 XXIV.

56 3161 320 3251 declaravimus,
346 3189 410 3236 cur
431 3167 520 3234 Esse
549 3167 746 3236 absolutum
776 3189 839 3236 neo
861 3165 1004 3257 generis
1028 3189 1092 3238 neo
1115 3165 1214 3235 diffc-

56 3273 176 3343 reutiae
197 3275 370 3344 rationem
393 3274 520 3345 habere
549 3276 671 3366 possit.
700 3275 789 3345 Nam
821 3275 885 3344 sub
916 3275 1029 3364 gradu
1052 3273 1214 3364 generico

57 3381 253 3471 concipimus
276 3381 534 3472 perfectionem,
554 3403 641 3474 qnae
658 3383 706 3451 sit
721 3382 758 3451 in
782 3381 940 3473 potentia
956 3381 1001 3450 ad
1016 3380 1122 3449 aliem
1138 3404 1214 3472 per·

59 3485 236 3574 tectionem,
262 3487 399 3557 scilicet
414 3489 459 3558 ad
474 3489 719 3579 perfectionem
742 3489 949 3579 specificam,
975 3493 1013 3557 et
1035 3509 1122 3579 quae
1138 3511 1214 3578 pro·

60 3591 127 3662 inde
154 3595 316 3666 involvat
339 3595 377 3663 in
400 3595 477 3685 ipso
508 3617 571 3664 suo
594 3602 761 3685 conceptu
792 3595 1048 3664 limitationem.
1075 3594 1216 3664 Pariter

60 3701 112 3768 sub
135 3703 336 3772 differentia
365 3703 527 3794 specifica
558 3704 771 3794 concipimus
792 3687 1029 3793 ¹perfectionis
1052 3701 1211 3792 gradum,

61 3807 188 3896 quinon
202 3809 356 3880 includit
379 3809 625 3900 perfectionem
648 3809 799 3899 generis,
826 3809 1006 3901 multoque
1028 3809 1144 3877 minus
1166 3808 1216 3876 in·

61 3913 158 3986 cludit
173 3917 420 4008 perfectionem
436 3917 625 4002 infinitam,
643 3916 704 3986 sed
720 3939 762 3986 cx
784 3916 927 4008 propria
950 3916 1006 3985 sui
1021 3916 1157 3984 ratione
1172 3913 1216 3982 li·

63 4021 190 4093 mitatus
204 4032 269 4095 est.
280 4023 457 4114 Ergotam
474 4047 584 4114 genus
601 4045 703 4116 quam
722 4022 925 4093 differentia
940 4021 1161 4112 intelligitur
1175 4025 1218 4090 ut

63 4125 180 4220 aliquid
201 4131 450 4222 incompletum
473 4137 509 4202 et
532 4138 573 4200 ut
587 4153 670 4222 pars
686 4130 898 4222 complenda.
917 4128 1014 4218 Ergo
1038 4129 1119 4198 dum
1135 4151 1213 4198 con·

65 4233 192 4326 cipimus
214 4239 494 4332 compositionem
510 4263 553 4309 ex
569 4239 682 4330 gradu
697 4240 790 4308 entis
813 4237 974 4328 generico
990 4245 1026 4306 et
1043 4259 1086 4306 ex
1102 4236 1217 4326 gradu

66 4345 141 4415 utu
154 4347 325 4438 specifico,
342 4371 381 4420 eo
396 4348 472 4439 ipso
488 4346 724 4438 intelligimus
741 4367 803 4414 ens
817 4352 889 4420 tam
906 4343 1094 4414 secundum
1110 4363 1215 4411 unam

68 4470 151 4536 quam
172 4457 358 4527 secundum
381 4455 530 4526 alteram
545 4454 714 4526 rationem
738 4453 944 4524 limitatum.
962 4451 1059 4543 Ergo
1077 4448 1215 4522 etiamsi
