3262 5076
907 370 944 388 ..
967 337 1026 400 453
1047 371 1086 388 ..

412 467 475 514 rus
495 449 599 528 esset,
625 443 685 535 qui
708 465 894 512 mansurus
916 443 956 512 in
979 445 1173 513 tentatione
1196 465 1265 512 non
1288 449 1383 512 esset
1396 469 1415 506 ι
1432 443 1592 534 August.

411 552 438 620 1.
457 575 488 621 o.
505 551 645 621 Clarius
667 551 709 620 ds
725 550 790 620 hoo
806 551 924 620 eodem
950 557 1054 620 textu
1070 549 1152 640 Sap.
1170 549 1332 642 loquitur
1348 549 1387 619 S.
1406 550 1536 620 Doctor
1551 551 1596 620 de
1612 573 1613 618 3

412 661 529 728 anima
540 667 577 728 et
591 659 668 728 cius
683 658 772 749 orig.
792 657 819 726 l.
831 658 862 728 Ι.
880 682 916 727 n.
933 658 988 727 15.
1003 657 1057 726 cf.
1071 659 1179 728 etiam
1190 657 1360 748 Fulgent.
1373 657 1419 727 de
1430 657 1599 728 veritate

412 767 586 859 praedest.
607 789 657 836 oo.
676 767 709 834 7.
727 766 761 834 8.
779 789 838 834 nn.
858 765 914 834 15.
934 764 989 834 lo.

479 873 548 943 111.
572 873 699 943 Merito
732 873 936 943 observavit
964 871 1211 942 Ferdinandus
1245 872 1395 942 Bastida
1427 873 1467 942 in
1500 873 1595 962 disp.
1612 945 1613 950 ,

412 981 585 1051 XXXIII.
603 987 639 1052 et
653 981 822 1050 XXXIV.
841 1003 955 1050 coram
970 979 1145 1050 Clemente
1162 980 1264 1050 VIH.
1283 979 1391 1071 (apud
1410 981 1536 1050 Livin.
1555 981 1613 1074 de}

411 1090 534 1180 Meyer
545 1089 679 1158 Histor.
694 1088 867 1180 congreg.
882 1088 924 1159 de
936 1087 1048 1157 auxil.
1062 1087 1137 1158 LV.
1152 1111 1204 1158 co.
1216 1089 1274 1158 43.
1287 1089 1362 1176 45),
1372 1093 1411 1176 α)
1422 1089 1595 1157 neminem
1612 1099 1613 1180 p

410 1220 486 1268 esse
507 1196 760 1282 Christianum,
780 1197 842 1288 qui
865 1196 897 1265 si
920 1197 1058 1288 quando
1084 1197 1330 1286 interrogetur
1346 1197 1389 1266 de
1405 1197 1495 1264 istis
1517 1189 1613 1264 oum-t

411 1305 632 1396 tingentibus
647 1304 907 1390 conditionatis,
922 1304 1042 1374 statim
1058 1327 1127 1374 non
1143 1306 1365 1396 respondeat:
1379 1305 1501 1374 nasio
1516 1327 1591 1394 ego,
1612 1321 1613 1386 ξ

412 1413 507 1484 Dans
529 1411 609 1499 soit;
636 1412 670 1499 b)
694 1411 848 1481 homines
871 1433 987 1480 onnes
1014 1413 1139 1501 probos
1161 1434 1203 1482 so
1226 1413 1442 1482 christianos
1464 1412 1506 1480 in
1521 1409 1613 1496 suia}

411 1523 457 1592 ad
472 1523 582 1592 Deum
606 1520 769 1612 precibus
791 1518 947 1611 quotidie
963 1518 1053 1590 hano
1069 1519 1387 1590 conditionatorum
1408 1521 1592 1590 scientiam
1612 1517 1613 1582 ἰ

336 1709 341 1723 ι
411 1651 603 1722 supponam
626 1628 866 1714 certissimam
893 1633 923 1715 c)
947 1629 1058 1718 ipsum
1081 1627 1230 1720 deniquo
1251 1627 1448 1698 Ecclesiam
1464 1629 1505 1696 in
1521 1629 1595 1696 suin

411 1745 449 1809 et
471 1736 688 1808 orationibus
710 1742 747 1806 et
768 1733 994 1806 csteohsticis
1016 1733 1302 1807 institutionibus
1324 1735 1471 1806 eandm
1493 1735 1592 1804 ficiem

413 1844 639 1914 manifestere
661 1842 725 1931 (1).

863 2059 1007 2120 THESIS
1028 2060 1142 2122 XLVI.

477 2203 603 2264 Veritas
622 2201 781 2263 obiectico
801 2203 995 2278 futororum
1017 2203 1074 2262 aut
1096 2202 1286 2262 conditione
1306 2214 1353 2263 eat
1373 2205 1531 2281 proprius

748 2302 907 2360 cemicas
927 2301 1084 2361 scientiae
1104 2301 1243 2362 medios.

479 2479 654 2536 «Obiectnn
673 2477 812 2534 scientias
830 2477 940 2532 medlae
959 2481 1005 2530 sat
1024 2478 1090 2546 ipae
1109 2478 1254 2532 obiscttn
1275 2477 1387 2532 verius
1401 2483 1526 2544 amun,
1542 2479 1584 2546 qui

413 2589 426 2616 a
443 2567 531 2619 litere
554 2566 727 2620 elices-entur
740 2579 758 2617 a
771 2565 922 2618 voluntate
940 2569 1051 2630 onaan,
1066 2563 1092 2617 ai
1110 2565 1142 2617 in
1161 2565 1249 2618 cortis
1268 2564 1417 2620 adiunctis
1435 2566 1583 2620 cousus

413 2659 537 2722 aratum
557 2669 613 2707 non
636 2655 730 2706 autem
748 2649 912 2706 huiuamodi
932 2655 1012 2705 actus
1032 2651 1085 2704 sub
1103 2651 1268 2706 conditione
1292 2653 1384 2705 libera
1412 2653 1510 2707 futuri
1528 2655 1581 2706 aies

412 2745 471 2798 nin
484 2759 515 2798 ss
534 2743 689 2798 necessarli
708 2742 771 2795 slve
790 2741 821 2794 in
841 2741 1079 2795 antecedentibus
1099 2741 1225 2796 daretis
1244 2741 1356 2797 divim
1371 2742 1582 2798 imminuis

412 2857 425 2885 ι
441 2836 499 2890 Deo
516 2837 764 2902 cognoscuntur.-

475 3027 611 3110 iiodus,
630 3048 698 3118 quo
720 3025 823 3094 liberi
846 3031 948 3095 actus
971 3027 1036 3096 sub
1051 3026 1250 3096 conditione
1273 3027 1393 3096 futuri
1416 3029 1578 3100 obiectum

410 3135 553 3206 divinae
576 3132 743 3204 scientiae
769 3132 1047 3218 constituuntur,
1072 3133 1327 3224 intelligendus
1348 3141 1471 3205 estex
1495 3139 1577 3228 prin·

409 3243 514 3334 cipiis
535 3241 630 3312 circa
645 3242 756 3331 ipsam
772 3239 1039 3330 praescientiam
1062 3241 1128 3310 Dei
1144 3241 1213 3310 iam
1228 3243 1492 3316 demonstratis„
1510 3247 1575 3315 Pot

409 3359 465 3423 est
486 3351 575 3421 enim
598 3371 761 3441 praesens
785 3348 945 3441 queastio
968 3349 1042 3418 fene
1064 3373 1108 3418 ex
1129 3349 1177 3419 iis
1199 3349 1285 3421 solia
1307 3352 1419 3439 tinini,
1444 3353 1574 3447 quaein

409 3456 649 3548 superioribus
664 3455 761 3526 diota
772 3461 858 3525 sunt
868 3455 911 3525 dc
923 3455 1122 3546 cognitione
1132 3455 1323 3527 liberorum
1333 3465 1479 3529 actuum
1490 3461 1574 3530 abso

408 3565 484 3634 luto
507 3564 720 3633 futurorum.

476 3673 521 3741 1⁰.
547 3671 672 3740 Patres
694 3669 901 3762 ubicumque
931 3675 1044 3760 agunt
1073 3671 1115 3742 ds
1142 3671 1200 3741 his
1225 3671 1348 3742 liberis
1369 3675 1570 3744 conditiona-

407 3779 468 3865 tis,
489 3778 659 3848 rationem
682 3799 745 3846 our
768 3783 804 3846 et
827 3777 994 3868 quomodo
1019 3777 1115 3848 Deus
1138 3801 1180 3848 ss
1206 3785 1406 3870 cognoscat,
1433 3805 1501 3852 non
1521 3779 1567 3848 ad·

473 3961 516 4036 (1)
536 3963 704 4018 «Interdum
724 3963 766 4032 tt,
788 3969 912 4034 atquae
931 3965 1056 4034 potiusne
1075 3981 1093 4018 a
1113 3966 1183 4034 Deo,
1197 3981 1254 4020 nnn
1273 3967 1492 4034 impetremus...
1506 3965 1567 4037 quoi

408 4068 460 4105 nac
478 4051 669 4106 necessarium
688 4053 771 4106 nobis
790 4056 835 4106 est
854 4069 904 4108 nec
923 4055 1008 4120 utile,
1023 4053 1097 4121 qnod
1118 4053 1252 4122 patimus,
1273 4056 1565 4114 innocentorum

408 4155 649 4208 supervacaneum
671 4140 702 4194 iu
721 4141 851 4196 futurum
873 4142 923 4209 stt,
945 4141 1111 4210 elicuerit,
1132 4145 1220 4212 atque
1239 4147 1455 4212 pestiferum...
1468 4147 1565 4213 Ingenii

408 4230 484 4284 bona
501 4233 532 4281 at
549 4233 749 4284 ornamenta...
764 4235 861 4299 petere
880 4233 968 4285 etiam
986 4233 1065 4300 licet,
1086 4231 1137 4286 sed
1155 4248 1190 4287 aa
1207 4233 1383 4306 conditione,
1404 4238 1431 4292 si
1449 4231 1563 4292 notioni

409 4319 461 4372 Det
487 4320 608 4386 glorian
627 4325 657 4374 et
674 4319 711 4375 ad
729 4322 851 4376 salutem
869 4321 1023 4388 protutura
1041 4326 1111 4376 sunt
1124 4345 1137 4372 ι
1158 4323 1329 4381 Oatsohisn.
1349 4328 1468 4384 Bonan.
1479 4323 1560 4381 RN·

408 4407 718 4478 tffipkctp&
