3292 5062
549 375 587 390 ..
611 346 669 406 153
690 377 728 390 .-

75 449 207 518 rationes
229 473 305 519 sese
318 449 509 540 excipiant,
527 451 763 542 intelligatur,
782 452 912 521 sufficit
931 453 1222 522 animadvertisse

74 558 110 624 ed
123 559 262 642 nodum,
282 582 351 650 quo
366 559 529 648 singulae
544 557 627 628 illae
643 560 800 628 notiones
816 581 837 627 a
853 561 951 628 nobis
964 561 1219 650 concipiuntur.

117 666 156 733 1·.
167 666 313 750 Quando
327 669 570 757 perfectionem
584 667 649 736 Dei
662 667 792 737 directe
805 669 1018 758 concipimus
1030 669 1119 752 idea,
1135 691 1223 760 quae

74 773 276 861 significatur
298 775 437 842 nomine
459 776 653 843 affirmante
667 799 697 844 e.
714 801 750 865 g.
768 779 974 864 sapientiae,
994 779 1164 856 iustitiae,
1181 799 1222 844 ea

73 881 150 947 notio
171 903 239 948 non
261 881 490 972 adsignificat
512 883 649 974 quidem
666 885 836 953 obiective
852 883 1097 952 limitationem
1111 891 1147 952 et
1166 883 1222 952 de·

73 991 194 1071 fectum,
220 990 317 1058 sicut
333 1013 368 1059 se
385 989 514 1058 habent
537 992 694 1060 notiones
710 991 800 1060 aliae
817 1014 846 1060 e.
864 1016 900 1080 g.
920 991 1104 1060 facultatis
1120 991 1225 1059 ratio

72 1096 204 1179 ouandi,
231 1097 411 1182 materiae,
437 1105 473 1164 et
495 1099 688 1186 generatim
705 1100 880 1188 potentiae
897 1099 941 1168 ad
957 1105 1094 1168 ectum:
1113 1097 1224 1166 nihilo

72 1211 166 1270 tenen
190 1225 292 1271 secus
314 1205 410 1294 ipsas
431 1205 537 1274 etiam
562 1205 792 1295 perfectiones
814 1207 898 1274 illas
921 1206 1129 1296 simpliciter
1144 1206 1222 1274 sim·

74 1311 161 1397 plicee
183 1311 236 1397 (l)
263 1311 477 1400 concipimus
512 1312 610 1378 modo
644 1310 819 1399 limitato;
846 1335 955 1403 neque
986 1312 1076 1380 enim
1111 1311 1223 1380 ideam

72 1417 245 1506 sapientiae
279 1420 459 1508 concipere
483 1441 676 1508 possumus,
703 1441 790 1511 qnae
812 1420 977 1487 exhibeat
999 1419 1165 1487 distincte
1188 1425 1224 1486 et

74 1524 204 1610 positive
227 1524 437 1614 sapientium
461 1525 536 1593 sine
558 1524 683 1608 limite,
702 1525 811 1593 multo
828 1547 910 1594 vero
927 1526 1054 1609 minus,
1072 1547 1160 1616 quae
1178 1524 1223 1592 si·

73 1629 128 1695 nul
138 1629 303 1700 exhibeat
314 1633 351 1699 in
365 1655 433 1700 uno
448 1631 705 1722 simplicissimo
717 1633 805 1700 Ecce
820 1655 949 1702 omnem
963 1633 1100 1700 omnino
1112 1627 1223 1722 perfe-

70 1734 211 1820 ctionem,
227 1738 503 1829 quibuecnmqne
515 1738 598 1806 eliis
611 1739 811 1806 notionibus
827 1740 963 1830 concipi
974 1747 1011 1806 et
1027 1739 1224 1806 nominibus

70 1841 225 1931 appellari
249 1853 369 1935 queat.
386 1843 496 1912 Cuius
518 1845 570 1912 rei
594 1830 686 1913 ratio
702 1845 739 1912 in
755 1845 1004 1934 superioribus
1022 1868 1063 1914 ex
1088 1845 1224 1934 origine

70 1947 209 2018 idearum
224 1957 439 2033 nostrarum,
453 1959 489 2020 et
504 1953 765 2042 imperfectione
781 1953 893 2020 nostri
910 1952 1113 2021 intellectus
1123 1953 1226 2034 iuxta

70 2055 122 2123 SS.
138 2058 282 2126 Petrum
307 2058 499 2128 doctrinam
534 2059 713 2128 declarata
747 2065 812 2128 est.
841 2059 926 2128 Inde
957 2069 1072 2128 antem
1096 2059 1157 2144 fir,
1185 2065 1227 2128 nt

70 2167 190 2254 qnando
220 2165 373 2236 dicimus
401 2169 609 2254 capientium
634 2169 720 2249 Dei,
746 2166 1053 2256 subintelligamus
1076 2172 1113 2234 et
1135 2165 1225 2234 adsi·

70 2273 281 2359 gnihcemus,
308 2274 556 2363 perfectionem
587 2297 661 2344 eam
686 2276 723 2342 iu
746 2275 819 2343 Deo
843 2297 910 2342 non
934 2277 985 2343 ita
1012 2297 1048 2342 ee
1076 2273 1222 2357 hebere,

70 2387 103 2444 nt
121 2403 179 2448 nos
201 2381 303 2449 illam
320 2380 545 2470 concipimus,
571 2381 631 2450 sed
654 2381 756 2472 longe
772 2383 994 2451 eminentius.
1012 2381 1115 2450 Hunc
1142 2403 1225 2448 vero

70 2487 189 2554 nodum
212 2487 423 2556 eminentiae
446 2488 554 2556 aliter
576 2511 639 2557 nec
662 2489 840 2579 concipere
855 2512 918 2557 nec
930 2489 1131 2577 significare
1150 2509 1225 2577 pos·

70 2617 185 2678 snmus,
211 2617 316 2687 qnam
340 2595 396 2662 vel
420 2595 605 2685 negatione
628 2597 720 2664 modi
744 2597 931 2665 secundum
956 2619 1055 2687 quem
1072 2615 1225 2662 noscam

69 2701 301 2786 perfectionem
325 2699 637 2790 apprehendimus,
665 2702 721 2769 vel
744 2703 887 2772 confuse
922 2701 1145 2791 concipiendo
1169 2723 1225 2768 eu·

70 2809 322 2894 pereminentem
346 2807 612 2897 perfectionem,
639 2832 741 2898 qnam
766 2810 837 2876 fere
861 2808 1100 2898 significamus
1123 2828 1226 2896 appo·

69 2913 136 2981 sitis
156 2914 400 3004 superlativis,
426 2917 536 2984 Deum
559 2935 633 2984 esse
649 2915 858 3006 sapientiem
887 2916 1073 3002 infinitam,
1102 2913 1160 2982 vel
1187 2923 1228 2982 nt

69 3020 125 3088 PP.
141 3021 235 3114 loqui
260 3023 393 3108 solent,
419 3046 492 3094 esee
516 3023 716 3116 incpccpmo,
742 3024 767 3091 i.
786 3046 816 3091 e.
844 3023 1051 3112 sapientiam
1076 3044 1149 3091 esee
1171 3045 1226 3091 ve·

70 3127 227 3196 tissimum
251 3130 312 3198 sed
336 3153 443 3220 snpra
466 3131 566 3198 illum
590 3133 738 3215 modum,
764 3153 833 3222 qno
856 3152 927 3231 nos!
942 3152 1014 3198 eam
1045 3153 1228 3220 possumus

70 3231 268 3325 intelligere.
293 3235 390 3305 Idem
413 3247 529 3306 antem
552 3238 650 3306 valet
672 3238 714 3305 de
738 3237 895 3305 omnibus
918 3238 1140 3326 conceptibus
1169 3237 1226 3305 ab·

71 3335 162 3412 soloti
190 3345 298 3413 etiam
322 3345 364 3413 de
387 3345 750 3415 transcendentalibus
780 3346 897 3430 entis,
925 3345 1035 3430 veri,
1053 3346 1133 3414 boni
1156 3359 1224 3414 etc.

72 3447 154 3518 Unde
178 3453 284 3520 facile
308 3461 465 3542 apparet,
492 3465 677 3544 conceptus
701 3455 918 3542 affirmanter
935 3453 977 3522 de
994 3454 1064 3523 Deo
1080 3453 1226 3522 divinis·

72 3581 125 3646 qne
145 3561 429 3649 perfectionibus,
449 3562 585 3652 quando
603 3561 644 3631 de
661 3563 789 3631 notitia
805 3562 929 3650 egitur
953 3561 1040 3653 quid
1060 3561 1149 3628 Dcnc
1166 3564 1226 3644 cit,

73 3664 158 3732 velut
179 3667 322 3736 comites
335 3667 437 3735 immo
460 3669 497 3735 in
521 3692 557 3738 se
573 3669 763 3759 implicitas
781 3667 907 3736 habere
921 3667 1079 3736 notiones
1101 3689 1226 3756 cepon-

74 3785 123 3853 te,
144 3784 179 3844 et
199 3797 259 3844 eas
279 3797 370 3867 ¹qnae
394 3774 560 3844 dicuntur
583 3777 762 3844 secundum
786 3778 1018 3843 eminentiam.

125 3989 164 4062 (1)
180 3993 371 4046 Perfertlcnia
396 3993 561 4058 simpliciter
583 3997 612 4045 et
632 3991 817 4060 perfectionis
836 3991 986 4044 occandum
1010 3991 1080 4059 quid
1105 3989 1228 4044 declare-

75 4077 166 4134 conen
183 4082 269 4134 habes
289 4080 366 4148 apud
384 4080 413 4134 8.
428 4081 593 4134 dunelmum
617 4082 758 4146 llonolog.
772 4095 797 4133 c.
814 4080 865 4146 14,
887 4079 938 4132 nbi
964 4078 1105 4146 quidquid
1132 4079 1229 4146 aliquo

76 4163 303 4234 anteperfectum
317 4171 371 4232 est,
383 4166 427 4219 ita
440 4166 603 4221 distribui&
628 4187 640 4212 a
653 4165 794 4234 quidquid
815 4170 868 4230 eet,
884 4171 934 4219 eut
955 4167 1013 4219 tale
1024 4171 1078 4231 eet,
1091 4171 1124 4218 nt
1136 4165 1229 4234 ipsum

76 4253 173 4306 annino
191 4254 292 4307 malins
311 4254 353 4306 alt
370 4269 454 4320 quam
474 4269 529 4307 non
549 4254 643 4321 ipeum
661 4252 742 4324 (haec
760 4257 807 4306 est
824 4253 963 4318 perfectio
979 4249 1163 4321 simpliciter),
1180 4255 1231 4305 ent

78 4344 135 4407 tale,
154 4345 256 4398 utnon
274 4345 369 4412 ipsun
389 4345 420 4396 in
433 4343 531 4412 aliquo
551 4347 653 4399 mellus
672 4344 713 4396 ait
731 4357 816 4410 quarn
834 4343 927 4410 iprum
940 4363 953 4392 r
968 4341 1119 4415 (perfectio
1135 4357 1230 4394 cecum

80 4425 135 4481 den
148 4429 240 4503 quid).
