3292 5062
556 326 595 342 -
618 293 675 356 133
695 325 733 339 -

87 407 185 470 autem
206 405 286 468 snut
307 406 437 469 natura
458 400 557 468 nobis
580 400 772 490 superiora,
792 397 1029 488 cognoscimus
1051 396 1149 464 modo
1173 395 1233 463 mi·

86 532 142 577 nus
162 511 320 598 perfecto,
347 531 449 599 quam
473 507 616 576 suntin
640 531 676 576 se
700 507 799 597 ipsis.
825 506 899 573 Iam
925 527 1006 574 vero
1030 489 1091 571 rios
1115 524 1235 570 sumus

84 623 195 684 natura
215 617 413 706 composita,
431 639 498 685 non
515 615 625 684 solnm
649 616 732 707 quia
755 623 951 688 constamus
973 613 1088 682 anima
1104 617 1140 680 et
1162 634 1234 679 cor·

85 747 172 813 pore,
197 725 384 794 sedetiam
407 726 443 792 in
477 724 593 790 anima
616 747 677 814 per
700 746 736 791 se
760 731 916 812 spectata
944 728 1000 790 est
1023 718 1178 811 potentia
1199 723 1237 787 et

86 837 170 899 ectus
197 853 236 900 ac
263 839 446 922 propterea
475 831 643 921 perfectio
669 831 823 898 limitata
849 829 1126 918 imperfectione,
1145 826 1235 916 ipsa·

87 961 138 1030 quc
158 938 309 1028 cognitio
335 963 405 1006 non
428 945 483 1007 est
505 939 704 1006 substantia
728 937 787 1006 sed
810 938 969 1006 accidens
985 937 1022 1003 in
1039 933 1237 1003 substantia

86 1047 213 1114 animae.
237 1047 330 1114 Hinc
352 1045 503 1115 omnium
528 1067 615 1137 quae
638 1045 884 1134 intelligimus,
903 1050 1087 1134 conceptus
1111 1045 1236 1110 forma-

87 1177 150 1221 mus
169 1153 212 1220 cd
234 1155 491 1244 proportionem
515 1160 552 1222 et
575 1153 772 1244 analogiam
795 1153 901 1222 huius
924 1152 1037 1220 nostri
1060 1175 1126 1218 esse
1148 1173 1236 1219 com·

87 1261 193 1350 positi;
217 1270 323 1352 atque
345 1261 422 1330 ideo
445 1262 532 1328 Esse
554 1261 751 1346 inlinitum,
777 1261 867 1352 qnod
891 1262 927 1329 in
951 1280 1083 1328 summa
1106 1257 1237 1347 simpli·

87 1369 176 1436 citate
197 1369 271 1439 sins
295 1369 540 1460 compositione
562 1375 598 1436 et
620 1369 694 1436 sine
717 1367 929 1437 limitatione
950 1376 1004 1437 est
1026 1367 1135 1435 omnis
1158 1366 1237 1434 sim·

87 1475 209 1564 pliciter
230 1476 412 1568 perfectio,
429 1475 529 1544 nulla
552 1477 690 1544 notione
706 1481 749 1543 ut
765 1475 802 1543 in
819 1498 854 1544 se
877 1485 942 1560 est,
962 1475 1140 1564 concipere
1162 1496 1237 1564 pos·

88 1605 200 1651 snmus.

139 1689 207 1760 Hoc
219 1715 325 1760 sensu
342 1692 455 1760 solent
468 1692 588 1761 docere
599 1691 734 1776 Patres,
747 1715 934 1757 mensuram
950 1689 1161 1780 cognitionis
1173 1687 1239 1756 Dei

85 1819 145 1865 esse
166 1798 200 1865 in
223 1799 335 1884 nobis;
357 1827 374 1862 c
392 1799 594 1867 revelantur
610 1799 701 1868 enim
718 1798 841 1866 divina
857 1803 912 1886 (ut
924 1797 976 1866 ait
990 1797 1184 1886 Dionysius
1197 1796 1238 1864 de

86 1903 146 1972 dir.
162 1929 250 1972 nom.
270 1928 300 1974 c.
320 1905 353 1972 1.
370 1905 466 1992 §.1.)
483 1905 672 1975 secundum
698 1905 895 1994 analogiam
913 1905 1039 1974 mentis
1056 1905 1236 1990 cuiusque,

85 2017 113 2077 ct
131 2011 394 2080 immensitatem
418 2011 541 2080 divina
564 2012 699 2080 bonitas
722 2021 842 2101 utpote
859 2009 1238 2102 incomprehensibilem

86 2118 132 2202 (ad
144 2127 297 2187 nostrum
310 2120 446 2188 modum
462 2119 689 2208 cognoscendi
702 2119 801 2186 velut
817 2141 851 2186 se
865 2119 1135 2206 accommodans)
1149 2141 1238 2188 men·

87 2231 156 2293 suri
183 2225 432 2318 quodammodo
464 2225 641 2294 concludit
659 2254 675 2289 ι
693 2220 734 2313 (ἐν
751 2247 846 2314 μετρῳ
867 2247 919 2293 ror
937 2223 1090 2318 corrpiet,
1107 2225 1143 2298 ὡς
1160 2221 1239 2312 ἅχω.-

85 2329 181 2420 ριιιι).
200 2335 353 2404 Theoria
377 2357 459 2404 vero
482 2335 634 2423 integra,
655 2357 758 2426 quam
781 2334 1014 2426 exposuimus,
1035 2335 1107 2423 legi
1127 2341 1240 2424 potest

85 2441 162 2530 apud
184 2441 394 2530 Gregorium
421 2443 528 2530 Nyss.
549 2453 639 2510 cont.
659 2442 805 2510 Eunom.
824 2441 849 2510 l.
868 2441 897 2510 I.
920 2468 953 2533 p.
974 2441 1029 2510 98.
1050 2443 1117 2531 (ed.
1137 2441 1239 2512 Gret·

84 2554 145 2636 rer)
165 2557 200 2618 et
222 2551 316 2638 apud
340 2549 513 2639 cyrillum
539 2549 641 2618 Alex.
661 2551 698 2618 iu
722 2549 901 2618 Thesauro
924 2549 1010 2639 Opp.
1030 2551 1071 2617 T.
1090 2549 1134 2618 V.
1153 2550 1192 2618 P.
1206 2549 1237 2618 Ι.

84 2679 111 2743 p.
126 2656 200 2724 264.
218 2656 299 2724 257.
317 2655 371 2724 Ex
394 2656 459 2725 Dei
483 2657 693 2746 perfectione
724 2655 907 2724 illimitata
934 2656 969 2724 in
995 2678 1126 2722 summa
1157 2656 1237 2722 sim·

84 2762 231 2852 plicitate
254 2769 354 2833 etex
378 2764 623 2854 compositione
647 2785 734 2853 quae
758 2764 794 2830 in
814 2765 910 2831 nobis
926 2773 992 2846 est,
1011 2762 1237 2831 concludunt:

87 2894 170 2938 rnos
192 2895 270 2940 cum
294 2893 482 2936 mensurum
504 2873 601 2937 nobis
626 2869 742 2936 dutum
766 2869 1006 2959 praeter-predi
1036 2893 1102 2936 non
1134 2871 1239 2958 possi·

86 3001 156 3058 ιιιι,
179 2979 272 3047 siout
295 2978 332 3044 in
355 2978 494 3068 speculo
518 2983 553 3046 ct
576 2978 770 3068 aenigmate
795 2979 952 3047 videmus
975 2979 1083 3046 Deum
1112 2977 1238 3046 incom-

87 3083 363 3172 prehensibilem,
383 3107 493 3176 neque
516 3087 607 3152 enim
639 3093 753 3173 potest
783 3084 933 3152 hominis
965 3091 1093 3152 natura
1128 3085 1240 3153 maius

90 3188 207 3282 aliquid
230 3215 334 3284 quam
366 3190 552 3260 secundum
583 3213 646 3258 sue
670 3191 811 3281 propria
834 3192 875 3260 de
905 3192 976 3260 Deo
999 3192 1135 3262 dicere:
1164 3192 1240 3262 ideo

90 3297 201 3366 nostris
217 3298 328 3366 modis
343 3297 478 3366 utimur
494 3301 530 3367 et
544 3307 664 3364 nostra
698 3297 846 3365 facimus
872 3297 1003 3365 indicia
1034 3298 1203 3365 maiorum
1220 3324 1237 3361 ι

94 3394 134 3486 ltu
147 3406 208 3468 καθ
222 3402 342 3481 iunceus
357 3409 494 3490 μειζιιιων
511 3399 715 3492 ὐποδειγματα
729 3401 918 3490 corruperat).
933 3403 1033 3474 Inter
1050 3404 1241 3474 Scholasti-

93 3530 137 3575 ιιι
156 3517 291 3600 praeter
313 3511 350 3580 S.
370 3512 535 3580 Thomam
559 3513 592 3578 1.
611 3536 643 3601 q.
663 3510 718 3578 12.
737 3533 769 3578 a.
788 3511 821 3578 4.
841 3511 969 3602 dignus
992 3523 1046 3580 est
1068 3513 1127 3603 qui
1146 3513 1240 3602 legs·

93 3617 151 3698 tur,
173 3614 301 3684 Saurea
332 3615 566 3704 Metaphysio.
591 3615 682 3704 disp.
701 3613 816 3682 XXX.
844 3624 928 3684 sect.
947 3616 1011 3684 XI.
1038 3640 1072 3684 n.
1093 3617 1153 3700 13,
1180 3615 1241 3683 ubi

93 3740 124 3786 ea
143 3719 251 3806 habet,
277 3743 366 3814 quae
389 3721 638 3806 demonstrant,
658 3722 890 3810 cognitionem
913 3723 1054 3810 divinae
1070 3723 1240 3792 essentiae

94 3830 126 3892 ut
144 3827 177 3894 in
198 3849 232 3896 se
254 3837 321 3912 est,
347 3835 383 3896 st
406 3838 650 3920 consequenter
674 3829 895 3896 intuitionem
919 3829 983 3897 Dei
1007 3830 1240 3898 immediatam

94 3950 153 4002 esse
172 3937 382 4026 superiorem
405 3957 472 4002 non
496 3935 606 4002 solum
630 3934 781 4002 bominis
805 3937 864 4004 sed
887 3935 1045 4003 cuiusvis
1061 3945 1241 4004 creaturae
1363 3983 1364 3986 ι

93 4032 276 4122 intellecta,
294 4037 460 4129 quamdiu
485 4039 621 4106 viribus
645 4038 755 4106 solum
772 4039 994 4108 naturalibus
1017 4061 1165 4131 suaeque
1183 4063 1242 4108 ns·

93 4147 177 4211 torae
199 4145 471 4235 proportionatis
494 4145 681 4235 permissus
698 4151 762 4213 est.
781 4147 831 4214 De
863 4145 918 4213 his
948 4146 1099 4215 inferius
1131 4168 1242 4214 sermo

93 4259 241 4335 recurret,
268 4251 329 4319 ubi
350 4273 494 4340 agemus
517 4251 558 4320 de
582 4252 716 4322 visione
739 4251 909 4322 beatifica.
