3224 5068
912 379 949 392 -
971 347 1032 410 310
1053 381 1090 393 -

416 461 518 524 tenus
543 453 667 522 volitio
696 453 774 544 ipsa
797 451 834 520 iu
865 457 986 521 nostra
1009 457 1278 543 estpotestate,
1305 459 1347 522 nt
1373 454 1502 524 sitve]
1522 477 1581 522 non

416 564 475 648 sit,
502 564 551 632 sit
573 562 658 632 haec
682 561 739 631 vel
763 561 846 648 alia,
865 584 933 629 non
957 569 1074 630 autem
1098 563 1135 631 in
1151 585 1190 632 eo
1207 569 1262 632 ast
1284 569 1407 632 nostra
1429 563 1578 646 libertas,
1603 607 1604 610 =

416 671 507 762 qnod
531 669 713 739 volitionis
743 669 812 737 iam
844 671 1046 760 suppositae
1075 671 1279 740 terminatio
1301 673 1347 740 ad
1377 671 1580 740 obiectume

415 785 535 846 nostro
558 777 705 868 pendeat
727 777 888 844 arbitrio.
908 776 1038 846 Contra
1063 800 1145 847 vero
1169 785 1270 847 actus
1288 778 1486 848 voluntatis
1501 777 1580 846 diri-
1603 771 1604 860 l

415 907 479 954 nae
504 907 564 952 seu
590 883 714 954 volitio
745 883 868 952 divina
898 891 951 952 est
975 885 1174 954 substantia
1196 891 1233 955 et
1262 885 1408 955 realiter
1430 886 1505 977 ipsa
1524 885 1580 953 Dei

414 992 577 1078 essentia;
604 999 657 1060 est
680 1013 763 1082 ergo
781 991 817 1058 in
836 1015 870 1060 se
891 1013 983 1059 unns
1006 992 1253 1061 substantivus
1276 999 1377 1061 actus
1399 992 1580 1062 necessario

414 1101 579 1170 existens.
596 1099 811 1168 Terminatio
834 1121 917 1168 vero
940 1099 1047 1168 huius
1070 1109 1171 1170 actus
1191 1101 1235 1168 ad
1259 1101 1431 1170 obiectum
1454 1100 1580 1192 quidem

413 1207 588 1298 princeps,
614 1205 658 1274 ad
683 1205 873 1274 bonitatem
897 1206 1037 1298 inquam
1061 1207 1204 1277 divinae
1227 1208 1410 1292 essentiae,
1445 1229 1578 1299 quacum

413 1313 664 1396 identificatur,
688 1321 742 1380 est
765 1313 923 1382 absolute
946 1315 1153 1402 necessaria;
1173 1316 1233 1384 sed
1255 1317 1332 1385 eins
1354 1325 1529 1406 respectus
1542 1313 1578 1381 ad

414 1423 547 1492 obieeta
570 1419 789 1504 secundaria,
808 1420 852 1489 ad
877 1421 1002 1490 bonnm
1024 1423 1288 1513 participatum,
1306 1429 1361 1492 est
1377 1422 1576 1491 liberrimus.

412 1531 574 1601 Libertas
597 1529 712 1618 igitur
735 1529 801 1596 Dei
829 1553 897 1598 non
927 1531 1040 1599 estin
1065 1553 1123 1616 eo,
1150 1533 1241 1625 quod
1271 1539 1372 1601 aetus
1395 1529 1578 1600 voluntatis

413 1639 525 1730 possit
547 1658 621 1707 esse
645 1637 702 1706 vel
726 1660 794 1706 non
818 1659 904 1722 esse,
926 1661 987 1706 aen
1012 1639 1103 1730 quod
1119 1639 1155 1708 in
1172 1663 1208 1709 se
1225 1640 1336 1730 possit
1357 1639 1464 1708 aliter
1486 1643 1578 1728 atque

413 1745 519 1814 aliter
543 1767 629 1829 esse;
657 1744 716 1814 sed
740 1743 830 1836 qnod
855 1745 979 1814 volitio
1003 1746 1250 1815 substantialis
1273 1747 1415 1816 infinita
1437 1745 1514 1814 boni
1533 1745 1577 1810 in·

413 1852 508 1920 finiti
532 1851 644 1941 possit
667 1851 795 1941 absque
819 1850 874 1918 sni
905 1853 1097 1922 mutatione
1122 1853 1222 1922 velut
1244 1853 1406 1942 protendi
1435 1853 1480 1920 ad
1502 1852 1577 1918 bona

414 1981 435 2026 a
458 1958 531 2028 Deo
554 1957 742 2042 distincta,
769 1965 809 2026 nt
832 1957 924 2044 sint,
951 1958 1008 2028 vel
1030 1981 1099 2028 non
1121 1961 1283 2051 protendi
1311 1961 1357 2030 ad
1380 1983 1496 2029 eorum
1515 1957 1576 2027 exi-

412 2067 591 2150 stentiam,
619 2088 688 2158 qne
711 2065 828 2155 posita
850 2065 1040 2156 hypothesi
1055 2091 1124 2136 non
1140 2077 1256 2140 erunt.
1273 2069 1370 2138 Aliis
1386 2069 1502 2138 verbis
1522 2067 1575 2134 hoe

412 2175 526 2266 ipsum
551 2173 666 2244 dicere
689 2197 883 2264 possumus.
909 2174 1005 2244 Idem
1032 2197 1123 2245 unns
1146 2177 1291 2246 divinus
1323 2183 1427 2246 actus
1450 2176 1573 2256 volens,

412 2283 474 2375 qni
491 2281 572 2352 vult
589 2285 710 2369 (amat)
727 2281 852 2350 bonnm
875 2281 1053 2350 infinitum
1069 2283 1240 2352 essentiae
1264 2283 1407 2354 divinae
1421 2291 1460 2354 et
1472 2284 1508 2352 in
1522 2283 1574 2350 boo

412 2391 498 2458 bono
522 2389 626 2480 plena
649 2389 866 2458 beatitudine
887 2390 1111 2482 conquiescit,
1129 2393 1326 2461 necessario
1348 2393 1488 2484 quidem
1510 2390 1575 2458 vult

410 2496 475 2566 hoc
503 2497 627 2566 bonnm
650 2497 686 2565 in
704 2518 752 2580 se,
771 2497 830 2566 sed
853 2519 921 2566 non
945 2499 1139 2567 necessario
1162 2499 1253 2568 illud
1271 2499 1351 2570 vult
1373 2524 1454 2570 eum
1476 2497 1573 2568 imita·

410 2605 506 2676 tione
530 2605 567 2674 in
592 2604 691 2674 bonis
715 2605 937 2696 participatis
952 2612 1015 2674 aut
1030 2607 1104 2676 sine
1119 2607 1186 2676 tali
1202 2609 1399 2678 imitatione
1415 2609 1459 2678 ad
1474 2613 1571 2677 extra:

410 2713 521 2784 libera
545 2733 628 2802 ergo
651 2710 732 2780 vult
754 2718 827 2780 tum
851 2711 1105 2798 imitationem,
1131 2721 1205 2782 tum
1229 2714 1322 2784 hunc
1345 2716 1571 2806 potiusquam

411 2822 521 2892 alium
544 2821 621 2890 eins
644 2820 807 2910 gradum,
834 2827 909 2888 tum
932 2823 1009 2890 eins
1032 2822 1262 2912 negationem.
1288 2823 1395 2892 Ratio
1418 2824 1520 2892 huius
1539 2821 1571 2888 li·

410 2928 558 2999 bertatis
575 2933 640 3014 est,
659 2929 742 3018 quia
772 2927 911 2996 infinito
934 2930 1124 3020 exemplari
1147 2932 1330 3022 analogica
1346 2931 1497 3000 imitatio
1511 2929 1571 2996 sive

410 3039 564 3107 existens
587 3035 731 3106 realiter
748 3037 823 3104 sive
840 3059 906 3104 non
922 3037 1075 3107 existens
1098 3061 1161 3109 neo
1184 3039 1285 3108 addit
1306 3038 1495 3130 quidquam
1508 3057 1570 3126 per

410 3145 573 3214 fectionis
596 3166 658 3212 nec
682 3142 850 3212 detrahit.
877 3143 981 3212 Ratio
1006 3167 1089 3214 vero
1118 3145 1484 3215 incommutabilitatis
1505 3149 1568 3220 est,

410 3251 493 3344 qnia
516 3273 584 3319 non
605 3250 699 3319 alius
722 3257 822 3319 actus
839 3252 898 3319 sed
919 3273 1010 3320 nnus
1033 3251 1196 3322 infinitus
1218 3262 1320 3322 aetus
1341 3249 1570 3323 substantialis

409 3358 529 3428 volens
553 3357 708 3426 divinam
733 3360 920 3427 essentiam
950 3359 1057 3428 simul
1079 3362 1162 3430 vult
1190 3361 1266 3430 eius
1295 3361 1519 3430 imitationem
1538 3357 1568 3424 in

409 3465 506 3533 bonis
529 3465 751 3556 participatis
776 3466 833 3534 vel
856 3467 1069 3534 imitationis
1093 3467 1324 3557 negationem,
1343 3475 1380 3537 et
1396 3469 1478 3561 quia
1499 3466 1568 3532 haee

408 3570 533 3640 relatio
550 3572 593 3639 ad
611 3595 715 3640 unum
735 3571 791 3640 vel
807 3571 956 3642 alterurn
974 3577 1161 3643 terminum
1176 3573 1268 3642 nihil
1285 3575 1386 3644 addit
1400 3575 1470 3664 ipsi
1485 3569 1566 3641 actui

408 3679 650 3764 substantiali,
676 3680 736 3750 sed
759 3686 835 3749 tota
857 3679 1048 3750 diversitas
1072 3705 1108 3750 se
1125 3689 1222 3752 tenet
1237 3705 1280 3750 ex
1302 3690 1405 3772 parte
1429 3677 1562 3752 termini.

407 3781 570 3855 Libertas
586 3785 698 3874 igitur
714 3791 895 3856 creaturae
911 3795 968 3856 est
984 3788 1223 3858 indifferentia
1236 3789 1385 3878 (activa)
1397 3791 1442 3859 ad
1454 3793 1562 3866 actum,

408 3891 470 3982 qui
493 3899 547 3962 est
562 3891 722 3961 accidens
738 3915 807 3962 non
823 3893 1033 3982 substantia,
1052 3893 1199 3964 libertas
1222 3896 1392 3964 creatoris
1409 3903 1464 3964 est
1476 3891 1564 3962 indil-

407 3999 557 4066 ferentia
572 3999 830 4068 terminationis
854 4001 891 4070 in
915 4009 1008 4086 actu,
1028 4001 1089 4094 qui
1106 4009 1159 4072 est
1182 4003 1383 4072 substantia
1406 4004 1442 4071 in
1465 4024 1498 4070 se
1518 4019 1562 4066 ne·

406 4107 558 4174 cessaria
574 4115 610 4176 et
624 4108 929 4180 incommutabilis.
950 4109 1003 4179 cf.
1021 4111 1057 4179 S.
1070 4111 1136 4178 Th.
1153 4116 1246 4179 cont.
1264 4110 1370 4180 Gent.
1385 4112 1416 4180 I.
1433 4135 1461 4180 c.
1475 4109 1537 4190 82..

474 4211 541 4280 Pro
558 4213 719 4304 ampliori
736 4215 855 4307 aliqua
871 4215 1106 4286 declaratione
1119 4218 1157 4285 in
1169 4225 1251 4286 actu
1264 4217 1407 4287 divinae
1423 4217 1560 4288 volunta·

406 4321 466 4406 tis,
486 4321 546 4413 qui
559 4324 711 4392 refertur
731 4321 776 4390 ad
793 4338 905 4408 extra,
923 4322 958 4392 h.
975 4347 1004 4394 e.
1023 4325 1068 4394 ad
1086 4325 1222 4418 aliquid
1239 4327 1344 4396 aDeo
1361 4327 1558 4402 distinctum,

404 4435 550 4518 possunt
573 4429 788 4500 considerari
810 4429 903 4500 tria:
936 4445 1033 4500 notos
1056 4435 1241 4500 immanens
1271 4434 1309 4502 in
1336 4455 1394 4520 ee,
1424 4432 1554 4522 effician-
