3230 5072
521 383 559 399 -
581 330 700 414 os-

481 533 624 593 THESIS
646 533 744 594 XLV.

113 660 369 722 Demonstratur
390 661 427 718 in
448 657 513 720 Deo
533 659 685 730 scientia,
709 675 794 736 qaae
815 657 918 718 media
939 659 1007 720 diei
1027 661 1116 718 solet.

88 841 101 866 ι
113 820 158 873 Ex
178 819 392 886 Scripturarunr
412 818 595 887 auctoritate,
617 820 735 872 Patrunr
753 818 890 884 suffragio
910 822 940 871 et
951 819 1114 873 universali
1132 835 1199 888 qua·

29 910 118 963 ·dann
138 910 303 964 christiana
322 910 505 978 persuasione
519 909 715 963 indubitatum
734 912 788 975 est,
804 908 845 962 'ad
870 909 1008 962 obiectum
1027 909 1199 962 iniallibiiia

28 1000 194 1054 ·eciantiae
214 1000 267 1053 Dei
286 1000 430 1067 pertinere
449 1003 546 1067 actus,
566 999 602 1052 ad
622 1013 693 1067 quos
712 1001 808 1052 neate
832 999 967 1052 voluntas
987 998 1039 1052 snb
1060 997 1199 1052 conditio

27 1088 140 1140 »nibus
161 1091 255 1143 actum
277 1089 399 1154 primunr
414 1089 660 1143 constituentibus
680 1091 711 1140 et
729 1104 788 1142 cunr
809 1090 875 1142 actu
895 1087 1016 1142 secundo
1035 1102 1071 1140 ex
1086 1103 1148 1142 sese
1170 1090 1200 1140 et

28 1180 159 1244 usuapte
177 1175 276 1230 indole
296 1193 353 1230 non
365 1178 570 1254 iniallibiliter
590 1178 721 1230 nexisse
743 1179 835 1244 ipssm
857 1177 949 1230 libere
970 1175 1199 1230 determinatura

28 1271 141 1331 senet,
163 1266 189 1318 si
211 1265 390 1320 conditiones
408 1267 478 1320 illae
497 1282 596 1334 reapse
619 1268 833 1333 ponerentur.»

91 1434 307 1501 Declarctio.
328 1433 382 1502 Ee
409 1453 496 1526 quae
527 1433 591 1502 sub
621 1432 818 1503 conditione
848 1433 972 1501 futura
1001 1437 1103 1516 eunt,
1128 1454 1197 1500 non

26 1549 171 1632 possunt
192 1564 267 1610 esse
290 1541 460 1611 veritates
483 1541 640 1610 absolute
663 1541 888 1625 necessariae,
907 1540 967 1609 sed
983 1545 1129 1630 possunt
1145 1561 1195 1606 so·

28 1649 94 1717 inm
118 1672 195 1719 esse
217 1649 388 1718 veritates
411 1648 665 1740 contingentes3
679 1649 823 1738 proinde
855 1671 924 1716 uon
947 1652 1094 1739 possunt
1122 1670 1197 1717 esse

27 1779 139 1825 rernm
162 1757 334 1826 essentiae
349 1780 410 1846 per
426 1779 462 1826 se
478 1763 666 1846 spectatae,
681 1756 740 1824 sed
764 1756 875 1824 solum
898 1755 1107 1824 existentiae
1119 1777 1196 1824 con·

28 1863 249 1955 tingentium.
262 1864 301 1934 si
325 1865 462 1956 qnando
485 1865 582 1953 ipsae
598 1863 813 1933 necessariae
829 1863 998 1933 veritates
1013 1863 1194 1932 enuntien-

29 1979 83 2040 tur
113 1995 192 2042 cnm
220 1971 357 2041 adnexa
388 1971 597 2056 conditione,
623 1969 824 2040 huiusmodi
845 1970 1097 2061 propositiones
1127 1994 1195 2040 non

30 2087 106 2148 sunt
129 2080 386 2149 conditionatae
402 2079 471 2148 nisi
489 2081 601 2148 forma
616 2079 857 2169 grammatica,
871 2078 928 2148 vel
945 2085 1195 2171 qnatenusnou

31 2187 91 2254 iem
106 2187 295 2256 veritatem
311 2187 539 2256 necessariam
557 2187 743 2270 essentiae,
762 2187 821 2256 sed
835 2186 1038 2256 adiunctum
1054 2185 1195 2276 aliquod

31 2296 229 2386 contingens
251 2296 451 2382 enuntient;
478 2301 519 2364 nt
542 2295 680 2388 quando
702 2295 848 2365 dicitur:
869 2295 901 2364 si
924 2294 1079 2364 circulus
1101 2295 1196 2364 linea

31 2409 117 2470 recta
140 2409 343 2472 transeunte
365 2426 426 2494 per
450 2410 607 2472 centrum
630 2403 819 2486 dividitur,
841 2407 1019 2492 segmenta
1042 2409 1125 2470 sunt
1140 2423 1193 2470 ee-

32 2508 196 2598 qualie3si
217 2508 252 2576 A
275 2513 419 2594 estnon
438 2507 559 2599 'potest
581 2509 685 2596 simpl
707 2531 776 2577 non
798 2531 885 2577 esse.
910 2509 1018 2576 Porro
1041 2508 1102 2576 ubi
1117 2531 1193 2578 con·

32 2616 162 2707 tingens
185 2618 373 2687 existentia
395 2619 601 2687 enuntiatur
624 2619 689 2686 snb
712 2617 919 2701 conditione,
938 2639 1006 2684 non
1022 2617 1193 2707 intelligi-

33 2730 84 2792 tur
105 2725 305 2810 existentia,
321 2747 408 2818 quse
430 2725 499 2792 iam
524 2719 738 2816 supponetur
761 2731 841 2793 actu
865 2747 950 2809 esse,
966 2729 1002 2792 et
1024 2724 1125 2792 cuins
1142 2748 1194 2794 so·

34 2829 95 2898 lum
119 2832 324 2901 enuntietur
347 2831 499 2902 conditio
523 2831 580 2900 vel
603 2853 710 2901 cansa
732 2831 853 2900 itidem
877 2831 913 2899 in
938 2837 1031 2914 ectu,
1050 2832 1196 2924 subque

36 2938 81 3006 vel
104 2961 163 3030 per
186 2961 290 3032 quam
314 2939 379 3008 ille
400 2947 465 3026 est;
491 2939 692 3009 huiusmodi
723 2939 814 3008 enim
846 2938 1097 3028 propositiones
1125 2961 1193 3007 non

35 3053 107 3114 sunt
129 3047 385 3116 conditionatee
409 3047 466 3116 sed
492 3037 668 3116 musales.‘
685 3046 803 3116 Sermo
830 3046 1021 3136 igiturest
1050 3047 1093 3115 de
1123 3047 1194 3115 exi·

37 3155 153 3222 atentia
177 3155 422 3244 contingente,
441 3175 527 3246 quac
550 3177 616 3222 non
642 3155 883 3223 consideratur
906 3160 948 3222 nt
969 3175 1062 3223 mere
1084 3154 1194 3244 poesi-

37 3257 106 3329 bilis
128 3261 227 3349 (haec
250 3261 340 3329 enim
365 3262 517 3352 pertinet
539 3262 583 3330 ad
607 3261 775 3330 rationem
792 3261 963 3332 essentiae
978 3266 1015 3330 et
1031 3261 1194 3330 ueritatis

38 3369 263 3456 necessariae),
279 3391 342 3437 neo
365 3369 469 3437 etiam
492 3374 534 3436 ut
556 3368 671 3458 posite
693 3369 762 3436 iam
786 3370 821 3436 in
846 3375 940 3457 ectu3
954 3369 1013 3438 sed
1039 3391 1125 3460 qnae
1142 3369 1193 3436 in·

40 3473 224 3545 ieiiibiliter
247 3482 331 3545 actu
355 3477 458 3560 ieret,
484 3475 515 3544 si
539 3481 621 3544 actu
645 3477 738 3545 foret
767 3476 888 3569 eliqua
917 3476 989 3544 alis
1012 3499 1080 3562 res,
1107 3499 1194 3567 ques

41 3589 164 3670 propter
187 3583 281 3651 hunc
303 3605 430 3651 nexum
452 3583 691 3651 antecedentis
714 3606 789 3652 cum
822 3585 935 3652 altera
958 3590 1000 3652 nt
1023 3605 1100 3653 cum
1116 3607 1193 3653 con·

41 3695 185 3779 sequente
208 3695 356 3758 vocetur
379 3688 542 3758 conditio.
568 3691 668 3760 Unde
684 3690 786 3759 iuxta
801 3685 897 3760 dicte
912 3692 950 3760 in
965 3691 1017 3759 th.
1034 3691 1110 3760 XL.
1125 3713 1193 3758 non

41 3793 193 3866 immerito
208 3819 230 3864 a
242 3795 389 3866 scientia
402 3796 572 3888 simplicis
585 3797 842 3888 intelligentiae
857 3804 894 3866 et
918 3797 1065 3866 visionis
1087 3799 1193 3866 etiem

43 3903 158 3972 nomine
181 3903 418 3994 distinguitur
441 3903 537 3989 haec,
552 3905 594 3973 de
610 3927 679 3996 qua
694 3927 785 3974 nune
802 3904 1031 3994 disputemus,
1045 3903 1195 3973 seientia

43 4008 229 4080 existentiae
252 4010 501 4100 contingentis,
527 4033 614 4102 qnee
638 4012 730 4079 foret
751 4011 816 4079 sub
840 4011 959 4102 aliqua
982 4009 1190 4081 conditione.

46 4167 193 4240 (iutrodnet.
209 4176 240 4227 in
259 4174 350 4228 libros
370 4175 405 4226 V.
416 4173 449 4228 Ψ.
466 4174 499 4227 Ρ.
513 4175 553 4227 ΙΙ.
568 4177 639 4229 sect.
650 4175 690 4228 11.
704 4176 728 4242 5.
740 4168 800 4246 80.)
811 4175 962 4241 affirmans,
982 4174 1194 4242 praedictiones

47 4259 218 4317 clamitatum
240 4263 423 4330 sequentium
445 4279 479 4316 ex
501 4264 663 4318 actionibus
687 4265 790 4318 liberie
810 4262 942 4318 debuisse
964 4279 1026 4317 esec
1048 4265 1191 4333 obscuras,

49 4351 101 4414 quia
116 4369 191 4407 secus
211 4369 363 4422 numquam
387 4353 515 4408 inissent
538 4353 691 4422 impletas,
717 4353 847 4407 homines
874 4353 948 4406 eninr
973 4355 1008 4408 ab
1031 4355 1193 4410 actionibus

49 4444 238 4504 praenuntiatis
252 4443 309 4497 sibi
322 4443 477 4510 cavissent,
494 4447 606 4511 eatque
623 4444 668 4496 ita
680 4444 847 4512 prophetiae
861 4444 1024 4497 evasissent
1039 4445 1190 4500 fallacesi»
