3240 5064
530 367 568 382 ..
588 335 650 399 239
671 367 709 382 .-

36 442 169 528 reiellit,
187 445 226 512 in
250 444 330 536 ipsa
353 441 552 532 cognitione
574 442 779 530 angelorum
796 447 832 511 et
846 442 1025 512 beatorum
1048 465 1117 512 non
1133 443 1202 512 iam

34 551 64 619 id
84 551 298 636 considerat,
323 550 416 642 quod
438 549 476 618 in
492 571 533 618 ea
555 549 750 639 perfectum
773 557 838 637 est3
860 549 920 618 sed
935 571 997 640 pro
1021 571 1084 618 suo
1101 574 1203 642 scopo

34 666 129 748 urget
151 665 191 728 et
212 658 383 727 describit
405 657 454 743 id,
478 657 568 749 quod
592 657 629 724 in
652 679 693 726 ea
716 656 915 746 cognitione
938 655 983 725 ad
1006 657 1202 726 absolutam

32 768 273 854 perfectionem
296 767 406 836 deest.
429 765 509 836 Non
540 765 751 856 simpliciter
773 764 944 834 visionem
967 764 1033 832 Dei
1064 765 1203 854 angelis

33 879 130 963 negat
145 875 208 944 sed
223 879 356 944 certam
371 873 545 966 quendam
561 873 741 958 visionem,
753 895 840 965 quae
857 872 989 962 abipso
1005 871 1204 962 appellatur

34 977 152 1071 lapidee
177 979 350 1069 καταληψις
373 1003 426 1052 της
442 976 557 1060 merae,
581 976 707 1073 ἀκριβης
720 1004 771 1044 και
783 999 984 1072 τετρανωμενη
997 1001 1118 1069 ysacii,
1130 1003 1204 1069 yso·

34 1113 73 1160 σις
88 1111 165 1173 μετα
179 1084 334 1181 ἀκριβειας
352 1087 487 1167 ineam,
504 1089 613 1178 plena
637 1091 885 1179 comprehensio
903 1091 1080 1172 essentiae,
1093 1089 1204 1178 plena

35 1211 62 1259 et
80 1211 266 1284 penetrans
289 1200 463 1285 capnitis,
489 1198 643 1286 capnitio
667 1201 705 1263 in
731 1211 805 1263 tota
825 1196 1047 1286 plenitudine
1072 1195 1199 1287 Chrys.

35 1303 70 1370 de
90 1304 375 1396 Inoomprehens.
394 1305 486 1374 hom.
504 1305 569 1374 IV.
584 1329 619 1374 n.
638 1305 671 1374 2.
687 1306 720 1374 3.
735 1305 769 1392 43
789 1305 880 1373 hom.
896 1305 941 1375 V.
956 1328 991 1372 ιι.
1006 1304 1041 1372 8.
1059 1304 1093 1372 4.

93 1411 188 1494 Quid
211 1414 283 1482 iam
306 1413 398 1503 apud
421 1413 709 1503 chrysostomum
733 1413 801 1481 sibi
825 1412 907 1482 vult
929 1411 1015 1481 haec
1038 1402 1203 1504 ἀκριβειαῖ

37 1517 176 1588 S.Pater
192 1521 287 1588 ineo
303 1520 379 1610 ipso
395 1519 482 1606 loco,
497 1543 598 1610 quem
607 1520 767 1610 Vesquez
784 1519 905 1588 obiicit
921 1517 959 1585 in
970 1518 1202 1588 Io.hom.XV.

36 1625 184 1696 aLXIV.
194 1651 231 1695 ιι.
246 1627 280 1712 2,
295 1626 386 1696 hanc
402 1629 631 1716 capnitionem
646 1641 843 1694 accuratam
858 1648 920 1694 seu
928 1627 1070 1715 plenam
1085 1631 1204 1716 aperte

37 1733 183 1804 declarat
204 1737 270 1820 ita,
288 1741 330 1804 ut
344 1735 437 1804 nihil
452 1735 502 1804 sit
516 1735 616 1804 eliud
639 1757 742 1825 quam
766 1732 1025 1824 comprehensio
1049 1734 1116 1803 soli
1131 1735 1204 1803 Deo

38 1844 178 1932 propria.
203 1843 375 1934 Explicat
396 1843 489 1912 illud
511 1843 640 1912 Matth.
655 1842 721 1912 XI.
735 1843 791 1910 27:
819 1865 917 1911 nemo
940 1842 1042 1913 novit
1063 1844 1204 1913 Patrem

39 1951 99 2017 nisi
120 1951 237 2019 Filius
254 1951 317 2038 (1).
347 1951 473 2034 «Quid
496 1953 609 2040 ergo?
632 1973 814 2020 omnesne
838 1951 875 2019 in
899 1951 1102 2039 ignorantie
1125 1975 1202 2021 ver·

41 2061 169 2126 samur?
191 2059 297 2127 absit.
317 2055 383 2126 aad
397 2079 489 2125 nemo
506 2060 556 2124 eie
570 2061 680 2141 nouit,
697 2073 738 2123 nt
752 2057 881 2125 Filiae.
900 2057 952 2126 Ut
968 2057 1082 2148 igitur
1097 2058 1203 2127 multi

41 2187 93 2252 pro
115 2174 218 2257 captu
241 2189 305 2235 eno
327 2189 406 2234 eum
429 2165 653 2236 viderunt...
679 2166 730 2234 sic
753 2165 987 2234 substantiam
1010 2164 1099 2250 eius,
1118 2166 1203 2258 quid

43 2272 94 2356 sit,
115 2293 214 2342 nemo
235 2274 339 2343 novit
353 2273 424 2342 niai
439 2275 483 2360 is,
501 2274 563 2366 qui
579 2297 622 2342 ex
638 2273 714 2363 ipso
731 2273 874 2362 genitus
889 2279 955 2362 est;
975 2275 1204 2364 cognitionem

44 2381 120 2445 enim
144 2381 199 2446 leia
223 2379 312 2447 dicit
329 2381 470 2470 plenam
492 2381 718 2469 (accuratam)
740 2381 904 2446 visionem
928 2393 960 2445 et
995 2381 1205 2470 comprehen-

45 2488 169 2568 sionem,
186 2502 219 2554 et
243 2488 360 2570 talem,
379 2489 515 2580 qualem
531 2488 638 2554 Pater
655 2487 755 2553 babet
772 2484 812 2554 de
823 2486 920 2554 Filio
938 2485 1031 2574 (2)..
1046 2485 1203 2577 Quapro-

43 2601 107 2679 pter
113 2645 191 2663 ......
216 2617 286 2662 non
310 2593 414 2663 dixit:
431 2593 549 2662 Filius
572 2593 634 2684 qui
657 2591 762 2676 vidit,
782 2591 956 2680 narravit;
983 2592 1043 2661 sed
1066 2591 1204 2684 aliquid

46 2701 179 2790 amplias
203 2691 308 2796 qnam
339 2699 454 2768 cidere
483 2701 624 2792 posuit,
650 2722 729 2768 cum
752 2699 865 2769 dixit:
892 2700 954 2792 qui
977 2706 1032 2768 est
1060 2700 1098 2768 in
1122 2701 1203 2768 sinu

46 2805 146 2878 Patris
150 2859 218 2879 .....
244 2809 337 2878 Nam
360 2811 423 2900 qni
445 2809 652 2898 simpliciter
674 2804 792 2890 sidet,
816 2831 884 2874 non
908 2809 1043 2874 omnino
1061 2807 1204 2897 plenam

99 3081 137 3156 (1)
154 3087 195 3139 lle
218 3100 254 3138 ex
277 3083 511 3138 antecedentibus
531 3083 563 3136 iu
579 3083 632 3136 heo
654 3082 776 3137 bomilia
796 3081 950 3137 difficultas
968 3082 1089 3151 orietur,
1108 3099 1204 3140 eorum

49 3187 132 3228 emens
154 3174 391 3228 determinandus
411 3176 465 3226 eet.
486 3173 616 3238 Qustuor
633 3173 676 3226 ibi
695 3173 845 3227 dicuntur:
863 3173 889 3224 1·
901 3173 1085 3227 Patriarchee
1099 3178 1129 3228 et
1141 3191 1203 3242 pro·

50 3259 133 3323 plene
151 3279 207 3318 nou
227 3263 367 3319 viderunt
383 3267 516 3318 naturam
541 3263 670 3317 divinam
690 3262 739 3316 sed
760 3264 890 3330 symbols
913 3262 1051 3330 quaedem
1072 3279 1205 3330 praesen·

50 3349 94 3401 tine
111 3353 171 3408 Dei.
190 3355 218 3406 2⁰
231 3354 295 3420 Ipsi
313 3353 411 3418 angeli
432 3369 490 3407 ιιοιι
511 3353 614 3407 vident
631 3353 787 3406 essentiam
805 3352 868 3420 Dei,
891 3353 917 3405 ei
936 3368 1031 3406 eorum
1043 3353 1119 3406 visio
1132 3369 1201 3408 com-

51 3447 148 3502 paretur
165 3459 228 3496 cum
247 3459 291 3510 ea,
313 3459 368 3511 qna
390 3461 420 3500 ee
439 3445 621 3498 videtPater
642 3446 672 3496 et
684 3443 779 3495 Filius
801 3445 830 3496 ct
848 3443 978 3509 Spiritus
997 3443 1129 3510 Sanctus,
1155 3459 1206 3496 nec

50 3533 127 3595 rugeli
148 3539 199 3586 ent
216 3535 318 3600 hymni
336 3535 460 3600 angelici
479 3534 562 3587 nobis
581 3533 773 3586 manifestant
794 3533 948 3585 essentiam
971 3532 1125 3600 Dei,⁴qnid
1147 3533 1203 3599 sit;

51 3618 85 3669 sel
99 3623 246 3676 continent
265 3623 365 3677 landes
386 3624 495 3689 gloriae
514 3623 577 3676 Dei.
599 3624 625 3675 3·
639 3622 719 3676 Sicut
740 3623 828 3676 Peter
851 3623 894 3675 ita
915 3622 1012 3675 Filius
1032 3626 1078 3676 eet
1099 3623 1204 3676 invisi·

51 3705 208 3766 bilisooulis
227 3714 388 3780 corporei13
413 3729 464 3767 nec
478 3729 545 3779 ergo
566 3713 694 3766 homines
715 3728 767 3765 nec
786 3712 884 3778 angeli
904 3728 966 3765 eum
985 3711 1085 3765 ridere
1104 3715 1204 3779 potne-

52 3805 103 3852 runt
119 3805 199 3856 velat
220 3819 280 3856 rem
301 3803 483 3871 sensibilem,
510 3807 664 3870 antequem
684 3817 797 3856 carnem
819 3805 987 3856 assumeret.
1011 3803 1045 3854 In
1069 3803 1203 3856 incarne-

53 3889 112 3944 tione
127 3899 159 3945 ut
177 3909 237 3947 rem
254 3895 421 3948 sensibilem
438 3894 577 3948 viderunt
595 3909 652 3946 non
671 3893 800 3948 divinam
820 3892 870 3945 sed
889 3893 1041 3944 humanam
1061 3894 1204 3946 naturam.

53 3980 235 4050 seraptem
259 3985 315 4038 ille
334 3985 424 4038 rerba
444 3983 574 4038 Obristi:
601 3983 699 4048 angeli
725 3997 820 4036 eorum
845 3997 956 4050 semper
982 3980 1085 4034 vident
1105 3981 1206 4035 faciem

54 4069 146 4140 Petri„
162 4079 192 4128 et
202 4074 283 4127 beati
301 4072 404 4126 mundo
422 4073 514 4140 corde,
527 4074 661 4141 quoniam
674 4073 732 4139 ipsi
743 4072 831 4124 Deum
845 4071 995 4138 ridebunt,
1011 4069 1206 4135 intelligenda

57 4169 108 4213 arnt
124 4180 175 4218 non
188 4165 222 4219 de
244 4166 319 4219 faeie
337 4163 484 4218 materiali
498 4179 550 4216 nec
562 4161 596 4215 de
617 4162 731 4216 visione
750 4161 863 4230 sensili,
885 4159 934 4214 sed
954 4158 989 4212 de
1003 4159 1115 4214 risione
1128 4175 1204 4214 men·

57 4251 107 4320 isli,
124 4277 164 4312 res
184 4277 254 4308 κατα
273 4260 387 4308 diescens
408 4251 469 4322 ὄψιν
489 4267 563 4323 φησι.

108 4341 144 4414 (2)
161 4347 254 4398 Preces
276 4365 328 4416 pap
352 4341 529 4400 terentesn
547 4339 645 4413 ἀκριβῆ
663 4347 736 4411 heym
758 4340 864 4412 Saepius
885 4341 1203 4410 transnominationem

62 4448 182 4502 resecem,
199 4435 262 4492 leni
283 4434 297 4490 ὁ
317 4455 405 4506 nerag
426 4431 483 4505 ἔχει
504 4453 559 4504 crepe
580 4451 625 4484 roc
637 4436 740 4494 παιδος.
