3224 5068
551 361 588 376 ..
610 327 672 391 235
694 362 731 376 ..

43 436 140 504 etiam
164 435 292 506 minui
314 461 376 528 per
391 436 692 508 annihilationem.
710 435 805 504 Haeo
828 456 930 525 porro
954 432 1146 502 vindicatio
1171 433 1222 505 di-

43 543 227 612 versitatis
262 545 300 612 in
331 545 408 636 ipsa
440 547 527 612 entis
556 544 692 613 ratione
724 544 817 612 inter
840 543 951 611 Deum
982 547 1018 610 et
1049 541 1222 632 quidquid

38 654 174 736 praeter
199 649 322 720 Deum
345 651 480 742 concipi
504 657 633 742 potest,
660 656 716 719 eet
737 649 932 720 necessaria
962 654 998 718 et
1022 647 1096 716 sola
1129 648 1221 716 suffi-

39 756 126 824 ciens
151 758 324 828 exclusio
347 759 560 850 pantheismi
582 758 829 850 cuiuscumque
853 759 996 827 formae.

511 984 663 1054 CAPUT
686 984 756 1052 m.

177 1138 228 1179 DE
252 1136 527 1180 murmuramus
545 1135 716 1179 ansonurls
734 1133 867 1179 ulvntss
886 1131 1074 1186 assuerus,

309 1226 473 1277 QUATENUS
491 1225 549 1269 EST
568 1227 673 1280 UNUbl,
694 1225 817 1280 VERUM,
838 1222 956 1267 BONUM·

503 1403 646 1462 THESIS
668 1402 769 1462 XXV.

172 1529 340 1589 Esseutio
359 1529 477 1588 divino
497 1545 566 1588 rena
586 1536 632 1588 ert
653 1529 782 1588 recitate
803 1526 1061 1604 stupeturitotie.

98 1723 111 1750 ι
125 1705 172 1757 Ex
195 1705 400 1760 demonstrata
418 1707 566 1760 absolutae
585 1707 770 1775 perfectiouis
788 1704 970 1772 plenitudine
983 1700 1168 1768 consequitur
1181 1714 1215 1752 aa

43 1791 183 1846 rdiuinee
204 1797 356 1850 essentiae
374 1797 492 1864 unitas,
513 1801 547 1849 ut
565 1797 651 1850 buius
670 1796 875 1864 multiplicatio
895 1797 925 1846 ct
943 1793 1059 1846 deorum
1078 1805 1213 1844 uumerus

43 1898 113 1935 suec
132 1888 238 1938 ruente
258 1887 370 1954 concipi
388 1874 494 1955 po‘sit,
517 1887 588 1954 quin
607 1887 733 1940 eiusdem
753 1886 870 1938 divinae
889 1883 1031 1938 essentiae
1051 1881 1130 1934 notio
1150 1880 1215 1932 sub·

43 1977 217 2042 evertetur,
243 1976 348 2030 merito
367 1976 486 2044 proinde
504 1978 605 2030 Patres
631 1975 856 2044 polytbeismum
877 1974 1014 2027 dixerunt
1036 1986 1099 2024 esee
1124 1969 1215 2023 ethei·

45 2077 164 2116 rdinum.
182 2085 197 2112 u

79 2265 118 2333 In
140 2266 348 2358 Scripturis
370 2275 406 2338 et
427 2291 450 2337 a
471 2269 637 2339 Patribus
660 2271 829 2339 rationem
853 2268 995 2338 divinae
1025 2267 1210 2352 esseutiae,

46 2395 121 2462 quse
145 2383 203 2445 ast
238 2378 354 2468 ipsum
385 2378 473 2446 Esse
498 2378 728 2469 simpliciter,
748 2377 920 2448 declarari
955 2382 996 2445 ut
1030 2376 1213 2444 absolutae

45 2482 265 2564 perfectionis
289 2483 553 2574 planitudinem,
572 2490 609 2552 et
624 2508 666 2553 ax
690 2484 755 2552 hac
779 2485 854 2575 ipsa
869 2483 1009 2553 definiri
1026 2483 1211 2566 unitatem,

49 2591 81 2651 ut
100 2595 244 2676 practer
266 2589 370 2658 illum
394 2589 454 2682 qui
477 2599 531 2661 est
555 2605 640 2666 nint
666 2590 746 2684 ἀλφα
763 2586 798 2653 et
814 2587 927 2680 eipeya,
945 2592 1079 2681 primus
1095 2597 1130 2659 et
1154 2612 1211 2658 no·

47 2691 215 2781 sissimus,
244 2697 457 2787 principium
480 2706 515 2767 et
537 2699 629 2786 finis,
646 2701 738 2768 nihil
756 2699 804 2769 sit
819 2699 911 2768 entis
932 2698 1047 2768 divini
1063 2704 1098 2766 et
1114 2697 1211 2765 ahso-

48 2797 116 2884 luti,
141 2803 179 2871 in
203 2803 367 2873 thesibus
390 2807 629 2896 superioribus
653 2809 926 2877 demonstratum
950 2813 1015 2875 est.
1042 2807 1144 2875 Nuno
1168 2827 1210 2872 ex

48 2906 296 2981 fundamentsli
321 2913 480 2982 doctrina
504 2916 684 2985 absolutae
708 2915 932 3006 perfectionis
955 2915 1066 3004 ipsam
1082 2913 1209 2981 intrin-

51 3005 153 3085 secam
162 3021 438 3111 repugnantiam
454 3023 761 3114 multiplicationis
777 3023 1028 3115 praeeuntibus
1043 3021 1210 3090 Patribus

51 3119 244 3196 distinctius
266 3127 442 3218 explicere
467 3131 680 3199 conabimur.

103 3227 131 3294 I.
149 3231 391 3300 consideratis
407 3233 681 3322 perfectionibus
697 3235 849 3325 singulis
865 3258 895 3304 e.
915 3260 952 3325 g.
971 3234 1134 3317 veritate,
1153 3235 1209 3302 bo-

51 3331 166 3422 nitate,
193 3338 369 3429 sapientia
392 3345 458 3408 etc.
480 3341 585 3410 facile
608 3343 826 3432 intelligitur
854 3343 956 3433 plane
986 3363 1206 3433 repugnare,

53 3448 85 3506 ut
99 3447 268 3534 perfectio
293 3469 382 3538 quae
405 3455 459 3518 cst
482 3450 690 3540 simpliciter
724 3453 905 3542 perfectio,
928 3452 964 3520 h.
985 3475 1015 3520 e.
1035 3475 1122 3544 quae
1157 3459 1207 3519 to-

55 3553 111 3614 tam
133 3555 301 3623 rationem
323 3557 550 3645 perfectionis
575 3559 845 3649 comprehendit,
861 3561 909 3628 sit
924 3558 1208 3650 multiplicabilis

54 3657 81 3718 et
99 3677 161 3725 non
184 3660 324 3728 omnino
348 3685 429 3730 una.
449 3662 537 3744 Quis
560 3665 650 3731 enim
674 3665 881 3755 sapientium
906 3667 1090 3755 cogitans,
1116 3688 1204 3756 quae

58 3759 95 3826 sit
113 3769 183 3834 tota
206 3769 298 3836 ratio
333 3770 527 3860 sapientiae
551 3768 846 3865 hieromnemon
869 3773 1050 3844 evidenter
1074 3771 1205 3841 intelli·

57 3865 109 3950 git,
124 3875 191 3940 tam
214 3897 423 3965 repugnare,
450 3883 490 3945 ut
512 3879 589 3948 eius
612 3879 702 3948 duaa
726 3881 800 3948 siut
823 3879 915 3950 inter
947 3905 982 3950 se
1018 3880 1205 3949 distinctae

59 3974 189 4050 aeones
212 3983 384 4072 integrae,
410 4007 512 4077 quam
536 3995 723 4078 repugnat,
750 3995 791 4058 ut
813 3996 888 4058 tota
911 3989 1003 4057 ratio
1025 3989 1205 4058 absolutas

59 4081 208 4158 realitatis
231 4113 294 4159 sau
316 4092 477 4162 absoluta
493 4095 654 4163 totalitas
670 4103 783 4165 menta
812 4095 1031 4187 concipiatur
1059 4096 1200 4188 duplex,

62 4203 115 4303 tna
133 4193 297 4266 distincta
319 4200 363 4267 ab
386 4199 500 4268 altera
522 4203 682 4272 absoluta
704 4205 903 4274 totalitate?
930 4205 1005 4272 Iam
1030 4227 1111 4275 vero
1146 4227 1203 4274 ve·

63 4297 141 4408 utos,
156 4303 303 4390 bonitas,
323 4305 494 4394 sapientia
518 4314 553 4376 et
575 4311 742 4399 perfectio
758 4311 861 4402 plane
877 4312 1008 4397 omnis,
1023 4334 1110 4404 quae
1127 4333 1204 4379 cou-

65 4399 240 4496 tripotens
263 4410 300 4479 in
324 4416 400 4482 tota
421 4413 558 4483 ratione
581 4417 810 4506 perfectionis
840 4425 875 4488 et
909 4418 1010 4488 nulla
1043 4419 1204 4508 imperfe-
