3394 5056
935 351 974 370 .-
995 319 1035 382 78
1058 351 1096 366 -

427 435 534 514 ctum,
559 425 756 518 neglexisse
778 426 1018 496 testimonium
1042 425 1180 516 proprie
1204 423 1350 512 dictum,
1369 425 1460 518 quod
1483 426 1619 496 adver-

427 536 515 607 sarii
539 543 739 626 supponunt
762 535 921 603 omnibus
945 534 1110 624 gentibus
1134 534 1245 602 fuisse
1268 535 1541 604 fundamentum
1560 559 1620 605 co·

427 645 600 736 gnitionis
615 643 692 728 Dei,
706 649 744 713 et
758 643 803 713 ad
819 642 1058 712 testimonium
1074 641 1349 732 metaphoricum
1364 649 1620 714 creaturarum

428 752 530 822 unice
553 751 763 842 appellasse.

494 860 614 951 Neque
639 881 721 928 vero
744 857 814 927 dici
838 865 964 947 potest,
981 857 1171 947 scriptores
1186 877 1303 926 sacrm
1320 858 1357 926 in
1369 858 1619 928 declaratione

428 967 532 1050 modi,
551 989 618 1060 quo
641 967 793 1056 gentiles
810 989 852 1035 ex
870 965 1043 1035 creaturis
1059 967 1169 1033 Deum
1186 988 1392 1055 cognoscere
1408 968 1619 1056 potuissent

426 1081 463 1144 et
478 1073 688 1160 debuissent,
708 1075 956 1144 revelationem
975 1074 1016 1142 de
1032 1075 1098 1142 Dei
1114 1073 1303 1142 existentia
1318 1095 1340 1140 a
1356 1075 1526 1164 gentibus
1540 1081 1617 1143 tra·

427 1181 561 1250 ditione
583 1188 759 1272 acceptam
781 1187 959 1272 tamquam
993 1180 1228 1250 necessarium
1263 1181 1535 1250 fondamentum
1562 1204 1616 1249 re·

427 1287 639 1378 cognitionis
661 1309 703 1356 ex
727 1287 901 1356 creaturis
923 1288 1076 1356 tacuisse
1093 1287 1181 1372 ideo,
1197 1286 1281 1378 quia
1299 1309 1360 1376 per
1376 1309 1412 1356 se
1428 1294 1515 1356 nota
1533 1293 1616 1357 erat

426 1395 691 1486 impossibilitas
708 1395 921 1485 cognitionis
944 1419 986 1465 ex
1003 1396 1176 1465 creaturis
1190 1396 1319 1487 absque
1337 1396 1526 1484 supposita
1543 1397 1616 1464 fide

426 1504 660 1589 traditionali,
686 1503 839 1596 adeoque
862 1505 1022 1572 omnibus
1045 1503 1208 1590 evidens,
1226 1503 1325 1572 illcm
1348 1504 1450 1572 fidem
1468 1511 1512 1572 ut
1530 1507 1614 1572 fun·

426 1611 624 1682 dementum
647 1613 878 1702 praesupponi
902 1612 939 1680 in
963 1612 1057 1680 omni
1091 1634 1269 1697 sermone,
1296 1611 1359 1704 qui
1392 1612 1615 1681 instituatur

426 1719 468 1788 dc
492 1719 691 1810 cognitione
713 1720 882 1787 rationali
905 1743 949 1789 ex
980 1719 1166 1789 creaturis.
1186 1719 1363 1802 Quomodo
1392 1719 1484 1787 enim
1521 1719 1613 1788 haec

425 1827 579 1896 humana
601 1827 750 1896 rationis
774 1828 927 1896 conditio
950 1835 1066 1919 potest
1087 1827 1177 1918 fingi
1204 1827 1400 1912 notissima,
1420 1835 1461 1896 ut
1477 1827 1516 1894 in
1535 1835 1611 1896 stu·

426 1935 524 2004 diosa
547 1934 631 2003 licet
654 1933 887 2024 descriptione
903 1935 1114 2026 cognitionis
1130 1933 1316 2002 rationalis
1332 1935 1438 2003 tacite
1455 1935 1611 2024 supponi

425 2042 593 2133 potuerit,
619 2063 696 2110 oum
720 2042 879 2112 omnibus
907 2043 1102 2132 gentilibus
1125 2043 1166 2112 de
1190 2043 1317 2134 quibus
1333 2041 1543 2132 Scripturas
1561 2041 1610 2110 lo·

427 2161 599 2243 quuntur,
618 2157 655 2220 et
668 2151 827 2220 omnibus
850 2151 1015 2220 fidelibus
1037 2151 1082 2220 ad
1105 2173 1190 2243 quos
1214 2151 1419 2242 loquuntur,
1435 2173 1549 2242 usque
1565 2150 1610 2218 ad

425 2259 666 2326 recentissima
688 2257 773 2328 baec
797 2264 953 2348 tempora
976 2258 1088 2328 fuerit
1109 2259 1336 2348 incomperta,
1354 2263 1390 2325 et
1405 2255 1607 2325 adversarii

425 2363 507 2454 ipsi,
522 2364 649 2456 quibus
672 2363 757 2434 baec
781 2365 989 2455 hypothesis
1013 2365 1115 2454 plane
1138 2371 1194 2434 est
1215 2365 1417 2433 necessaris
1440 2370 1482 2432 ut
1504 2386 1607 2432 suam

425 2473 633 2543 sententiam
657 2495 735 2541 cum
760 2473 956 2564 Scripturis
978 2473 1166 2542 conciliare
1189 2473 1336 2564 possint,
1362 2493 1529 2541 accusare
1555 2493 1605 2540 so·

423 2579 520 2650 leant
544 2578 644 2648 velut
666 2579 850 2669 capitalem
868 2601 1021 2648 errorem
1037 2578 1278 2669 philosophiae
1295 2577 1496 2669 gentilium,
1511 2577 1606 2670 quod

424 2689 498 2759 solo
520 2689 650 2758 lumine
670 2690 820 2758 rationis
835 2712 857 2758 a
874 2689 1072 2780 cognitione
1090 2689 1288 2760 visibilium
1304 2689 1349 2758 ad
1366 2688 1603 2778 cognitionem

423 2796 657 2866 invisibilium
680 2799 835 2888 pertingi
858 2821 957 2888 posse
981 2796 1213 2889 putaverint?

487 2905 534 2974 2⁰.
554 2905 729 2973 Probatur
745 2921 946 2996 argumento
964 2905 1175 2988 excludente,
1193 2925 1262 2997 quo
1277 2925 1339 2994 per
1352 2901 1602 2994 oppositionem

423 3013 460 3082 in
478 3013 672 3104 Scripturis
695 3015 851 3100 docetur,
878 3039 1000 3084 verum
1024 3016 1146 3100 Deum,
1172 3014 1258 3084 licet
1280 3037 1348 3082 non
1372 3013 1526 3106 positiva
1552 3034 1601 3080 re·

423 3121 598 3192 velatione
622 3123 818 3212 gentilibus
841 3122 1048 3206 innotuerit,
1074 3123 1205 3192 lumine
1228 3129 1345 3190 tamen
1367 3121 1518 3189 rationis
1550 3141 1601 3188 oo

423 3227 544 3318 gnosci
567 3230 611 3296 ab
632 3229 683 3298 eis
707 3231 861 3320 potuisse
884 3238 920 3299 et
942 3231 1114 3299 debuisse.
1133 3230 1208 3298 Iam
1231 3231 1330 3298 Rom.
1343 3229 1372 3298 1.
1391 3229 1525 3297 Paulus
1550 3235 1600 3296 ta-

422 3335 491 3404 cite
514 3336 658 3426 opponit
680 3337 829 3406 medium
853 3339 1066 3427 cognitionis
1090 3339 1155 3406 Dei
1178 3361 1239 3429 pro
1263 3337 1456 3427 gentilibus
1479 3345 1517 3405 et
1539 3356 1600 3426 pro

422 3441 577 3529 Indaeis,
597 3445 912 3514 manifestationem
938 3469 997 3536 per
1021 3453 1203 3515 creaturas
1219 3453 1255 3515 et
1269 3445 1518 3514 revelationem
1539 3446 1599 3512 im·

422 3551 620 3619 mediatam.
639 3550 723 3619 Com
747 3555 837 3620 enirn
863 3555 1078 3644 propositum
1102 3553 1208 3623 habet
1223 3555 1414 3636 ostendere,
1433 3575 1511 3622 reos
1526 3572 1598 3620 esse

423 3665 460 3728 et
488 3657 744 3727 inexcusabiles
775 3669 846 3728 tam
880 3662 1027 3730 Iudaeos
1051 3683 1152 3754 quam
1178 3661 1352 3751 gentiles;
1378 3661 1414 3730 in
1439 3661 1597 3754 utrisque

420 3771 598 3858 tamquam
627 3768 891 3837 fundamentum
926 3769 1077 3838 assumit
1109 3769 1344 3859 cognitionem
1382 3768 1468 3852 Dei,
1507 3765 1595 3861 quod

422 3893 499 3940 cum
523 3873 632 3939 Deum
657 3873 922 3962 cognovissent,
949 3897 1018 3942 non
1042 3875 1135 3944 sieut
1157 3875 1268 3944 Deum
1292 3873 1592 3964 glorificaverunt.

422 3979 586 4068 Cognitio
608 3979 673 4048 Dei
697 3981 733 4048 in
758 3981 898 4050 Iudaeis
922 4005 991 4050 non
1013 3991 1091 4052 erat
1113 3983 1301 4074 probanda,
1327 3983 1387 4050 sed
1410 4003 1484 4050 ecm
1500 4003 1594 4050 assu·

423 4087 488 4154 mit
517 4087 709 4177 Apostolus
732 4099 773 4156 ut
795 4091 1032 4176 notissimam,
1059 4093 1142 4184 quia
1176 4092 1228 4161 eis
1257 4091 1353 4159 Dens
1383 4089 1594 4159 revelatione

423 4191 578 4282 positiva
606 4217 641 4262 se
673 4195 933 4284 manifestavit3
960 4205 998 4265 at
1028 4197 1206 4288 probanda
1238 4204 1316 4266 erat
1350 4195 1505 4288 cognitio
1540 4195 1593 4265 vel

421 4299 640 4390 possibilitas
662 4310 699 4369 et
721 4301 798 4370 ideo
821 4303 971 4372 officium
995 4303 1224 4396 cognoscendi
1257 4305 1368 4372 Deum
1391 4304 1428 4372 in
1453 4303 1592 4393 gentili·

423 4409 499 4476 bus.
525 4407 655 4480 Probat
675 4419 793 4480 autem
817 4411 907 4481 bauo
928 4413 1198 4504 possibilitatem
1221 4421 1259 4484 et
1280 4413 1345 4484 hoc
1368 4412 1518 4484 officium
1541 4433 1589 4494 eo,
