3280 5070
927 401 965 418 ..
987 369 1049 432 590
1070 401 1108 417 -

433 477 544 548 libera
566 484 741 568 potestate
764 476 927 560 hominis,
947 498 1070 546 seusus
1094 479 1306 564 potestesse
1328 471 1473 564 duplex.
1488 471 1588 554 Prior,

433 607 533 677 quem
567 585 674 652 verba
698 604 780 674 prae
806 606 842 652 se
866 585 987 652 lerunt
1009 590 1045 652 at
1068 605 1167 674 quem
1193 580 1349 670 theologi
1373 579 1488 648 solent
1511 603 1590 646 assu·

434 714 544 775 mere,
569 691 628 762 hio
651 699 724 760 est:
753 696 870 759 utrum
894 691 931 760 iu
954 691 1067 758 libera
1090 695 1263 780 potestate
1285 688 1439 757 hominis
1461 681 1592 756 naturae
1633 694 1634 780 l

436 797 571 868 viribus
602 798 719 868 relicti
751 798 801 866 sit
830 819 934 888 agere
964 797 1121 889 aliquid,
1155 805 1196 866 ut
1224 796 1273 864 sit
1296 794 1593 885 praedestinatus?
1633 785 1634 814 ¹

434 905 525 996 quod
555 904 697 994 perinde
721 911 776 972 est
798 925 840 973 ec
863 925 1053 996 quaerere,
1084 908 1201 972 utrum
1233 903 1333 972 homo
1357 903 1505 994 primam
1528 924 1593 992 gra·

433 1012 519 1080 tiam
553 1011 690 1080 viribus
713 1010 816 1080 liberi
840 1011 984 1078 arbitrii
1008 1011 1134 1080 mereri
1157 1011 1293 1102 possit?
1315 1011 1391 1081 Hoc
1420 1033 1526 1078 seusu
1547 1009 1595 1076 Se

435 1117 662 1208 mipelagiani
694 1115 896 1185 affirmando
928 1118 1201 1208 respondebant,
1224 1115 1399 1184 Catholici
1423 1138 1539 1184 omues
1555 1137 1596 1183 re-

434 1226 603 1316 spondent
618 1223 789 1314 negaud0;
807 1227 910 1292 immo
933 1225 969 1294 iu
993 1224 1058 1294 hoc
1083 1247 1163 1310 uuo,
1188 1226 1224 1294 iu
1249 1227 1454 1292 nemeettnee
1476 1222 1597 1292 scilicet

432 1341 469 1402 et
482 1335 682 1422 procacitate
695 1335 836 1419 pruttoe
850 1332 1076 1422 Augustinus
1091 1333 1328 1402 constituebat
1343 1339 1462 1400 totum
1479 1330 1597 1421 pondus

436 1461 519 1510 suae
542 1438 794 1530 disputationis
816 1439 858 1508 de
882 1439 1213 1530 praedestinatione.
1241 1438 1437 1508 «Videant
1463 1439 1598 1506 redemi

434 1545 497 1614 huo
515 1541 849 1635 praedestinationis
868 1544 1131 1634 praedicatione
1154 1545 1255 1612 illum
1280 1544 1516 1612 tautummodo
1533 1567 1598 1634 pen

433 1655 695 1720 uictorieoimum
719 1675 884 1734 errorent,
910 1674 977 1743 quo
1001 1651 1133 1722 dicitur
1156 1655 1312 1744 proeium
1337 1653 1402 1720 Dei
1430 1649 1598 1722 amandun

433 1762 558 1828 merito
572 1775 690 1826 nostra
707 1759 817 1828 dorin
836 1759 878 1828 de
894 1759 991 1828 Douo
1008 1781 1145 1850 persev.
1163 1783 1198 1828 ιι.
1217 1759 1274 1830 42.

502 1863 632 1934 Sensus
655 1864 747 1934 alter
771 1873 884 1958 potest
906 1886 993 1948 esse,
1013 1888 1081 1958 quo
1103 1864 1223 1934 fideles
1246 1865 1345 1934 illam
1368 1866 1597 1960 quaestionem

432 1971 635 2063 plerumque
653 1971 875 2062 intelligunt,
894 1977 1012 2040 utrum
1028 1971 1211 2062 supposita
1227 1971 1346 2061 gratia
1360 1971 1601 2061 praeveniente
1635 1955 1636 2002 Ὗ

432 2077 469 2146 iu
493 2083 665 2168 potestate
681 2077 832 2146 hominis
855 2077 906 2148 sit
928 2079 1112 2168 pervenire
1135 2077 1180 2148 ad
1204 2077 1507 2163 ludificationem,
1524 2077 1599 2146 etin

432 2205 473 2254 ea
495 2205 719 2274 perseverare
743 2185 913 2276 usquein
938 2185 1039 2254 finem
1064 2185 1276 2276 cooperando
1306 2185 1475 2276 gratiae,
1508 2195 1599 2276 atque

432 2287 484 2356 ita
506 2309 580 2356 esse
603 2287 918 2377 praedestinatum?
934 2287 1008 2356 Hoc
1025 2310 1128 2356 sensu
1152 2287 1321 2378 complere
1345 2310 1447 2356 suam
1474 2287 1598 2378 praede·
1636 2337 1637 2382 ι

431 2393 654 2462 stipationem
677 2416 753 2464 esse
776 2393 813 2462 in
837 2393 988 2464 hominis
1012 2399 1184 2484 potestate
1207 2418 1276 2463 nun
1300 2395 1462 2463 naturali
1482 2395 1542 2463 sed
1557 2415 1587 2461 re
1636 2389 1637 2398 ’

432 2509 557 2592 parata
580 2523 641 2590 per
664 2501 830 2591 gratiam,
847 2509 884 2570 et
901 2501 936 2570 iu
953 2501 1151 2570 libertatern
1177 2501 1221 2570 ad
1245 2501 1471 2592 operationes
1494 2524 1597 2591 snper·

431 2609 611 2680 naturales
635 2611 814 2694 restituta,
840 2611 963 2702 negari
988 2634 1054 2680 nou
1079 2615 1206 2704 potest,
1232 2612 1317 2704 qniu
1342 2611 1599 2680 contradicatur

431 2717 616 2808 principiis
640 2717 677 2786 iu
701 2717 881 2809 theologia
904 2718 1122 2788 certissimis.
1147 2719 1264 2788 Mouet
1281 2720 1317 2789 S.
1333 2719 1467 2788 Petrus
1482 2719 1516 2786 2.
1533 2719 1597 2786 Pet.

430 2823 534 2894 1.10:
555 2825 751 2916 esatugite¹
771 2835 811 2894 ut
827 2847 889 2916 per
913 2825 1001 2894 boue
1024 2848 1129 2916 opera
1151 2835 1279 2896 certem
1300 2821 1443 2909 (βεβαιαι
1460 2827 1598 2907 firmem)

431 2933 584 2998 vestram
608 2929 824 2998 vocationem
848 2937 884 2998 et
906 2927 1108 2998 electionem
1136 2930 1279 3000 faciatis
1299 2957 1317 2991 r
1342 2935 1448 3022 (quae
1473 2930 1597 2999 scilicet

431 3035 568 3106 vocatio
591 3041 628 3104 et
649 3033 774 3104 electio
797 3036 866 3104 iam
891 3035 1054 3106 inchoata
1079 3046 1134 3106 est
1155 3061 1217 3128 per
1244 3037 1396 3128 gratiam
1428 3035 1542 3122 fidei).
1564 3033 1596 3102 Iu

430 3137 584 3210 Concilio
606 3139 827 3209 Arausicauo
852 3137 901 3208 ΙΙ.
923 3163 1001 3210 cau.
1021 3141 1077 3209 15.
1096 3141 1320 3210 declaretur:
1356 3171 1372 3208 e
1395 3141 1474 3210 Hoc
1504 3139 1595 3208 etiam

430 3245 617 3318 seeundum
635 3246 737 3316 fidem
760 3247 967 3316 catholicam
986 3247 1172 3334 credimus,
1192 3247 1283 3342 quod
1304 3254 1451 3338 accepta
1474 3271 1536 3340 per
1550 3248 1596 3312 he·

428 3353 595 3442 ptisruum
619 3355 739 3444 gratia
762 3377 872 3420 omnes
893 3353 1077 3444 baptizoti,
1094 3353 1237 3425 Christo
1251 3355 1451 3423 auxiliante
1476 3363 1514 3423 et
1533 3374 1596 3423 coo

431 3447 586 3546 perante,
612 3478 699 3549 quae
722 3455 767 3524 ud
791 3455 938 3526 salutem
964 3458 1153 3548 pertinent,
1177 3459 1314 3549 possint
1336 3465 1373 3528 et
1395 3459 1555 3540 debeant,
1571 3457 1594 3522 si

429 3563 583 3633 fideliter
612 3563 771 3633 laborare
800 3563 1003 3648 voluerint,
1035 3565 1235 3656 adimplere.
1265 3565 1417 3658 Aliquos
1448 3587 1533 3635 vero
1559 3561 1594 3630 ud

430 3669 558 3740 malum
574 3671 698 3741 diviua
721 3679 894 3762 potestate
916 3671 1195 3764 praedestinatos
1217 3695 1292 3742 esse
1315 3695 1382 3740 uon
1408 3671 1521 3740 solum
1536 3693 1593 3740 non

429 3777 621 3864 credimus,
654 3779 714 3848 sed
743 3779 869 3864 etiam,
895 3779 926 3846 si
950 3785 1034 3848 suut
1057 3780 1118 3872 qui
1142 3785 1280 3848 tautum
1307 3779 1438 3848 malum
1466 3779 1592 3849 credere

431 3885 563 3972 velint,
597 3909 674 3956 cum
705 3885 796 3956 omui
828 3885 1058 3956 detestatione
1085 3885 1161 3954 illis
1188 3885 1591 3956 anathematismus·

429 3991 621 4064 Concilium
632 3992 1591 4078 Tridentinum‚ubidamuathaeresimdoceutemetium

428 4099 536 4170 iustis
551 4107 738 4192 praecepta
755 4099 819 4170 Dei
842 4101 887 4168 ad
910 4100 1163 4170 observandum
1180 4123 1255 4170 esse
1271 4099 1513 4190 impossibilia,
1527 4097 1591 4165 suh

429 4205 485 4278 dit
506 4207 688 4277 rationem:
717 4207 845 4277 «Deus
866 4230 1014 4300 namque
1037 4207 1141 4276 semel
1164 4207 1377 4278 iustificatos
1399 4227 1463 4275 sua
1484 4202 1591 4300 gratia

429 4337 497 4383 uun
527 4313 676 4402 deserit,
702 4315 771 4385 nisi
796 4315 839 4384 ab
862 4315 913 4384 eis
937 4315 1037 4403 prius
1067 4315 1270 4402 deseratur;
1295 4341 1313 4376 r
1337 4321 1375 4384 et
1397 4312 1499 4406 paulo
1522 4313 1590 4402 post

429 4419 602 4512 agamede
627 4443 767 4488 munere
791 4421 1091 4510 perseverantiae:
1128 4422 1278 4502 eDeus,
1310 4421 1381 4490 nisi
1409 4419 1476 4512 ipsi
1499 4417 1588 4486 illius
