3360 5060
945 421 982 434 ..
1002 391 1065 451 502
1085 423 1123 436 ..

445 489 611 580 intelligi,
630 495 671 558 ut
685 489 816 582 aliquis
838 491 978 562 dicatur
993 493 1124 584 diguus
1140 495 1379 574 misericordia
1394 521 1462 565 non
1478 503 1593 588 propter

442 597 563 690 aliqua
578 597 702 667 merita
717 599 962 688 praecedentia
980 602 1145 690 gratiam,
1164 603 1224 671 sed
1240 612 1383 695 propter
1397 604 1518 672 merita
1531 605 1592 671 sut

443 706 636 798 sequentia;
655 713 752 796 puta,
772 713 813 774 ut
828 706 984 776 dicamus
1001 707 1092 799 qaod
1105 709 1194 776 Deae
1211 709 1272 776 dut
1288 712 1400 778 olisai
1414 715 1556 802 prasina
1571 727 1595 776 ει

441 817 604 904 proponit
617 837 688 880 eom
700 813 743 879 ab
756 827 891 880 aetem
905 815 967 882 illi
977 839 1012 882 se
1023 814 1199 898 daturam,
1211 821 1506 909 pamproesoioit
1516 844 1550 884 ea
1560 819 1596 883 te

442 921 574 1010 oesore
584 945 722 988 aearum
735 921 891 1008 (donatio
907 923 1034 1013 quippe
1046 929 1081 992 et
1093 925 1369 1013 praedestinatio
1381 934 1597 1016 respectans

442 1027 505 1098 riti
519 1029 575 1098 vel
588 1027 740 1118 gratuiti
755 1028 849 1118 apud
865 1027 974 1098 suh.
986 1053 1120 1120 semper
1135 1031 1252 1100 eodem
1264 1033 1364 1100 modo
1380 1057 1419 1102 se
1431 1033 1595 1118 habent)...

442 1136 501 1206 ssd
526 1135 679 1220 videtur,
705 1135 795 1227 quod
818 1159 880 1204 nec
904 1135 968 1204 hoc
991 1140 1238 1208 convenienter
1259 1140 1332 1209 dici
1355 1143 1485 1232 possit;
1509 1143 1598 1208 maui-

442 1245 569 1315 iestum
593 1253 647 1314 est
669 1246 783 1328 euim,
810 1245 901 1336 qnod
924 1245 1015 1314 nihil
1040 1255 1155 1336 potest
1184 1249 1267 1339 poni
1290 1259 1333 1319 ut
1354 1252 1450 1319 ratio
1479 1249 1598 1341 praede

440 1355 655 1438 stinationis,
671 1355 761 1446 quod
775 1359 830 1421 est
841 1354 1172 1444 praedestinationis
1186 1360 1377 1427 effectus...
1392 1359 1598 1428 Manifestum

440 1469 495 1532 est
511 1469 639 1546 autem,
652 1463 742 1554 quod
759 1487 853 1529 omne
866 1463 931 1530 Dei
947 1463 1152 1550 beneficiam,
1167 1464 1259 1554 qaod
1274 1467 1408 1532 lamini
1423 1463 1599 1555 conserturi

295 1627 303 1644 .
440 1571 598 1650 salutem,
618 1585 667 1636 est
683 1569 823 1636 divinoe
837 1568 1167 1658 praedestinationis
1183 1573 1332 1660 effectas.
1346 1603 1363 1636 n
1379 1575 1439 1644 Its
1453 1576 1598 1664 complete

440 1683 598 1768 spectata
613 1677 929 1766 praedestinatione
945 1676 1084 1746 tandem
1104 1679 1250 1747 subiicit
1260 1681 1461 1770 Angelicus
1476 1684 1599 1752 rerbas

440 1784 574 1854 Goueto
590 1785 711 1853 citata.
728 1785 779 1852 At
791 1783 876 1851 haee
892 1785 1053 1854 doctriua
1067 1785 1161 1874 apud
1173 1809 1291 1876 omnes
1301 1788 1505 1858 catholicos
1517 1790 1599 1857 indu·

440 1891 554 1960 hiteta
584 1892 668 1984 quid
699 1891 852 1981 pertinet
882 1891 926 1960 ad
958 1891 1112 1961 ordinem
1140 1895 1234 1964 iuter
1264 1896 1599 1986 praedestinationem

418 1989 573 2088 'gloriae
601 2004 638 2068 et
668 1997 1018 2088 praedestinationem
1049 1999 1212 2088 gratiae?
1234 2001 1337 2070 Nihil
1360 2006 1522 2088 omuino,
1544 2003 1600 2070 uisi

440 2113 613 2200 qnatenus
635 2106 672 2174 S.
690 2107 819 2174 Doctor
843 2108 948 2176 etiam
971 2107 1030 2176 hic
1053 2109 1220 2198 supponit
1242 2117 1284 2178 ut
1306 2113 1550 2182 certissimum.
1571 2109 1598 2178 id

439 2237 536 2284 omna
560 2213 650 2308 quod
675 2214 710 2282 in
735 2215 955 2284 exsecutione
979 2215 1085 2283 datur
1108 2239 1171 2304 pro
1194 2217 1342 2302 meritis,
1368 2221 1489 2288 eodem
1518 2219 1598 2288 modo

438 2323 545 2392 etiam
568 2323 612 2390 ab
634 2327 775 2391 aeterno
797 2321 1053 2410 praedestinari
1076 2345 1118 2390 ex
1136 2324 1273 2394 meritis
1289 2329 1480 2416 praevisis.

506 2431 559 2498 δ’·
577 2431 829 2499 Testimonium:
845 2458 861 2492 u
875 2429 980 2497 Ponit
990 2430 1182 2520 Apostolus
1194 2431 1435 2502 voluntariam
1447 2436 1511 2504 Dei
1522 2457 1598 2526 prae

407 2593 413 2604 .
438 2537 706 2606 destinationem
730 2534 836 2626 (Eph.
855 2536 884 2602 Ι.
904 2535 989 2622 11.),
1008 2538 1111 2606 cuius
1128 2539 1266 2629 quidem
1283 2541 1598 2631 praedestinationis

438 2645 529 2714 ratio
551 2669 619 2714 uon
643 2651 728 2714 suut
749 2643 875 2712 merita
896 2651 1029 2728 nostra,
1055 2647 1116 2714 ssd
1140 2669 1235 2716 mera
1257 2649 1322 2716 Dei
1346 2650 1516 2719 voluntas
1536 2671 1597 2739 pro·

437 2763 516 2844 pter
539 2753 630 2846 quod
653 2751 795 2836 subdit,
828 2753 1015 2821 secundum
1048 2756 1264 2844 propositum
1294 2757 1372 2826 eius
1392 2785 1409 2820 n
1436 2759 1476 2828 S.
1495 2755 1595 2826 Thin

436 2859 529 2952 Eph.
548 2861 629 2930 leet.
648 2860 712 2928 IV.
731 2859 788 2948 (Τ.
804 2859 887 2926 VII.
905 2885 940 2950 p.
956 2860 1041 2944 98.).
1059 2862 1264 2952 Responsio:
1281 2865 1496 2935 Huiusmodi
1510 2887 1596 2954 argu·

437 2975 565 3053 menta,
591 2989 678 3060 quae
702 2989 785 3036 sane
809 2966 915 3036 facile
938 2969 1154 3037 accumulari
1178 2979 1325 3060 possunt
1348 2973 1385 3040 in
1420 2973 1594 3052 infinitum,

436 3083 635 3166 supponunt
664 3075 812 3145 lectores
842 3075 988 3161 bardos,
1014 3083 1051 3146 et
1074 3083 1190 3146 status
1223 3079 1441 3170 quaestionis
1472 3101 1597 3172 prorsus

436 3181 591 3271 ignaros.
616 3183 668 3252 De
690 3205 839 3274 quanam
864 3183 1180 3273 praedestinatione
1195 3185 1387 3276 Apostolus
1402 3186 1595 3279 loquituriu

434 3295 537 3358 textu
560 3313 581 3356 a
604 3291 641 3359 S.
660 3290 793 3358 Thema
808 3289 1017 3359 illustrato?
1039 3291 1232 3360 Evidenter
1255 3293 1297 3361 de
1313 3296 1499 3364 vocatione
1512 3293 1553 3361 ad
1565 3292 1595 3358 fi-

435 3395 512 3462 dem
535 3417 575 3464 ac
604 3397 756 3485 gratiam
789 3405 826 3466 et
853 3397 896 3467 de
930 3397 1037 3466 huius
1061 3399 1255 3467 vocationis
1278 3401 1592 3489 praedestinatione.

435 3501 628 3591 Argolicus
650 3504 805 3594 explicat
826 3507 1041 3574 vocatiouem
1059 3505 1233 3576 inordina
1255 3509 1503 3594 exsecutionis,
1521 3526 1593 3599 quse

435 3609 614 3701 praecedit
628 3611 741 3678 omnia
757 3612 893 3696 merita,
911 3618 948 3680 et
965 3613 1314 3704 praedestinationem
1331 3613 1417 3684 huic
1433 3613 1592 3684 vocationi

434 3719 709 3810 respondentem,
742 3726 848 3811 atqua
879 3719 955 3789 ideo
984 3721 1335 3810 praedestinationem
1367 3725 1500 3814 primas
1527 3742 1592 3812 gre·

434 3828 516 3910 tiae,
542 3827 703 3920 quamvis
727 3850 819 3897 more
840 3851 904 3896 suo
927 3829 1108 3919 intelligat
1130 3837 1239 3899 totum
1273 3832 1397 3900 seriem
1421 3834 1590 3901 effectuum

432 3935 765 4024 praedestinationis
788 3956 810 4001 a
832 3937 944 4024 prima
967 3936 1087 4024 gratia
1109 3959 1219 4027 usque
1242 3939 1287 4006 ad
1318 3939 1479 4027 gloriam.
1505 3937 1587 4004 Prae

432 4041 660 4110 destinationi
684 4044 736 4110 its
760 4043 998 4112 consideratae
1021 4043 1120 4110 nulla
1143 4045 1291 4135 supponi
1316 4047 1444 4115 merita
1472 4049 1587 4112 anese·

433 4149 554 4218 dantia
568 4173 607 4220 eo
623 4150 711 4240 ipso,
722 4151 813 4243 quod
827 4151 928 4219 nulla
940 4159 1269 4242 praesupponuntur
1284 4153 1321 4220 iu
1334 4153 1455 4222 ordine
1470 4171 1587 4224 exsecu

432 4257 551 4342 tionis,
571 4281 672 4348 saepe
687 4259 757 4326 iam
774 4259 927 4328 diximus
942 4281 964 4326 a
979 4259 1114 4329 nemine
1131 4259 1312 4329 Catholicu
1333 4264 1469 4352 negari.
1488 4257 1585 4328 verbe

434 4365 471 4434 S.
491 4366 642 4435 Thomas
665 4367 749 4435 haec
773 4376 876 4435 eunte
901 4367 1121 4437 «Dividitur
1144 4391 1227 4460 pars
1249 4371 1320 4440 ista
1343 4371 1379 4439 in
1403 4377 1495 4440 tres:
1516 4367 1583 4459 quia

433 4473 544 4564 primo
567 4473 727 4564 proponit
749 4475 969 4565 (Apostolus)
992 4477 1187 4565 gratuitam
1210 4479 1437 4564 vocationem,
1455 4471 1583 4548 seeundo
