3444 5054
897 343 935 358 -
955 309 1016 372 214
1038 343 1075 358 -

399 416 534 486 meritis
550 415 631 486 Iesu
646 414 796 502 Christi3
816 422 1069 486 saorsmentum
1085 417 1289 485 nominatim
1304 423 1341 488 et
1355 415 1568 486 saerilioinm

398 521 657 610 Eucharistiae
673 520 758 590 hneo
770 521 911 614 inquam
923 527 960 590 et
971 521 1055 607 elie,
1067 544 1156 612 quae
1168 521 1267 592 nobis
1279 524 1384 593 verbo
1397 523 1462 592 Dei
1474 545 1569 592 reve

398 631 519 700 lantnr
534 629 578 698 ad
602 629 821 714 eredendum,
848 628 924 700 illio
947 629 1021 698 sine
1045 629 1217 700 velamine
1232 637 1356 721 potent
1370 631 1483 700 baetis
1505 653 1568 721 per

398 737 593 829 spiritalem
616 736 785 806 visionem
808 738 845 806 in
868 736 1019 828 seipsis,
1038 737 1199 828 quonium
1222 743 1457 822 evacuasse,
1477 737 1568 829 quod

397 869 441 914 ex
456 849 555 934 perte
571 853 636 930 est,
650 845 720 913 iam
736 845 836 914 venit
848 846 939 936 qnod
951 845 1143 934 perfeetum
1158 851 1225 930 est,
1238 850 1275 915 et
1286 845 1342 915 die
1354 845 1569 914 elucescente

396 954 524 1023 lucifer
539 959 637 1022 ortus
659 957 714 1020 est
735 952 772 1020 in
797 952 977 1037 cordibus,
999 951 1035 1020 h.
1049 976 1080 1022 e.
1095 953 1134 1022 in
1156 952 1394 1022 intellectibus
1409 974 1540 1022 eorum.

462 1061 514 1130 3¹⁰.
529 1061 719 1130 intuentur
735 1061 848 1129 saneti
862 1062 900 1128 in
916 1059 1052 1130 visione
1068 1059 1230 1130 beatifica
1247 1059 1358 1129 Deum
1371 1060 1408 1128 in
1421 1083 1457 1128 se
1475 1060 1562 1150 ipso,

395 1169 585 1260 multiplici
607 1176 723 1238 temen
750 1168 889 1237 diverso
923 1167 1036 1256 gradu
1067 1167 1275 1236 intensionis
1302 1175 1339 1236 et
1361 1167 1560 1251 claritatis,

394 1285 570 1370 temqnsm
594 1301 729 1343 oausam
759 1277 982 1368 enemptorem
1008 1275 1160 1344 omnium
1190 1276 1343 1360 entium,
1369 1297 1457 1367 quae
1487 1297 1561 1366 pos·

394 1390 477 1454 sunt
498 1407 573 1454 esse
596 1384 717 1475 alique
737 1383 957 1452 adumbratio
983 1389 1019 1450 et
1050 1381 1275 1472 participatio
1309 1383 1386 1450 eius
1419 1385 1484 1474 qui
1515 1397 1563 1449 eet

398 1479 503 1571 (mm
522 1488 617 1576 teir);
646 1499 823 1582 tamqnam
858 1513 993 1556 eausam
1027 1489 1232 1578 efficientem
1254 1493 1291 1559 et
1314 1503 1562 1556 conservantem

393 1598 771 1689 universalemque
798 1597 992 1666 necessario
1022 1595 1173 1686 pendent
1202 1595 1316 1664 omnia
1346 1595 1558 1682 existentia,

392 1731 460 1775 non
483 1706 594 1775 solnm
609 1711 651 1774 ut
672 1705 912 1794 produoantur
935 1703 995 1772 sed
1017 1702 1123 1772 etiem
1147 1709 1188 1772 nt
1208 1709 1435 1793 perseverent
1457 1727 1556 1788 esse,

393 1813 676 1906 quemadmodum
690 1811 808 1882 lumen
824 1810 910 1880 solis
925 1831 946 1878 a
962 1809 1033 1878 sole
1061 1810 1203 1900 pendet;
1222 1817 1398 1902 tamquam
1425 1835 1561 1878 caueam

385 1923 540 2012 finalem,
565 1921 609 1989 ad
633 1941 735 2012 quern
758 1916 873 1990 omnin
895 1941 938 1988 ex
968 1917 1170 1988 intrinseois
1201 1919 1407 1988 necessariis
1442 1943 1560 1989 rerum

391 2030 531 2098 naturis
565 2029 785 2097 ordinantur:
808 2050 883 2094 aex
907 2028 1001 2116 ipso,
1036 2031 1073 2094 et
1100 2048 1162 2116 par
1191 2025 1326 2116 ipsum,
1351 2033 1387 2096 et
1416 2027 1453 2096 in
1484 2027 1560 2118 ipso

394 2134 446 2224 (ἑις
458 2129 561 2226 norw)
579 2142 663 2206 sunt
685 2135 800 2203 omnia
817 2163 833 2198 e
852 2135 965 2221 (Rom.
984 2133 1050 2203 XI.
1069 2133 1155 2221 36.).
1176 2133 1292 2217 Quare
1305 2135 1336 2202 si
1359 2135 1453 2204 beati
1468 2135 1560 2206 divi·

389 2267 469 2314 nem
491 2245 678 2314 essentiam
701 2243 874 2327 viderent,
894 2247 1063 2334 quantum
1078 2250 1133 2310 eat
1147 2242 1404 2332 cognoscibilis,
1423 2241 1459 2312 h.
1477 2265 1508 2311 a.
1528 2243 1559 2312 si

390 2375 464 2423 eam
488 2349 811 2442 comprehenderent,
832 2351 869 2418 in
891 2351 970 2440 ipsa
991 2349 1096 2419 etiam
1120 2351 1273 2438 perfecte
1296 2349 1557 2440 comprehende-

389 2466 469 2530 rent
492 2459 606 2528 omnie
627 2458 810 2550 possibilie
833 2464 869 2527 et
892 2457 1007 2526 omnia
1021 2479 1084 2547 pro
1099 2458 1224 2549 quovis
1239 2463 1393 2548 tempore
1407 2459 1556 2528 existen·

295 2598 296 2602 ¹
389 2569 453 2637 tia.
469 2567 536 2637 Sed
552 2567 638 2636 haee
653 2567 910 2657 comprehensio
926 2571 981 2634 est
996 2565 1157 2634 infinitae
1173 2566 1411 2657 perfeetionis,
1429 2573 1466 2636 et
1480 2567 1556 2636 ideo

390 2675 456 2744 soli
471 2675 543 2744 Deo
566 2673 708 2765 propris
730 2675 791 2759 (oi.
811 2673 848 2742 S.
864 2671 930 2740 Th.
952 2671 984 2740 1.
1003 2697 1037 2762 q.
1057 2671 1112 2740 12.
1131 2694 1164 2741 a.
1183 2673 1246 2760 8.).

455 2783 622 2850 Attamen
646 2785 682 2868 a)
706 2803 744 2850 eo
768 2781 844 2870 ipso
868 2779 958 2870 qnod
982 2779 1105 2850 vident
1132 2780 1226 2850 besti
1256 2780 1413 2850 divinam
1444 2803 1555 2850 essen·
1673 2831 1678 2840 .

388 2891 486 2975 tiam,
505 2893 546 2956 nt
560 2889 597 2954 in
610 2909 646 2955 se
661 2894 726 2972 est,
746 2886 930 2956 intuentur
947 2887 1066 2972 etiam,
1084 2887 1247 2978 quomodo
1263 2888 1441 2958 infinitum
1463 2889 1556 2958 illud

387 2991 475 3067 Esse
494 2996 543 3063 eit
557 2993 733 3083 exemplar
755 3000 791 3062 et
817 3016 937 3062 norme
960 2993 1131 3079 omnium,
1150 3016 1239 3085 qnae
1260 3000 1408 3084 possunt
1429 2995 1555 3064 habere

388 3127 456 3171 esee
478 3103 740 3192 participatum
759 3102 843 3171 lieet
865 3108 1049 3192 propterea
1063 3103 1214 3172 nondum
1230 3102 1374 3172 videant
1389 3102 1467 3192 ipsa
1478 3125 1553 3193 pos-

387 3212 507 3282 sibilia
530 3211 644 3280 omnio.
667 3211 724 3280 vel
747 3212 890 3301 singula
913 3213 950 3280 in
973 3235 1010 3280 se
1028 3213 1127 3302 ipsis,
1146 3217 1188 3280 ut
1208 3213 1370 3302 superius
1387 3211 1551 3280 diximus.

386 3320 525 3390 Pariter
547 3319 680 3403 vident,
707 3319 869 3410 quomodo
899 3319 991 3386 nihil
1021 3319 1133 3410 possit
1163 3325 1301 3409 praeter
1331 3318 1441 3388 Deum
1471 3325 1553 3388 notu

386 3426 536 3496 existere
558 3426 629 3494 nisi
651 3426 882 3516 dependenter
905 3427 948 3494 ab
971 3426 1037 3494 ille
1059 3427 1200 3496 infinite
1223 3427 1396 3510 bonitate,
1415 3426 1551 3517 sapien-

385 3533 456 3618 tia,
474 3532 648 3621 potentie,
674 3555 778 3623 quam
801 3533 1004 3618 intuentur,
1030 3538 1071 3601 ut
1101 3533 1138 3601 in
1162 3554 1198 3602 sa
1221 3537 1294 3618 est;
1328 3540 1364 3600 et
1388 3529 1550 3624 quomodo

386 3640 501 3708 omnia
515 3661 603 3731 quae
626 3643 720 3725 sunt,
746 3641 939 3709 necessario
962 3640 1125 3708 ordinata
1147 3640 1221 3709 sint
1243 3639 1287 3708 nd
1311 3638 1403 3708 illud
1427 3640 1551 3708 bonum

384 3748 562 3816 infinitum
584 3753 761 3840 tamqnam
785 3748 828 3816 ed
852 3771 953 3817 annm
976 3749 1079 3818 tinem
1102 3747 1334 3817 essentialem.
1358 3747 1478 3840 Neque
1500 3753 1551 3815 ta·

384 3877 462 3922 men
484 3853 550 3924 hoo
572 3854 647 3944 ipso
671 3854 740 3922 iem
763 3853 885 3924 vident
907 3853 1022 3922 omnin
1045 3853 1104 3924 val
1126 3853 1270 3944 singule
1301 3851 1448 3923 realiter
1480 3853 1551 3922 exi·

327 4021 333 4034 ,
385 3961 527 4030 stantia.

451 4067 582 4136 Verum
607 4068 641 4152 b)
667 4068 759 4137 illud
782 4068 896 4158 ipsum
923 4067 1044 4158 'lumen
1074 4067 1364 4160 supernaturale,
1394 4081 1462 4158 quo
1485 4066 1548 4135 ele·

382 4178 513 4244 vantur
530 4180 660 4243 mentes
676 4175 797 4244 beatae
820 4175 864 4244 ad
887 4175 1093 4244 intuendum
1115 4175 1265 4266 primum
1284 4174 1392 4257 Eeee,
1416 4199 1547 4254 emm,

383 4285 419 4348 st
443 4282 573 4365 bonum,
598 4281 691 4351 siout
713 4288 777 4366 est,
804 4280 900 4351 valet
921 4283 1027 4351 etiam
1049 4305 1112 4372 pro
1135 4283 1275 4354 diverso
1290 4304 1353 4352 suo
1368 4281 1483 4371 gradu
1498 4280 1547 4349 in·

383 4384 552 4458 tensionis
575 4393 611 4457 et
633 4387 859 4478 perfeetionis
880 4389 926 4457 ad
948 4389 1232 4480 eognososndum,
1258 4388 1382 4458 maiori
1407 4387 1465 4458 vsl
1488 4385 1546 4454 mi·
