3240 5064
539 387 577 400 ..
597 355 655 415 201
680 387 717 400 ..

57 469 132 530 ctum
155 461 297 528 visibile
321 481 485 550 praesens
501 467 567 544 est,
586 459 766 527 dummodo
790 457 883 526 vires
906 465 943 526 et
961 459 1125 548 proprius
1141 483 1209 527 mo-

55 570 106 636 dus
126 569 330 637 intellectus
355 568 595 658 cognoscentis
617 589 719 656 pares
744 565 818 633 sint
843 565 974 633 obiecto
1000 565 1160 634 videndo.

105 678 154 744 At
175 677 335 745 defectus
358 681 477 744 estex
500 681 599 764 parta
625 674 753 742 virium
777 672 980 741 intellectus
1004 696 1210 764 cognoscan-

55 783 100 869 tis;
117 782 238 850 nullus
260 783 352 851 enim
375 781 580 852 intellectus
603 789 743 850 creatus
767 803 828 870 per
853 781 948 849 vires
971 781 1152 849 naturales
1175 787 1210 848 et

55 890 226 957 secundnm
250 888 428 978 proprium
453 887 520 955 sibi
536 887 797 956 connaturalem
822 888 958 956 modum
982 888 1211 977 cognoscendi

54 1003 152 1086 potest
174 997 346 1064 intuitive
370 995 489 1064 videre
512 996 634 1080 Deum,
655 1003 697 1064 ut
719 996 756 1063 in
781 1019 817 1064 se
840 1002 905 1082 est;
927 995 1211 1087 quemadmodum

54 1106 199 1196 superine
222 1105 276 1173 th.
291 1105 390 1172 XIV.
419 1104 745 1180 demonstravimus.
772 1105 868 1195 Ergo
894 1105 987 1173 vires
1011 1105 1212 1174 intellectus

54 1215 234 1282 necessario
256 1215 468 1304 supplendae
491 1222 586 1298 sunt,
604 1213 804 1298 elevandae,
830 1219 867 1282 et
889 1213 1135 1282 confortandae
1152 1235 1213 1302 per

54 1321 213 1389 charisma
228 1320 498 1411 supernaturale
514 1321 558 1388 ad
574 1320 744 1390 visionem
764 1319 970 1406 beatificam3
988 1321 1121 1413 hocque
1137 1321 1214 1388 cha-

53 1431 148 1495 risma
161 1437 217 1497 est
231 1435 269 1497 et
284 1429 416 1498 dicitnr
433 1429 571 1518 proprie
588 1429 698 1496 lumen
725 1429 873 1518 qlora'oe.
893 1428 960 1496 Sed
976 1427 1072 1497 hisce
1089 1429 1214 1519 positia

54 1536 215 1604 charisma
237 1536 337 1606 istud
360 1535 515 1626 intelligi
539 1542 654 1626 potest
678 1535 935 1624 multipliciter.
961 1535 1051 1604 Nam

110 1645 151 1712 2⁹.
176 1645 302 1712 Posset
326 1644 460 1734 concipi
484 1644 658 1710 otacilium
682 1666 742 1734 per
767 1643 904 1711 modum
931 1644 1215 1733 supernaturalis

55 1775 230 1821 concursus
254 1751 333 1835 Dei,
351 1751 404 1820 ita
419 1751 580 1818 utnulla
603 1751 667 1818 liat
691 1750 885 1819 intrinseca
908 1750 1056 1818 mutatio
1078 1750 1116 1817 in
1139 1750 1217 1840 ipse

57 1961 94 2006 eat
109 1955 230 2010 nedinra
248 1958 282 2008 ιἰι
294 1972 360 2022 qao,
381 1954 431 2008 aad
448 1953 571 2008 medinm
591 1971 645 2021 qao
665 1955 847 2019 ebnosmtnr
865 1957 1014 2022 obiectum,
1035 1957 1111 2009 sicut
1123 1959 1216 2009 lumen

56 2059 98 2096 aaa
115 2046 152 2097 cie
169 2047 339 2098 intellectus
364 2044 471 2098 dicitnr
490 2043 626 2110 medinm,
651 2046 700 2096 eoi
724 2061 779 2110 que
799 2045 978 2110 renascitur
997 2042 1045 2116 (S.
1057 2045 1110 2098 rh.
1124 2045 1216 2110 Quod-

57 2135 101 2186 lib.
111 2136 173 2191 Vll.
189 2151 217 2186 a.
233 2129 289 2204 1.).
306 2133 436 2186 (laterum
460 2135 546 2186 etiam
571 2134 649 2186 inter
673 2133 864 2187 scholasticos
892 2149 947 2186 non
974 2134 1141 2201 defuerunt,
1166 2135 1216 2202 qni

57 2223 205 2276 huiusmodi
223 2224 325 2289 species
343 2224 486 2288 impraecoc
504 2227 658 2288 negarent,
679 2229 712 2276 nt
731 2240 765 2276 ex
785 2223 995 2276 vetustioribus
1014 2223 1167 2277 Durandue
1185 2225 1216 2275 in

58 2311 155 2364 aciat.
166 2313 193 2365 3.
209 2329 238 2380 q.
250 2311 278 2363 6.
292 2329 322 2364 ιι.
336 2313 379 2364 10.
394 2327 458 2378 sqq.
473 2313 524 2378 qni
538 2313 569 2364 in
582 2312 609 2363 4.
625 2311 694 2365 dist.
708 2313 753 2365 49.
770 2329 799 2379 q.
813 2315 838 2364 a.
854 2329 883 2364 ιι.
897 2313 940 2365 13.
955 2317 1091 2380 testatur,
1112 2316 1218 2366 multos

58 2401 83 2450 iu
100 2401 147 2454 baa
164 2417 194 2454 re
215 2417 309 2454 aecum
329 2403 446 2454 sentire.
468 2404 550 2456 Inter
567 2403 739 2456 recentiores
758 2403 876 2456 Lassins
889 2403 933 2456 lta
945 2404 1090 2470 ioqnitnr:
1109 2403 1217 2458 «valde

59 2487 193 2552 probabile
211 2494 274 2556 eat,
295 2492 405 2544 nuliam
429 2491 551 2558 speciem
574 2491 740 2558 inpressam
765 2492 797 2544 in
816 2492 980 2556 cognitione
1004 2492 1215 2559 intellectuali,

59 2580 214 2640 praesertin
228 2579 381 2645 intuitiva,
395 2595 457 2632 ease
470 2580 669 2646 necessariam
685 2580 754 2648 qnia
764 2582 826 2634 siue
840 2582 949 2648 species
962 2581 1042 2636 adsit
1054 2581 1116 2634 siue
1130 2581 1217 2647 absit,

59 2669 174 2730 rotenia
193 2684 305 2734 semper
324 2671 359 2721 ab
378 2669 488 2722 obiecto
512 2669 597 2722 debet
615 2669 819 2737 determinari;
841 2671 915 2723 unde
935 2671 1079 2738 superflua
1104 2671 1219 2724 uidetur

59 2757 162 2821 speeies
183 2757 389 2811 eonfiteretur:
418 2761 533 2825 quiesi
552 2761 626 2812 tales
646 2762 754 2827 species
781 2765 879 2814 essent
903 2761 1095 2826 necessariae,
1123 2775 1218 2812 omnes

60 2847 142 2910 augeli
159 2863 211 2914 par
229 2863 261 2900 se
281 2853 379 2901 essent
396 2850 481 2915 caeci,
503 2865 554 2903 nec
574 2851 726 2916 qnisquam
746 2851 868 2904 alterum
882 2853 933 2903 ant
951 2849 1106 2916 quidquam
1125 2863 1218 2902 reruni

60 2937 167 2997 quaein
185 2935 290 2990 arundo
312 2942 395 3004 eunt,
417 2953 532 2991 cernere
551 2943 658 3006 posset.
682 2940 764 2993 Unde
783 2940 920 2993 deberent
937 2939 1001 2992 illis
1024 2939 1088 2992 dari
1111 2941 1219 3006 species

60 3030 186 3092 tanquan
204 3027 386 3094 conspicilia,
408 3044 458 3095 per
471 3044 542 3096 qnae
557 3034 713 3096 cernerent,
735 3031 782 3082 val
795 3029 892 3097 potins
906 3035 1048 3096 tamqnam
1065 3029 1132 3082 novi
1144 3029 1220 3082 oculi

61 3113 150 3176 quibua
168 3117 348 3170 afficerentur
366 3118 499 3172 videntes
513 3141 525 3168 n
541 3121 622 3174 Lesa.
638 3119 671 3172 de
691 3121 889 3174 summobono
908 3121 979 3173 1.11.
995 3135 1019 3173 c.
1031 3120 1056 3172 8.
1073 3135 1102 3172 ιι.
1116 3119 1160 3171 49.
1184 3173 1188 3192 ι

110 3203 254 3272 Quidquid
273 3221 341 3258 vero
362 3208 403 3259 ait
422 3207 455 3260 de
482 3209 535 3262 iiio
558 3223 696 3262 concursu
722 3210 823 3274 specics·
846 3224 896 3276 per
921 3206 1032 3260 modum
1055 3207 1160 3260 obiecti
1185 3206 1219 3260 ad

62 3289 219 3347 lornandanr
239 3297 451 3364 cognitionem,
473 3299 499 3352 si
517 3300 617 3364 speciae
636 3299 838 3366 concipiuntur
861 3299 953 3350 solnm
978 3301 1011 3350 nt
1036 3296 1117 3349 ideae
1140 3296 1220 3348 habi-

62 3383 140 3456 tuelae
159 3384 189 3436 in
209 3385 321 3452 anina,
343 3401 416 3452 qnae
435 3401 504 3439 eane
523 3387 626 3453 negari
647 3403 703 3440 non
730 3391 852 3454 possunt
870 3383 925 3457 (ci.
944 3385 972 3440 S.
984 3386 1038 3438 rh.
1052 3389 1127 3439 cont.
1141 3389 1220 3450 gent.

62 3467 169 3538 I·e.bd;
185 3475 211 3526 1.
226 3475 410 3540 q.15.ae.1.
425 3472 481 3545 8.);
498 3477 551 3530 hoc
570 3475 650 3530 rnodo
675 3477 774 3542 epactes
794 3475 891 3542 potina
911 3490 940 3528 ae
961 3478 1061 3528 tenent
1086 3489 1120 3528 ex
1139 3477 1221 3541 parte

62 3559 212 3616 intellectus
231 3567 445 3633 cognoscentis,
461 3567 511 3634 qni
529 3583 580 3633 per
600 3583 647 3620 aas
667 3569 794 3636 acquirit
815 3564 956 3634 quandam
974 3565 1173 3618 habitudinem
1186 3563 1221 3616 ad

62 3647 157 3704 obieeta
176 3655 381 3719 agnoscenda.
402 3655 460 3708 Hoc
477 3656 571 3718 igitur
590 3671 675 3710 sensu
695 3659 790 3710 lunen
805 3655 914 3722 gloriae
928 3659 1070 3722 qnatenus
1084 3668 1134 3721 per
1147 3652 1221 3704 iliud

63 3750 128 3790 nens
145 3744 407 3810 supernaturaliter
424 3745 605 3798 assimiletur
623 3746 681 3798 Deo
700 3745 839 3810 videndo,
860 3743 1020 3811 comparari
1045 3743 1144 3808 posset
1161 3755 1222 3793 curu

63 3830 136 3890 aperie
144 3830 286 3898 impressa,
299 3839 386 3901 atque
397 3839 515 3888 eatenus
526 3841 624 3904 posset
639 3836 754 3889 admitti
766 3835 898 3888 doctrina
907 3833 1066 3900 Vasqneaii
1078 3829 1220 3905 (dianae.

66 3929 83 3966 t.
93 3915 136 3988 7.),
155 3921 204 3986 qui
223 3923 320 3974 lumen
335 3925 443 3987 gloriae
458 3927 588 3992 appellat
607 3925 728 3992 speciem
742 3927 926 3992 impressum
941 3937 973 3976 eo
987 3912 1122 3973 nimirum
1136 3935 1223 3974 aenan

67 4002 165 4060 sinicii
182 4013 278 4077 potest
298 4029 329 4065 ao
349 3995 442 4080 debet,
464 4029 519 4080 qne
539 4015 568 4068 S.
583 4015 704 4067 Thomas
723 4015 780 4068 uit:
800 4035 811 4060 u
828 4013 863 4066 ad
883 4011 1037 4067 videndum
1057 4011 1109 4062 Dei
1129 4025 1223 4063 essen·

68 4093 124 4147 tien
134 4100 292 4165 requiritur
305 4103 406 4169 aliqua
414 4103 572 4155 similitudo
586 4119 618 4154 aec
627 4111 709 4170 porta
722 4105 828 4154 vicinae
835 4103 991 4168 potentine,
1005 4100 1116 4152 seilicet
1128 4101 1224 4152 lumen

69 4181 167 4239 divinae
185 4188 294 4256 gloriae
313 4193 480 4246 confortans
499 4193 679 4248 intellectura
690 4193 726 4246 ad
739 4193 895 4246 videndum
913 4192 1046 4244 Deum...
1061 4193 1225 4242 nouantem

71 4287 112 4368 ptr
134 4279 254 4346 aliquan
280 4281 501 4335 similitudinem
519 4289 643 4336 creatam
663 4283 715 4335 Dei
744 4283 871 4336 essentia
897 4280 991 4334 videri
1015 4284 1126 4347 potest,
1154 4293 1225 4344 qnae

71 4371 144 4422 ΨΜ
161 4364 288 4420 divinam
308 4369 463 4421 essentiam
483 4373 698 4436 repraesentat,
723 4375 757 4422 ut
775 4372 821 4421 est
838 4369 869 4420 in
890 4383 942 4419 sen
960 4368 986 4418 1.
998 4381 1027 4432 q.
1040 4367 1083 4418 la.
1100 4381 1126 4418 a.
1139 4365 1165 4416 2.
1180 4363 1224 4416 Gi.

71 4445 181 4506 'ioletun
198 4455 230 4508 in
248 4457 278 4510 h.
294 4459 316 4511 l.
330 4459 510 4511 conclusione
523 4460 562 4528 4η
582 4465 611 4511 et
630 4457 666 4512 ad
686 4474 712 4510 a.
726 4459 753 4510 5.
770 4457 950 4511 conclusione
964 4457 1003 4508 2¹.
1018 4471 1047 4507 n.
1057 4456 1085 4506 4.
