3360 5060
621 398 659 412 -
680 364 738 427 701
763 397 800 411 -

114 465 294 544 ducantur
310 472 416 542 etiem
432 470 535 541 electi
550 497 566 534 n
585 493 688 560 penes
704 469 940 559 Matthaeum3
959 493 1021 540 seu
1040 471 1115 540 aad
1132 471 1295 540 seducen-

115 581 194 664 dos,
220 581 251 648 si
274 579 351 648 fieri
374 585 500 669 potest,
526 578 631 647 etiam
654 578 794 662 electos,
811 605 826 640 n
845 584 887 647 nt
911 579 1015 648 habet
1037 578 1190 648 Marcus.
1215 581 1295 650 Non

116 687 235 770 video,
262 686 344 778 quid
367 709 410 754 ex
433 684 490 753 his
512 693 744 778 consequatur
760 685 804 754 ad
820 685 1088 755 confirmandum
1106 686 1295 777 praedesti·

116 793 295 860 nationem
318 793 435 882 potius
458 797 539 860 ante
562 813 664 882 quem
687 798 767 879 post
790 791 951 882 praevise
970 792 1116 879 merits;
1143 793 1180 860 in
1203 793 1295 860 omni

117 900 211 969 enim
236 899 408 968 sententis
434 920 523 990 quae
554 897 731 969 haeretice
760 922 829 967 non
856 900 928 983 sit,
954 900 1192 970 indubitatum
1216 903 1292 982 est,

117 1007 396 1096 praedestinatos
419 1006 456 1074 in
479 1029 583 1074 sensu
606 1007 793 1096 composito
819 1029 887 1076 non
910 1029 1029 1098 posse,
1055 1008 1092 1075 in
1116 1029 1219 1076 sensu
1244 1005 1296 1075 di-

118 1115 197 1184 viso
212 1135 312 1204 posse
327 1113 399 1181 labi
421 1113 588 1183 finaliter.
607 1115 697 1183 Vide
712 1137 820 1205 supra
836 1138 870 1204 p.
887 1115 965 1183 592.
977 1114 1054 1184 593.
1073 1115 1181 1186 Nemo
1196 1114 1295 1184 dnbi-

117 1229 176 1291 tat
194 1221 236 1292 de
259 1221 876 1312 praedestinationisinfallibilitate,
895 1243 984 1315 quse
998 1223 1073 1290 sola
1088 1245 1130 1291 ex
1146 1221 1203 1290 his
1218 1243 1294 1290 var·

119 1327 174 1396 bis
197 1332 313 1417 potest
335 1327 476 1414 colligi;
503 1334 543 1395 et
564 1327 606 1396 de
625 1327 756 1413 ordine,
782 1351 851 1420 quo
874 1351 910 1396 se
932 1328 1109 1418 excipiant
1131 1327 1296 1418 praevisa

117 1433 246 1502 merite
267 1438 304 1501 et
321 1433 594 1523 praedestinatio
616 1436 661 1505 ad
684 1434 845 1525 gloriam,
871 1435 973 1504 nulla
995 1442 1049 1504 est
1071 1435 1210 1505 mentio.

187 1541 232 1610 δ’.
250 1541 503 1610 Testimonium
519 1543 680 1635 sequitur
691 1565 734 1613 ex
745 1543 827 1613 Act.
837 1543 1007 1612 XHI.48.
1022 1573 1039 1608 a
1049 1543 1292 1629 Crediderunt,

118 1655 290 1740 quotquot
312 1657 414 1717 erant
436 1649 675 1739 praeordinati
701 1650 746 1719 ad
764 1650 875 1719 vitem
891 1657 1079 1720 aeternam.
1094 1678 1110 1713 n
1128 1650 1295 1719 Animad-

118 1763 221 1824 verte
237 1761 273 1844 a)
291 1755 349 1826 hie
372 1757 443 1826 dici
467 1757 657 1826 credidisse
678 1782 788 1825 omnes
811 1773 844 1825 et
868 1759 956 1825 solos
975 1758 1239 1847 praeordinatos
1257 1760 1295 1824 in

117 1865 228 1932 viram
259 1879 445 1932 ueternum.
473 1864 513 1932 Si
535 1887 619 1953 ergo
643 1865 901 1955 praeordinatio
924 1866 962 1934 in
985 1863 1095 1935 'vitem
1119 1872 1295 1936 aeternam

119 1971 301 2063 significat
323 1971 517 2040 absolutam
540 1972 891 2062 praedestinationem
919 1973 964 2042 ad
988 1973 1156 2063 gloriam,
1183 1972 1294 2062 Spiri-

118 2089 179 2152 tns
202 2079 355 2150 Sanctus
385 2078 576 2146 revelasset
606 2077 724 2162 nobis,
751 2101 866 2148 omnes
889 2078 970 2146 illos
998 2079 1060 2170 qui
1084 2085 1161 2148 tum
1184 2081 1294 2149 credi·

118 2190 260 2270 derunt,
287 2187 397 2255 fnisse
419 2185 717 2276 praedestinatos;
742 2209 858 2256 omnes
874 2187 963 2255 alios
979 2188 1040 2279 qui
1056 2187 1094 2254 in
1110 2187 1175 2256 hac
1191 2185 1294 2255 Pauli

119 2293 378 2388 praedicatione
410 2293 620 2363 Antioohiae
643 2293 797 2363 Pisidiae
820 2316 888 2362 non
912 2294 1158 2378 crediderunt,
1184 2294 1296 2364 fnisse

119 2403 304 2494 reprobos:
330 2423 417 2494 quae
449 2400 565 2469 omnis
588 2408 672 2469 snut
694 2401 818 2470 saltem
840 2423 910 2470 non
933 2401 1139 2491 probabilia.
1159 2402 1192 2487 b)
1210 2401 1294 2469 Con·
1367 2469 1373 2478 ,

120 2511 283 2583 cedamus
297 2509 439 2578 iuterim
454 2509 508 2578 ita
522 2531 608 2594 esse3
628 2509 712 2600 quid
728 2509 808 2578 inde
821 2509 1064 2600 consequitur?
1076 2509 1296 2577 Eruntietur

121 2621 268 2702 fectum,
294 2640 410 2690 ornnes
433 2617 471 2684 in
494 2617 559 2684 illc
582 2616 730 2686 civitate
753 2616 1032 2707 praedestinatos
1055 2615 1100 2685 ad
1124 2615 1292 2705 gloriam,

120 2725 232 2794 Paulo
263 2725 484 2815 praedicante
513 2724 706 2814 suscepisse
728 2724 849 2811 lidem;
876 2725 935 2792 sed
968 2747 1037 2792 non
1061 2723 1212 2807 dicitur,
1238 2745 1295 2792 ees

121 2834 232 2904 fuisse
255 2831 534 2923 praedestinatos
549 2833 594 2900 ad
612 2833 761 2922 gloriam
777 2832 1000 2902 antecedente
1016 2832 1199 2902 voluntate
1214 2839 1295 2900 ante

121 2939 375 3032 praevisionem
399 2939 479 3008 fidei
503 2945 539 3008 et
561 2939 761 3007 meritorum
785 2937 1120 3029 supernaturalium.
1138 2939 1197 3007 Ita
1220 2937 1295 3006 sine

121 3047 228 3117 dubio
251 3045 416 3114 affirmari
439 3045 541 3114 debet
563 3068 653 3133 e.g.:
672 3045 826 3130 credent,
852 3045 1154 3129 iustificabuntur,
1180 3067 1293 3134 perse·

121 3155 306 3238 vorabunt,
333 3159 505 3245 quotquot
527 3161 611 3222 sunt
633 3153 887 3242 praedestinati
910 3155 954 3222 ad
979 3153 1089 3223 vitam
1104 3159 1292 3237 aeternam

120 3283 233 3353 neque
255 3268 370 3330 tamen
397 3260 474 3330 ideo
502 3260 694 3328 affirmetur
718 3260 989 3348 praedestinatio
1012 3259 1057 3328 ad
1081 3259 1191 3328 vitem
1214 3265 1295 3329 ente

121 3369 286 3463 praevisa
302 3369 437 3438 merita.
456 3367 510 3436 cf.
530 3389 637 3457 supra
652 3392 686 3458 p.
707 3367 785 3436 647.
801 3368 878 3436 648.
897 3366 1058 3438 Ceterum
1074 3371 1105 3453 e)
1121 3367 1296 3458 genuinus

122 3499 245 3546 sensns
268 3475 375 3544 bnius
397 3475 465 3544 loci
481 3475 622 3544 videtur
637 3497 713 3544 esse
728 3475 865 3544 omnino
882 3475 986 3560 alius,
1005 3475 1101 3548 nihil
1117 3477 1296 3568 pertinens

121 3584 167 3653 ad
191 3588 405 3673 praesentem
430 3582 713 3672 disputationem.
740 3581 924 3652 Ordinatio
946 3585 1037 3653 enim
1066 3578 1171 3672 (ταξις)
1191 3583 1228 3650 in
1245 3583 1295 3652 vi·

121 3700 194 3762 tam
219 3695 393 3760 aeternam
420 3688 455 3759 h.
470 3691 496 3759 1.
512 3690 603 3759 nihil
618 3697 673 3760 est
687 3691 798 3776 alind,
817 3712 918 3783 quam
942 3692 1049 3762 animi
1066 3715 1126 3783 per
1143 3689 1295 3780 gratiam

122 3798 307 3890 dispositio
331 3798 527 3868 necessaria
541 3819 582 3868 ec
597 3819 659 3888 per
682 3820 756 3867 sese
779 3799 924 3868 tendens
939 3805 976 3867 et
991 3799 1154 3868 ordinata
1176 3799 1220 3866 ad
1244 3797 1297 3866 vi-

121 3914 194 3975 tam
225 3911 402 3975 aeternam
433 3911 608 3996 tamqnam
630 3904 754 3972 finem:
788 3926 911 3994 graece
940 3903 1032 3974 enim
1063 3927 1131 3973 non
1162 3904 1296 3994 legitur

122 4032 351 4104 προτεταγμενοι
375 4013 432 4083 vel
456 4033 677 4104 upcmptopsrct,
704 4013 764 4082 sed
787 4013 849 4076 ὅσοι
872 4007 951 4082 ἦσαν
971 4033 1141 4100 τεταγμενοι
1160 4005 1199 4084 ἑις
1217 4016 1294 4087 ζωην

121 4117 247 4187 drocus.
275 4121 454 4213 Quotquot
476 4120 589 4210 igitur
611 4128 687 4189 tum
702 4121 755 4189 ita
769 4127 871 4190 erant
886 4118 1048 4209 dispositi
1064 4141 1125 4208 per
1141 4117 1294 4208 gratiam

121 4249 199 4298 cum
224 4249 292 4295 non
315 4224 517 4295 resistentie
547 4229 668 4294 contra
691 4224 808 4310 illam,
835 4224 863 4292 ii
886 4245 1002 4294 omnes
1027 4229 1065 4292 et
1088 4221 1154 4291 soli
1185 4221 1294 4291 credi·

124 4335 419 4512 dorldlltemenet
429 4439 657 4532 explicandus
669 4439 766 4511 locus
777 4436 938 4530 Apostoli
950 4435 1155 4508 Rom.VIIl.
1167 4435 1292 4506 28-30.
