3262 5076
541 362 578 378 -
599 329 660 392 543
682 363 720 378 -

97 432 180 504 Iam
206 457 288 506 vero
310 440 450 528 praeter
471 435 563 505 hanc
586 436 737 510 abeotnte
759 411 1007 504 ante'eedentem
1021 431 1210 527 praedesti-

33 542 213 613 nationem
230 543 385 614 alienon
401 543 509 613 datur
532 565 574 611 ex
597 543 749 612 omnium
773 544 922 613 istorum
938 549 1119 613 auctorum
1136 565 1211 612 sen·

33 650 159 737 tentia,
189 656 226 720 et
248 651 313 722 hoo
336 651 496 720 absoluto
520 652 657 722 decreto
680 658 760 722 ante
780 650 1033 742 praevisionem
1050 673 1211 743 quorum·

33 780 182 851 cumque
206 764 348 829 actuum
372 765 613 829 creaturarum
638 783 753 828 omnes
777 751 940 828 salvandi
959 757 1211 849 praedestinati

35 871 129 936 sunt.
156 865 261 936 Unde
283 867 478 938 necessario
502 867 685 960 sequitur,
711 867 800 960 quod
824 871 985 936 auctores
1012 867 1082 957 ipsi
1108 865 1211 956 profi·

32 979 155 1053 tantur
182 973 424 1060 verissimum,
449 980 486 1045 et
507 975 657 1066 probant
680 997 721 1043 ex
745 974 887 1067 propria
910 975 1047 1044 ratione
1071 973 1211 1064 praede·

34 1081 254 1176 stinatipnis,
280 1104 396 1152 ornnes
419 1081 507 1151 alios
531 1084 592 1176 qui
615 1087 754 1174 praeter
777 1081 859 1151 illos
882 1081 1126 1168 antecedenter
1145 1079 1213 1150 ele-

34 1193 104 1257 otos
128 1187 276 1258 creandi
299 1197 419 1275 erant,
445 1190 556 1260 fuisse
575 1193 804 1280 praeteritos,
829 1197 871 1260 ut
893 1191 1036 1274 dicunt,
1058 1211 1120 1258 seu
1142 1211 1211 1257 non

34 1295 299 1386 comprehensos
322 1297 359 1366 in
382 1297 699 1388 praedestinatione
714 1299 758 1368 ad
782 1298 893 1368 vitem
912 1303 1090 1368 aeternam
1114 1302 1210 1366 ante·

35 1401 199 1472 sedenter
221 1411 258 1472 et
279 1403 551 1494 independenter
573 1407 617 1474 ab
641 1406 734 1474 omni
765 1405 985 1498 praevisione
1013 1405 1089 1475 sive
1112 1405 1209 1472 e'bso·

34 1510 108 1580 luta
136 1512 218 1582 sive
249 1511 489 1582 conditionata
520 1521 764 1606 peccatorum,
796 1515 903 1585 etiam
933 1513 1046 1605 ipsius
1076 1510 1212 1604 peccati

37 1617 237 1709 originalis.
262 1619 371 1688 Immo
393 1621 652 1710 permissionem
677 1627 919 1712 peccatorum,
952 1625 1093 1712 propter
1123 1640 1212 1713 quae

36 1725 154 1816 angeli
180 1733 220 1796 et
241 1726 397 1796 homines
415 1731 566 1818 petitine
592 1731 825 1820 reprobantur
846 1735 883 1799 et
905 1729 1128 1812 damnantur,
1154 1749 1214 1817 pu·

38 1839 112 1904 tant
135 1857 215 1904 esse
238 1835 399 1905 effectum
423 1837 546 1929 atique
572 1837 767 1906 necessario
798 1841 1060 1929 consequentem
1083 1858 1126 1904 ex
1148 1833 1214 1904 illa

38 1941 197 2012 absolute
217 1941 440 2013 antecedente
464 1945 706 2036 reprobatione
729 1946 904 2034 nepetino.
923 1941 1214 2032 Reprobationem

39 2053 237 2139 nepesinam
259 2071 327 2120 non
351 2072 391 2120 eo
414 2072 518 2120 sensu
542 2051 734 2142 appellant,
759 2051 861 2144 quasi
883 2050 921 2118 in
944 2049 1016 2119 Deo
1040 2071 1106 2118 non
1122 2054 1214 2119 esset

39 2164 134 2225 ectus
163 2157 353 2248 positivns;
376 2158 537 2250 quemvis
561 2158 651 2227 eninr
676 2157 788 2250 aliqui
813 2157 1001 2226 videantur
1024 2135 1131 2224 illam‘
1145 2179 1213 2222 non

38 2263 385 2351 praedestinationem
412 2266 590 2356 concipere
621 2265 722 2336 velut
750 2286 879 2334 meram
910 2265 1129 2354 negationem
1152 2285 1215 2332 scu

41 2371 231 2442 absentiam
255 2379 357 2444 aetus
379 2373 697 2464 praedestinantis,
723 2373 919 2443 cuiusmodi
941 2372 1084 2462 negatio
1106 2370 1214 2440 etiam

40 2484 89 2548 est
103 2479 201 2550 circa
214 2479 370 2549 homines
381 2503 472 2550 mere
485 2481 678 2571 possibiles,
691 2479 895 2550 sinceriores
907 2483 1024 2548 tamen
1039 2479 1210 2560 fatentur,

43 2591 153 2654 actum
171 2608 248 2655 esse
258 2589 460 2676 positivam,
474 2591 510 2656 et
520 2586 630 2656 Deum
642 2589 789 2676 positive
804 2585 890 2654 nelle
906 2608 963 2654 eos
979 2607 1095 2654 omnes
1110 2582 1215 2652 homi·
1314 2581 1318 2594 ’

42 2711 95 2760 nea
122 2718 192 2760 non
210 2691 473 2784 praedestinare
495 2716 575 2778 eeu,
601 2701 643 2763 ut
666 2695 730 2763 alii
755 2694 887 2764 clarina
909 2693 1121 2784 loquuntur,
1146 2714 1214 2758 non

45 2797 222 2869 admittere
237 2801 283 2868 ad
297 2825 438 2893 repnnm
461 2802 610 2886 coeleste,
627 2802 684 2871 vel
702 2800 878 2870 concludere
893 2825 914 2867 c
929 2801 1047 2891 plor-ia
1069 2813 1108 2865 nt
1124 2825 1145 2867 a
1163 2800 1214 2867 te-

44 2907 155 2996 nefieio
174 2905 340 2977 indebito.
361 2908 454 2991 Quia
473 2930 556 2978 vero
571 2909 782 3000 reprobatio,
798 2908 976 3002 inquiunt,
991 2913 1106 2998 potest
1124 2905 1215 2975 sumi

47 3021 83 3082 ut
103 3016 249 3088 reiectio
271 3038 293 3086 a
319 3018 402 3086 dono
419 3015 585 3098 indebito,
603 3017 662 3087 vel
679 3023 719 3088 ut
734 3019 878 3089 reiectio
900 3039 922 3086 a
946 3018 1029 3084 bono
1047 3015 1217 3108 simulque

45 3134 78 3185 at
100 3121 279 3192 damnatio
303 3125 350 3193 ad
366 3148 533 3215 poenam,
554 3125 645 3196 banc
667 3126 817 3195 alteram
849 3126 972 3196 dicunt
1003 3122 1213 3216 reprobatio

47 3249 115 3298 nem
136 3235 325 3321 poeitieam
338 3282 348 3316 ,
374 3253 477 3326 quern
501 3256 617 3302 omnes
640 3233 815 3303 Catholici
839 3235 998 3303 fatentur
1018 3251 1212 3324 supponere

50 3340 296 3424 praevisionem
322 3341 458 3432 eulpae,
477 3341 626 3432 priorem
651 3341 701 3410 eis
725 3341 861 3432 placuit
884 3334 1061 3433 appellare
1084 3342 1217 3432 nepeti-

48 3467 114 3512 eam
129 3449 193 3538 (1).
212 3449 312 3520 Hanc
335 3449 455 3542 itaque
480 3449 531 3520 sio
554 3449 763 3541 explicatam
786 3453 987 3539 nepotinam
1009 3448 1217 3540 reprobatio·

106 3633 146 3708 (l)
167 3638 377 3693 «Recentlores
396 3640 541 3708 theologi,
564 3640 663 3708 tnqatt
682 3639 774 3694 (louet
794 3637 828 3692 de
847 3638 997 3693 Praedest.
1014 3639 1089 3707 disp.
1103 3636 1131 3691 5.
1146 3651 1172 3690 a.
1188 3638 1216 3690 2.

51 3723 123 3792 aaa,
138 3729 243 3781 vocant
260 3729 483 3795 reprobationem
502 3730 674 3807 nepotiram,
689 3745 745 3784 non
760 3730 834 3798 qnod
856 3731 911 3783 llle
929 3729 961 3782 in
982 3730 1044 3782 sola
1063 3728 1218 3793 negatione

51 3815 315 3877 praedestinationis
329 3820 481 3888 consistet,
496 3824 530 3874 nt
543 3820 830 3889 existimantium,
846 3819 895 3872 sed
910 3819 979 3886 quia
999 3817 1035 3871 ad
1055 3817 1215 3871 carentiam

53 3893 158 3976 alariae,
173 3913 208 3962 nt
226 3913 271 3962 est
289 3924 362 3978 pura
382 3911 499 3976 negatio
519 3910 649 3964 beneficii
668 3907 802 3978 indebitl,
824 3909 1008 3963 terminatur.
1028 3906 1157 3961 Alteram
1175 3921 1217 3958 re·

50 3995 234 4052 pretationem
248 3999 400 4065 positivam
414 4001 564 4068 appellant
572 4039 578 4066 ,
594 4000 663 4067 qnia
673 3999 800 4066 positive
810 3999 931 4066 respicit
943 4012 1061 4065 poenam
1078 3994 1175 4049 damni
1188 3999 1219 4048 et

54 4093 152 4154 tensae,
167 4104 253 4156 quam
271 4088 408 4157 reprobus
428 4090 463 4142 ob
482 4093 597 4157 peccata
616 4089 765 4144 commissa
783 4091 969 4156 promeretur.
984 4084 1158 4153 Notandum,
1173 4101 1215 4138 re-

55 4171 236 4231 probationem
257 4178 422 4243 negatlvam
443 4178 474 4232 in
492 4178 545 4232 boa
558 4195 575 4232 a
588 4178 716 4246 positiva
729 4177 853 4244 differre,
869 4177 944 4244 qnod
962 4177 1033 4231 haec
1053 4175 1141 4229 habet
1159 4190 1216 4229 non

56 4258 133 4315 solum
150 4267 302 4321 terminum
317 4285 334 4318 a
347 4284 401 4335 pne
416 4283 514 4335 nempe
528 4269 721 4322 exclusionem
734 4283 752 4320 a
765 4268 868 4334 gloria,
885 4267 935 4320 sed
954 4267 1042 4320 etlam
1063 4264 1216 4319 terminum

58 4346 88 4394 ⁰³
104 4367 186 4424 rum,
207 4357 319 4410 sellioet
337 4372 456 4425 poenam
478 4358 541 4411 sive
560 4357 656 4412 damni
677 4359 738 4412 sive
759 4373 870 4423 sensae
891 4357 947 4410 ille
965 4371 1033 4410 vero
1054 4349 1216 4428 (negativa)

58 4437 241 4500 retraheret
260 4446 413 4500 terminum
434 4464 451 4500 a
469 4457 534 4516 pao,
557 4462 656 4516 nempe
675 4447 860 4499 enetneionem
880 4463 896 4498 a
914 4445 1011 4512 pieria
1031 4453 1064 4497 nt
1085 4442 1216 4508 beneficio
