3280 5070
561 393 600 408 ..
620 363 682 424 593
703 393 740 408 ..

71 467 206 537 batione
232 475 482 561 consequenter
504 468 550 537 ed
573 467 773 558 praevisum
805 472 982 558 peccatum
1011 465 1140 551 finale,
1173 487 1241 534 non

70 582 181 666 potest
196 599 279 646 asne
294 577 401 646 simul
423 577 591 666 coniungi
614 575 887 666 praedestinatio
910 581 948 644 et
971 573 1162 658 damnatio,
1182 573 1240 642 vel

70 681 222 751 vicissim
244 684 445 774 reprobatio
468 689 505 753 et
527 682 692 752 salvatio:
718 688 756 750 at
779 681 864 750 haec
888 680 1158 770 impossibilitas
1174 703 1241 749 non

69 797 120 858 est
136 789 334 858 antecedens
350 790 411 860 sed
427 813 643 882 consequens,-
657 793 831 882 qnatenus
847 811 915 857 non
931 809 1115 878 possumus
1138 786 1243 856 simul

69 899 245 989 cooperari
267 906 303 968 et
325 921 394 968 non
410 899 600 990 cooperari,
619 918 762 988 peccare
777 895 933 965 finaliter
949 902 985 964 et
1000 919 1068 964 nou
1084 917 1238 986 pectore.

69 1003 103 1073 S.
132 1005 284 1073 Thomas
307 1005 377 1074 sibi
400 1003 546 1074 obiicit:
582 1026 702 1073 ocum
733 1003 880 1072 effectus
909 1001 1241 1092 praedestinationis

68 1111 249 1202 expleatur
266 1113 418 1182 motibus
432 1112 537 1181 liberi
553 1111 706 1196 arbitrii,
721 1132 809 1203 quae
826 1117 910 1179 sunt
926 1131 1028 1200 opera
1043 1109 1244 1194 meritorio„

69 1218 211 1288 videtur
235 1219 326 1311 quod
348 1218 622 1309 praedestinatio
646 1217 780 1287 nullom
804 1217 1050 1290 certitudinem
1066 1217 1238 1286 habeat.»

69 1325 108 1394 ln
130 1325 354 1416 responsione
375 1347 572 1416 supponens
594 1331 636 1394 ut
659 1330 804 1410 certum,
830 1324 963 1414 expleri
986 1325 1147 1394 effectum
1171 1345 1239 1393 mo·

69 1433 162 1502 tibus
184 1432 290 1502 liberi
313 1433 467 1519 arbitrii,
492 1432 662 1502 rationem
686 1432 910 1502 certitudinis
934 1432 1109 1502 declaret:
1131 1455 1239 1500 acon-

69 1541 208 1631 tingsns
231 1542 404 1626 futurum,
430 1548 472 1610 ut
494 1547 609 1610 motus
631 1540 735 1609 liberi
758 1539 911 1624 arbitrii,
930 1541 1090 1630 quemvis
1107 1540 1241 1611 nonsit

68 1647 335 1717 determinatum
349 1648 388 1716 in
404 1670 510 1718 causa
533 1669 609 1734 sua,
628 1653 814 1717 esttamen
835 1647 1103 1716 determinatum
1119 1649 1156 1716 iu
1173 1672 1240 1716 esse

68 1777 137 1839 suo,
156 1755 347 1824 secundum
364 1755 456 1847 quod
477 1761 538 1824 est*
553 1760 636 1824 ectu
660 1753 711 1842 (h.
729 1777 759 1823 e.
778 1760 878 1823 actus
892 1753 1064 1823 secundus
1079 1754 1170 1824 liber
1184 1761 1240 1826 est

67 1859 200 1952 aliquid
223 1859 492 1930 determinatum
516 1861 553 1930 in
577 1883 613 1930 se
637 1861 747 1952 ipso);
773 1865 809 1930 et
832 1860 883 1928 sic
907 1859 1065 1928 subiacet
1092 1861 1236 1930 certitu·

67 1967 138 2036 dini
150 1968 405 2059 praescientiae
419 1997 436 2032 n
453 1968 486 2038 1.
501 1969 585 2038 dist.
599 1967 654 2038 40.
673 1993 707 2060 q.
722 1966 756 2035 d.
770 1966 814 2036 ad
825 1967 860 2035 4.
871 1966 973 2035 Item:
990 1967 1086 2035 ciete
1096 1967 1238 2057 praede·

68 2075 220 2144 stinatus
237 2081 352 2165 potest
368 2076 584 2145 considerari
607 2075 665 2146 vel
688 2080 731 2144 ut
754 2075 790 2142 in
814 2097 850 2143 se
874 2074 932 2143 vel
955 2079 997 2143 ut
1019 2073 1161 2144 divinae
1184 2099 1237 2145 co·
1274 2125 1278 2134 ·

68 2181 220 2270 gnitioni
236 2182 384 2252 relatus:
410 2189 446 2252 et
468 2184 519 2253 sic
542 2206 611 2253 uno
634 2183 734 2252 modo
756 2187 814 2270 (ut
835 2183 872 2250 in
896 2184 946 2266 se)
963 2182 1175 2251 attribuitur
1190 2183 1235 2269 ei,

68 2288 153 2378 quod
176 2289 291 2379 possit
312 2289 484 2378 damneri;
500 2289 571 2358 elio
587 2289 686 2358 modo
708 2311 803 2357 nonn
822 2293 879 2375 (ut
894 2313 972 2358 oum
988 2290 1147 2359 omnibus
1163 2291 1237 2360 suis

68 2393 202 2464 cotibus
228 2395 420 2487 suppositis
448 2397 567 2466 subest
579 2395 720 2466 divinae
737 2395 945 2487 cognitioni)
962 2397 1125 2481 Quodlib.
1148 2398 1232 2466 XII.
1284 2433 1289 2441 ·

68 2521 98 2569 a.
111 2501 144 2570 d.
160 2501 208 2570 ad
221 2502 255 2572 2.
270 2502 375 2590 (Vide
391 2525 499 2594 snpra
510 2503 563 2572 th.
578 2503 739 2590 ΚΒΝ).

128 2609 227 2679 Illud
249 2609 370 2704 itaque
393 2609 539 2680 dictum:
568 2611 634 2678 usi
656 2633 724 2678 uon
747 2632 784 2680 es
807 2611 1102 2702 praedestinatus,
1121 2613 1178 2682 fec
1194 2617 1235 2680 ut

68 2717 345 2806 praedestinans,
362 2745 378 2781 n
404 2718 510 2788 hebet
532 2717 684 2811 aliquem
700 2741 838 2788 sensum
853 2740 875 2786 a
890 2740 976 2786 sans
991 2718 1151 2788 doctrina
1166 2742 1234 2788 non

68 2825 262 2914 dissonum
297 2833 352 2896 est
374 2833 488 2896 temen
512 2827 716 2917 ambignum
738 2833 774 2895 et
796 2826 873 2896 ideo
896 2827 1057 2916 indigum
1080 2825 1233 2896 declara·

68 2931 167 3002 bons.
186 2932 241 3002 cf.
262 2933 303 3003 de
319 2933 487 3002 Valentis
503 2933 541 3002 in
558 2932 590 3002 1.
609 2957 643 3025 q.
657 2931 712 3000 23.
731 2941 851 3023 punct.
866 2933 900 3002 4.
916 2939 948 3016 5.
964 2933 997 3020 83
1016 2933 1175 3002 Loesium
1191 2933 1233 3003 de

68 3037 183 3110 Praed.
199 3047 284 3110 sect.
299 3041 333 3110 6.
347 3065 383 3112 n.
399 3041 476 3110 154.
491 3065 581 3134 sqq.;
596 3041 804 3128 Maerstium
816 3041 906 3132 disp.
921 3041 976 3112 38.
991 3042 1162 3111 adfinem.

127 3146 361 3216 corollarium
393 3171 435 3216 eor
459 3146 562 3215 dictis
593 3149 746 3216 omnibus
777 3171 978 3241 consequens
1008 3152 1128 3216 mmmi
1165 3175 1231 3218 mo·

69 3259 165 3322 menei
187 3281 256 3324 non
278 3258 386 3324 solum
404 3282 470 3348 pro
495 3249 652 3325 doctrino
677 3259 880 3341 theoretico,
905 3256 963 3325 aed
986 3259 1090 3326 molto
1120 3261 1232 3349 mepte

67 3386 121 3449 pro
143 3366 408 3455 otro'praets'co.
432 3365 476 3434 In
500 3365 620 3434 ordine
643 3363 877 3434 exsecutionis
894 3388 1077 3456 possumus
1093 3368 1231 3460 quidem

68 3465 167 3540 libere
182 3477 304 3540 nostra
320 3471 412 3540 mela
427 3471 613 3540 voluntate
633 3471 778 3541 deficere
802 3493 824 3538 c
847 3472 1029 3544 voluntate
1045 3474 1112 3544 Dei
1128 3475 1229 3563 bona,

69 3583 163 3668 etque
186 3578 271 3649 adeo
295 3586 438 3670 peccate
461 3585 545 3649 sunt
567 3585 700 3666 nostrs;
726 3578 819 3648 nihil
841 3586 959 3650 eutem
983 3582 1139 3650 salutare
1155 3606 1230 3672 pos·

69 3705 178 3754 sumus
193 3693 257 3754 sut
272 3685 364 3756 vello
379 3693 443 3756 aut
462 3687 637 3778 perficere,
663 3686 734 3754 nisi
758 3707 819 3776 per
843 3687 995 3777 gratiam
1020 3688 1170 3758 oblutsm
1194 3695 1230 3758 et

69 3787 175 3860 deum
198 3793 356 3883 indignis
378 3815 399 3862 a
422 3793 497 3864 sola
521 3793 759 3864 misericordia
782 3794 859 3881 Dei,
885 3797 946 3888 qni
969 3796 1007 3864 in
1030 3797 1129 3864 nobis
1153 3817 1229 3886 ope-

70 3903 178 3983 retur,
208 3905 251 3970 nt
276 3900 385 3970 libere
413 3907 448 3970 et
476 3901 625 3971 velimus
649 3905 685 3969 et
708 3902 929 3990 perficiamus
960 3903 1084 3970 bonum
1107 3901 1145 3968 in
1169 3902 1230 3972 via

71 4001 198 4076 salutis.
218 4006 343 4077 usnam
356 4009 575 4080 voluntatem
588 4009 744 4079 homines
756 4010 895 4080 faciunt
911 4033 978 4078 non
994 4009 1072 4095 Dei,
1088 4011 1228 4102 quando

71 4105 100 4176 id
124 4119 244 4202 egunt,
270 4115 361 4206 quod
384 4115 456 4186 Deo
478 4115 668 4207 displicot;
695 4116 832 4209 quondo
863 4122 981 4186 autem
1008 4117 1061 4186 ita
1088 4116 1228 4187 faciunt

72 4219 151 4304 quod
173 4221 317 4308 volunt,
344 4229 385 4293 ut
408 4223 550 4294 divinae
573 4223 733 4294 serviant
758 4224 955 4310 voluntati,
981 4225 1141 4317 quamvis
1169 4247 1227 4294 vo·

73 4319 170 4396 lentes
192 4329 344 4418 (libere)
368 4342 478 4422 agant
502 4331 591 4424 quod
616 4340 751 4422 agunt,
784 4331 887 4402 illius
916 4339 1032 4402 tamen
1062 4333 1227 4402 voluntas

74 4437 134 4516 est,
161 4457 182 4502 o
207 4459 274 4528 quo
302 4445 536 4530 praeparatur
565 4445 601 4509 st
628 4440 770 4509 iubetur
802 4440 892 4531 quod
925 4441 1050 4510 volunt
1076 4468 1092 4502 n
1121 4439 1226 4510 Cone.

200 4562 354 4616 Frcmolin
682 4579 687 4590 '
1047 4566 1082 4619 88
