3230 5072
429 347 436 368 '
534 381 571 395 -
593 348 650 410 401
675 381 712 397 -

52 454 193 548 cognitio
216 453 454 540 existentium,
480 460 523 524 00
545 469 624 521 sanc
648 455 685 523 in
709 478 745 525 00
768 455 867 547 ipsis,
887 476 975 548 ques
997 477 1036 524 eo
1059 455 1134 546 ipso
1157 461 1211 524 000

51 563 187 634 scientia
211 561 358 632 visionis
382 561 449 650 (th.
464 561 570 648 XL).

105 671 147 740 In
170 669 367 761 Scripturis
396 669 619 762 praedicatur
642 667 727 739 haee
757 670 898 740 divinae
928 673 1076 743 visionis
1100 675 1210 764 perfe-

48 779 109 848 ctio
130 778 334 869 pertingens
357 777 403 846 ad
426 777 602 863 universa,
629 799 716 870 quae
740 777 927 870 aliquando
954 787 1049 868 eunt,
1065 788 1102 870 a)
1117 782 1210 850 locu-

48 885 194 955 tionibus
224 883 457 976 generalibus.
483 885 669 977 Postquam
693 883 730 954 S.
756 885 817 953 lob
841 909 870 955 o.
897 885 1068 958 XXVIII.
1100 887 1209 979 expli·

47 995 133 1078 cuit,
159 993 367 1084 sapientiam
395 1015 465 1062 non
496 1015 569 1063 0000
593 993 706 1061 instar
728 991 885 1062 thesauri
911 996 1123 1083 materialis,
1150 995 1211 1090 qui

46 1101 77 1169 in
99 1099 271 1193 profundo
293 1100 400 1170 marie
423 1100 480 1170 vel
495 1101 533 1170 iu
557 1100 750 1170 visceribus
772 1107 888 1171 terrae
911 1103 1136 1173 absconditus
1157 1125 1209 1172 re·

46 1210 217 1300 periatur;
242 1235 302 1281 vv.
329 1209 386 1279 23.
404 1233 479 1302 sqq.
498 1210 636 1280 subdit:
664 1210 798 1280 chus
820 1210 995 1303 intelligit
1017 1213 1111 1282 viam
1134 1211 1210 1282 0000

46 1323 76 1386 00
95 1318 169 1408 ipse
191 1317 294 1387 novit
321 1317 435 1388 locum
458 1317 576 1406 illius;
602 1318 674 1408 ipse
697 1316 788 1386 anim
805 1318 893 1407 fiaes
907 1317 1027 1386 mundi
1043 1321 1209 1402 intuetur,

46 1439 74 1491 et
94 1427 210 1492 omnic
232 1449 321 1518 quac
343 1427 403 1493 aab
428 1426 515 1494 coslo
539 1440 630 1508 suot,
648 1427 800 1516 respicit.
822 1453 837 1488 n
863 1427 1107 1496 Probationam
1130 1427 1209 1496 sub·

45 1531 158 1622 iungit
180 1553 222 1601 ex
246 1533 397 1602 omnium
421 1533 615 1619 creatione,
642 1555 729 1626 quae
751 1539 806 1602 000
828 1534 865 1603 in
896 1535 1069 1626 sapientia
1091 1541 1127 1604 00
1149 1557 1211 1626 per

46 1641 244 1732 sapientiam
259 1642 337 1711 Dei.
359 1641 460 1725 «Qui
476 1643 561 1712 fecit
577 1642 693 1712 ventis
708 1642 843 1733 pondus
858 1647 895 1711 00
913 1664 1022 1736 aquas
1045 1642 1213 1734 appendit

47 1749 263 1820 inmensura.
283 1751 430 1835 Quando
446 1753 595 1841 ponebat
610 1750 743 1842 pluviis
760 1750 871 1841 legem
887 1757 923 1820 00
938 1753 1031 1822 viam
1049 1749 1211 1841 procellis

47 1859 264 1948 sonantibns3
289 1865 374 1930 tuuc
397 1859 490 1929 vidit
520 1859 619 1928 illam
642 1867 678 1928 00
701 1858 902 1944 enarravit,
928 1865 964 1930 00
986 1860 1212 1951 praeparavit

46 1973 76 2034 00
96 1967 342 2057 investigavit.
367 1994 383 2030 n
410 1966 533 2036 'lotam
557 1966 693 2037 scilicet
716 1967 921 2058 sapientiam
953 1967 1212 2059 comprehendit

46 2075 78 2142 iu
99 2098 135 2145 00
158 2075 246 2166 ipsa,
264 2081 300 2144 00
314 2097 376 2166 per
391 2095 465 2144 eam
490 2073 749 2166 comprehendit
770 2095 875 2166 opera
899 2076 1024 2162 omnia,
1043 2081 1079 2146 00
1101 2081 1211 2144 totam

46 2182 232 2274 sapientiae
254 2183 424 2253 rationem
447 2183 593 2252 effusam
617 2206 721 2274 super
744 2182 820 2268 illa,
835 2189 870 2252 et
893 2205 954 2274 per
977 2183 1044 2252 illa
1067 2182 1210 2252 manife-

47 2297 168 2360 statam
191 2312 232 2361 ao
254 2291 293 2359 in
315 2290 389 2362 illie
416 2290 637 2362 relucentem.
666 2291 699 2378 b)
723 2291 911 2383 Specistim
941 2291 1090 2360 scientia
1113 2290 1207 2376 eius,

48 2421 152 2468 coram
168 2421 235 2493 quo
251 2399 342 2469 nihil
359 2405 413 2470 000
428 2421 576 2491 parvum
591 2405 632 2470 ut
647 2422 728 2470 eum
741 2399 863 2486 100000,
882 2405 918 2470 00
932 2399 1024 2470 nihil
1047 2421 1211 2491 magnum

47 2513 83 2574 ut
102 2530 179 2577 aum
202 2513 362 2598 superet,
388 2505 589 2577 declaratur
612 2507 816 2599 pertingens
839 2508 883 2576 ad
913 2506 1067 2598 singula.
1094 2536 1110 2574 0
1140 2505 1211 2592 Qui

47 2621 201 2685 numerat
222 2614 484 2685 multitudinem
501 2615 682 2685 stellarum
698 2623 735 2686 00
757 2615 915 2686 omnibus
931 2615 982 2684 eie
998 2613 1210 2705 (cognitione

48 2723 161 2792 intima
184 2723 420 2814 singularum)
443 2723 582 2794 nomina
605 2731 748 2794 vocat...
767 2728 804 2793 00
826 2724 1018 2814 sapientiae
1042 2723 1117 2792 eius
1140 2745 1209 2791 non

48 2837 95 2900 est
114 2853 308 2902 numerus»
334 2832 391 2902 Pe.
407 2831 563 2902 CXLVI.
581 2833 615 2902 4.
634 2835 678 2922 5;
704 2833 752 2903 Is.
771 2833 908 2902 XL.26.
926 2832 1072 2902 Omnino
1095 2829 1209 2922 paral-

47 2935 126 3010 lalus
148 2941 193 3010 ad
217 2942 366 3010 citatum
381 2942 494 3012 locam
510 2963 552 3010 ex
567 2941 658 3011 libro
673 2943 735 3011 Iob
750 2947 804 3011 000
819 2943 910 3012 alter
920 2941 1032 3011 Eccli.
1042 2940 1072 3009 Ι.
1084 2941 1117 3010 1.
1132 2963 1206 3032 sqq.

49 3071 115 3118 cum
136 3050 394 3120 enumeratione
416 3051 585 3142 explicita
607 3073 741 3136 eorum,
767 3071 854 3143 quae
877 3071 982 3141 penes
1004 3049 1066 3118 Iob
1089 3048 1209 3118 dicun·

49 3159 100 3224 tur
123 3157 245 3228 «fines
267 3157 388 3228 mundi
403 3163 440 3226 00
454 3158 580 3244 omnia,
600 3180 687 3251 quoe
711 3159 775 3227 snb
798 3157 893 3228 coelo
917 3163 1046 3228 sunto
1073 3157 1209 3226 Descri-

49 3264 111 3352 ptio
131 3265 375 3336 Ecclesiastioi
399 3267 451 3335 ita
480 3266 597 3334 habet:
633 3265 783 3335 aOmuie
814 3265 986 3356 sapientia
1016 3286 1037 3333 a
1064 3265 1210 3334 Domino

49 3369 110 3440 Deo
129 3379 202 3458 000,
228 3380 365 3444 etcum
388 3373 451 3442 illo
475 3373 546 3444 fnit
569 3395 701 3465 semper
724 3379 836 3444 00000
859 3379 940 3444 ante
964 3396 1100 3444 aevum.
1125 3371 1211 3442 Are-

50 3499 118 3546 nam
138 3479 246 3550 marie
269 3485 401 3570 (praece
422 3480 585 3566 marium)
608 3487 645 3550 et
667 3479 809 3572 pluviae
832 3485 955 3570 guttae
977 3486 1013 3550 et
1042 3480 1116 3551 dies
1139 3503 1210 3550 sae·

51 3586 111 3654 culi
140 3587 219 3680 quis
249 3587 512 3658 dinumeravit?
536 3587 773 3658 Altitudinem
804 3587 890 3656 coeli
920 3593 957 3657 et
985 3587 1210 3658 latitudinem

51 3695 151 3766 terrae
174 3703 210 3766 00
232 3697 444 3788 protundum
466 3697 587 3787 abyssi
611 3695 691 3789 quis
713 3695 890 3765 dimensus
905 3695 1024 3766 esti...
1040 3697 1140 3766 Unus
1155 3702 1210 3766 000

52 3799 231 3874 altissimus
253 3809 389 3874 creator
411 3805 668 3896 omnipotens...
693 3803 768 3895 ipse
791 3803 926 3874 creavit
948 3802 1047 3871 illam
1070 3803 1108 3874 in
1131 3803 1209 3894 Spi-

52 3907 114 3980 ritu
135 3911 262 3982 800000
289 3919 326 3982 00
356 3911 450 3983 vidit
472 3917 508 3982 00
540 3911 770 3980 dinumeravit
794 3926 825 3978 ct
848 3930 977 3978 maneos
1001 3925 1050 3977 cst
1073 3910 1135 4000 (1).
1161 3910 1210 3979 Et

106 4093 144 4167 (1)
160 4097 276 4153 Duobm
296 4098 394 4152 vorbis
413 4099 559 4166 praeclare
579 4095 710 4150 redditur
728 4096 759 4148 tn
774 4095 859 4159 vulg.
876 4108 1008 4160 graecum
1021 4091 1209 4166 ι’ξηριθημησε.

57 4186 117 4250 quod
128 4189 268 4255 significet
280 4187 454 4244 numerando
468 4192 559 4243 totum
571 4187 807 4256 comprehendere
818 4187 848 4238 00
859 4185 942 4238 velut
954 4185 1118 4242 exhaurire.
1136 4187 1209 4241 Huic

58 4285 128 4341 verbo
145 4290 208 4344 iul.
221 4305 245 4344 c.
256 4289 319 4344 lobi
332 4288 487 4357 respondet
499 4288 574 4342 illud
590 4289 781 4342 cananaeis»
797 4286 941 4380 mabit]
963 4287 1016 4340 Est
1028 4285 1097 4340 haec
1110 4285 1209 4360 ἐξαριθ-

58 4403 131 4452 μησις,
147 4403 227 4456 qnam
248 4388 394 4456 expresslt
412 4389 601 4455 Augustino,
615 4403 677 4441 cum
695 4387 781 4440 nixis:
797 4388 953 4442 nlnflnltas
967 4388 1078 4441 numeri
1093 4401 1149 4439 non
1165 4389 1209 4439 est

59 4471 333 4546 inconprehensibffis
355 4479 392 4546 00,
415 4479 496 4534 cuius
511 4478 726 4544 intelligendae
748 4493 803 4532 uon
819 4483 863 4531 est
882 4493 1053 4532 numerus„

178 4588 334 4640 aromaca
1033 4584 1068 4636 26
