3394 5056
651 394 689 408 ..
710 363 731 422 7
752 393 790 407 ..

132 463 274 556 mulque
298 465 403 535 fidem
425 487 466 534 ac
489 464 680 534 doctrinam
704 467 744 536 da
767 467 871 536 hoece
894 467 1061 556 mysterio
1084 465 1303 555 comprehen-

132 569 232 638 dunt.
261 572 321 641 Sic
337 572 447 663 Greg.
463 573 550 642 Naz.
561 581 650 643 orat.
665 575 721 642 45.
733 575 794 662 (al.
811 575 886 661 42.)
902 575 982 643 n.4.
1001 581 1183 666 postquam
1195 592 1307 662 panca

133 675 171 744 de
193 677 269 746 Deo
294 703 364 747 nno
388 687 425 749 et
446 680 541 749 trino
572 681 728 768 dixerat,
755 706 828 751 sese
859 689 1021 768 excusat,
1048 681 1210 774 quoniam
1237 684 1307 748 sta·

132 782 203 849 tuit
229 812 247 846 a
266 807 338 852 non
363 783 404 852 de
423 785 596 873 theologia
611 787 670 855 sed
687 787 728 856 de
741 791 929 854 oeconomio
944 786 1070 856 habere
1087 808 1305 856 sermonem»

136 881 188 972 (ὅτι
216 914 262 975 μη
295 889 443 980 &colem
469 913 501 956 το
519 915 705 984 προκειμενον
719 893 786 981 ἧμιν
804 889 872 958 ἀλλ’
896 891 1076 982 οἱκονομια);
1095 895 1146 963 sio
1160 891 1309 962 Photius

133 1017 184 1084 ep.
203 995 263 1066 34.
285 1021 405 1091 aeque,
432 999 496 1085 ait,
521 1024 595 1070 esse
619 1001 833 1098 haereticum
847 1003 883 1070 in
897 1003 1070 1092 theolegio
1093 1001 1224 1070 docere·
1238 1008 1310 1068 tres

133 1105 375 1174 essentiasvel
392 1129 496 1175 unam
512 1131 705 1197 personam,
723 1131 763 1178 ac
779 1111 816 1178 in
833 1113 1023 1178 oeconomia
1039 1109 1194 1199 cogitare
1206 1131 1312 1176 unam

134 1219 300 1281 naturam
324 1213 384 1282 vel
407 1214 496 1283 duas
519 1238 695 1305 personas.

199 1323 247 1391 3⁰.
266 1323 428 1414 Denique
453 1326 644 1415 speciatim,
670 1328 731 1397 ubi
755 1327 796 1396 de
812 1326 949 1396 Christi
972 1328 1165 1398 divinitate
1190 1333 1227 1394 et
1248 1324 1312 1393 bu-

135 1433 307 1502 menimis
332 1434 466 1522 agitur,
494 1435 667 1523 tbeolopio
689 1441 726 1503 et
748 1435 911 1503 doctrina
932 1440 1140 1503 oeconomiae
1162 1433 1313 1504 aPatri·

136 1541 199 1608 bns
207 1540 390 1630 distingui
402 1541 501 1610 solet.
518 1543 676 1626 Ioannes,
693 1542 811 1634 inquit
831 1543 1001 1612 Nazianz.
1022 1567 1072 1613 or.
1089 1545 1145 1612 43.
1161 1542 1223 1630 (al.
1241 1541 1314 1628 20.)

138 1671 171 1714 n.
187 1647 244 1732 69,
266 1649 489 1739 theologiam,
506 1649 761 1739 Evangelistae
776 1651 907 1743 reliqui
923 1655 1146 1719 oeconomiam
1161 1649 1313 1718 tradide-

139 1763 232 1842 runt;
259 1756 448 1848 eodemque
471 1757 569 1824 modo
584 1757 745 1849 loquitur
761 1757 972 1827 Severianus
992 1757 1224 1826 Gabalitanus
1248 1755 1315 1844 (in-

142 1866 192 1929 ter
213 1861 307 1953 opp.
325 1862 566 1952 Chrysostomi
584 1865 624 1934 Τ.
637 1865 721 1934 ΧΠ.
741 1889 775 1955 p.
786 1865 865 1934 412.
885 1871 973 1935 orat.
994 1866 1035 1934 de
1053 1865 1185 1955 sigillis
1202 1888 1237 1932 n.
1250 1863 1314 1947 5.)=

143 1969 231 2054 ἃμεν
249 1968 413 2062 ἠστραψαν
426 1972 597 2058 incoeptas,
620 1968 683 2037 ide
700 1968 812 2062 βρονταὶ
829 1997 882 2042 την
898 1971 1069 2061 θεολογιαν.
1099 1973 1195 2054 Quae
1211 1991 1317 2040 causa

143 2076 221 2162 fuit,
248 2101 317 2147 our
339 2079 464 2148 Ioanni
487 2081 528 2148 ob
552 2081 782 2150 illustriorem
798 2082 964 2150 nimirum
983 2080 1247 2149 celebrationem
1265 2077 1316 2146 di-

143 2183 311 2254 vinitatis
334 2185 443 2255 Verbi
473 2187 649 2256 incarnati
680 2211 763 2277 prae
787 2187 913 2258 ceteris
937 2188 1048 2257 sacris
1071 2185 1314 2277 scriptoribus,

145 2291 233 2361 sicut
270 2300 308 2362 et
343 2293 513 2384 Gregorio
546 2295 768 2365 Nazianzeno
802 2298 844 2364 ob
878 2295 1041 2365 eximiam
1073 2295 1246 2385 dogmatis
1276 2293 1318 2362 de

145 2397 205 2468 SS.
232 2401 414 2472 Trinitate
430 2403 662 2472 defensionem
677 2426 761 2493 praa
777 2405 903 2473 ceteris
915 2404 1081 2472 Patribus
1092 2425 1215 2471 nomen
1230 2403 1318 2468 ibeo·

146 2507 216 2598 topi
230 2511 280 2578 ab
294 2511 551 2601 antiquissimis
574 2513 787 2602 temporibus
803 2513 904 2582 velut
919 2514 1098 2604 proprium
1112 2511 1224 2582 tribui
1241 2531 1318 2580 con·

147 2617 314 2688 saeverit.

209 2726 304 2798 Vide
316 2727 438 2796 Petav.
452 2725 590 2816 Proleg.
610 2750 640 2796 o.
660 2727 693 2796 1.
711 2727 766 2796 cf.
781 2725 885 2796 Card.
903 2726 945 2795 de
960 2725 1116 2816 Aguirre
1129 2723 1321 2813 Theologia

149 2833 183 2902 S.
200 2835 364 2906 Anselmi
387 2836 506 2906 Tract.
527 2835 560 2904 1.
578 2836 712 2927 disput.
733 2837 765 2905 2.
785 2843 869 2906 sect.
889 2835 922 2905 1.

400 3053 447 3115 De
468 3057 598 3115 ratione
617 3055 754 3131 formali
774 3053 952 3132 theologiae
972 3051 1062 3131 fidei.

213 3253 226 3279 e
241 3233 329 3287 Ratio
347 3232 488 3298 formalis,
504 3234 556 3286 sub
576 3249 631 3300 qna
650 3234 760 3286 veritas
780 3231 918 3286 obiectum
937 3231 1099 3297 theologiae
1124 3228 1191 3283 fidei
1217 3227 1321 3282 consti·

156 3341 167 3366 a
181 3325 283 3390 tuitnr,
300 3323 402 3376 divina
412 3327 456 3376 est
469 3323 608 3376 revelatio
621 3327 764 3389 tamquam
776 3323 947 3376 obiectivum
961 3321 1135 3388 principium
1148 3317 1322 3384 cognitionis

157 3413 227 3463 uel
245 3411 441 3464 immediatum
466 3413 514 3464 vel
540 3411 693 3464 mediatum
718 3411 892 3475 interposita
918 3407 1057 3461 rationali
1085 3407 1264 3459 deductione.
1278 3406 1322 3458 Ex

157 3499 354 3554 :diversitate
373 3502 464 3567 igitur
481 3501 617 3554 obiectivi
635 3500 772 3566 principii
792 3497 966 3565 cognitionis
986 3497 1132 3563 ticolops’o
1143 3495 1216 3562 fidei
1232 3496 1268 3548 ab
1288 3511 1323 3547 ea

159 3603 254 3655 squas
271 3590 416 3656 theologia
435 3591 578 3642 naturalis
596 3589 652 3641 diei
665 3590 749 3654 solet,
765 3587 964 3641 essentialiter
982 3589 1012 3638 et
1031 3583 1184 3640 secundnm
1201 3584 1323 3652 speciem
1420 3651 1424 3659 ¹

159 3681 321 3734 ²scientiae
340 3679 454 3733 differre
476 3677 697 3744 intelligitur.»

220 3881 524 3952 consideravimus
547 3881 742 3950 subiectum
766 3879 841 3948 sive
857 3880 1028 3948 obiectum
1046 3876 1207 3968 princeps
1219 3881 1325 3944 mate-

160 3989 244 4058 riale
265 3990 474 4079 theologiae.
500 3989 598 4057 Illud
621 4010 704 4056 vero
727 3988 974 4078 quadamtenus
996 3987 1087 4056 idem
1110 3991 1164 4053 est
1179 3984 1216 4051 in
1231 3984 1327 4052 theo-

161 4095 251 4188 logia
272 4099 448 4182 naturali,
477 4098 514 4166 in
544 4096 723 4186 theologia
753 4097 857 4182 fidei,
891 4098 928 4166 in
957 4093 1136 4183 theologia
1166 4093 1325 4178 visionis,

164 4206 253 4274 etin
275 4207 353 4296 ipsa
381 4204 561 4294 theologia
589 4203 749 4272 infinitae
779 4202 1120 4294 comprehensionis,
1147 4222 1235 4293 quas
1266 4204 1327 4266 ta-

165 4335 234 4382 men
255 4319 354 4406 patet
375 4320 449 4382 toto
472 4314 566 4382 inter
588 4335 624 4380 se
648 4335 774 4402 genere
796 4313 963 4399 differre3
982 4317 1019 4380 et
1050 4309 1094 4378 ad
1121 4315 1328 4400 postremam

166 4419 281 4489 saltem
303 4419 394 4514 quod
417 4421 557 4506 attinet,
583 4419 724 4489 nonnisi
747 4419 926 4510 analogica
950 4419 1067 4488 eodem
1081 4416 1219 4486 nomine
1250 4435 1329 4484 cen·
