3360 5060
890 399 929 415 —
949 368 1011 430 674
1032 400 1071 415 -

394 477 471 546 dam
494 497 569 544 esee
592 497 731 565 scopum
762 473 889 564 capitis
912 473 978 543 IX.
1005 473 1067 564 qui
1097 479 1153 542 eat
1177 473 1334 562 capitum
1362 473 1437 542 ΠΙ.
1456 473 1562 560 silv,

393 583 662 656 declarationem
685 583 821 652 scilicet
842 581 1022 672 gratuitae
1046 581 1185 671 gratiae
1201 579 1284 649 fidei
1300 585 1337 648 et
1350 580 1566 649 iustificatio-

393 693 450 762 uie
473 713 534 782 per
557 689 657 759 tidem
687 690 725 758 in
759 689 974 780 oppositione
997 687 1041 755 ad
1066 688 1256 778 privilegia
1287 693 1323 757 et
1353 689 1462 771 iura,
1487 711 1567 779 quae

393 797 515 868 Iudaei
538 819 580 866 ex
605 795 827 886 generatione
843 794 1076 884 patriarchali
1099 800 1137 863 et
1159 818 1201 862 ex
1218 795 1381 884 operibus
1397 795 1493 884 legis
1507 795 1568 862 sibi

392 907 606 976 tribuebant.
624 905 761 972 Duatas
784 925 867 972 varo
890 903 1060 971 orationis
1075 904 1114 970 in
1131 902 1188 972 bis
1204 903 1381 993 capitibus
1397 901 1568 990 (IX-XI.)

393 1019 447 1084 eat
469 1031 628 1104 sequeus.

462 1119 507 1188 1⁶.
526 1117 757 1202 Declaratur,
783 1117 876 1194 filios
898 1123 934 1185 et
957 1116 1101 1185 heredes
1125 1117 1392 1206 promissionum
1419 1118 1487 1186 Dei
1508 1141 1570 1186 non

393 1251 467 1300 esee
491 1249 532 1296 ex
556 1225 634 1294 iure
657 1225 813 1294 naturali
836 1223 1021 1313 sauguinis
1036 1231 1100 1292 aut
1115 1247 1268 1314 operum,
1287 1247 1377 1316 quae
1393 1226 1472 1294 siut
1487 1227 1570 1296 citra

394 1341 431 1404 et
453 1339 555 1404 extra
585 1331 686 1400 fidem
709 1331 779 1418 (1),
813 1329 873 1398 sed
903 1329 1108 1398 filiationem
1138 1341 1175 1398 et
1201 1331 1258 1400 ius
1290 1331 1506 1401 hereditatis
1531 1333 1570 1398 ed

395 1445 483 1512 bona
517 1441 686 1532 promissa
720 1461 794 1508 esee
828 1461 870 1506 ex
901 1437 1166 1528 supernaturali
1189 1439 1370 1508 vocatione
1393 1446 1435 1509 et
1458 1440 1571 1530 gratie

395 1549 567 1642 gratuita.
593 1547 685 1616 Ordo
708 1547 766 1615 hic
789 1545 917 1636 duplex
941 1545 1104 1614 diversus
1126 1531 1277 1614 naturae
1299 1555 1335 1615 et
1358 1549 1505 1638 gratiae
1535 1549 1572 1616 cb

394 1657 512 1728 oculos
535 1655 679 1747 ponitur
702 1655 739 1722 iu
762 1653 860 1744 typis
891 1653 1020 1722 veteris
1052 1653 1279 1722 Testamenti.
1305 1655 1410 1726 Isaeo
1441 1657 1573 1726 scilicet

394 1785 476 1856 prae
489 1762 572 1830 aliis
587 1760 673 1828 liliis
687 1760 878 1844 Abraham,
896 1767 932 1828 et
947 1760 1050 1828 Iacob
1067 1782 1149 1850 prae
1165 1761 1279 1830 fratre
1294 1761 1393 1831 Esau
1411 1751 1573 1852 gratuita

394 1870 561 1940 electione
585 1867 770 1936 constituti
786 1875 870 1936 suut
885 1867 1108 1958 patriarchae
1123 1869 1244 1958 populi
1259 1870 1326 1937 Dei
1337 1869 1406 1938 IX.
1427 1871 1530 1938 6-13.

460 1977 507 2044 2⁰.
526 1975 621 2044 Haeo
645 1975 751 2044 unius
774 1997 857 2066 prae
887 1977 959 2044 alio
987 1975 1111 2044 electio
1134 1976 1178 2044 ad
1202 1977 1379 2066 gratiam,
1406 1978 1572 2071 quomodo

394 2085 443 2156 ait
465 2083 633 2168 indebita,
658 2083 811 2152 ulterius
834 2084 1043 2174 explicatur.
1070 2084 1344 2154 considerantur
1360 2086 1504 2156 scilicet
1519 2088 1571 2154 ho

394 2194 503 2262 mines
527 2213 593 2258 uon
618 2191 715 2260 modo
738 2199 821 2260 aute
844 2192 1009 2282 gratiam;
1035 2191 1096 2260 sed
1118 2191 1163 2260 ad
1178 2193 1342 2262 maiorem
1358 2195 1569 2264 evidentiam

395 2301 616 2392 supponitur,
643 2301 733 2390 quod
757 2307 935 2392 tamquam
952 2301 1215 2368 fundamentum
1233 2303 1470 2391 praemiserat
1484 2305 1568 2395 Apo·

395 2409 507 2478 stolus
524 2406 789 2492 c.I.18-IH.19,
806 2430 920 2476 omues
933 2429 1007 2476 esse
1020 2415 1216 2497 peccatores
1232 2415 1268 2478 et
1279 2433 1358 2479 reos
1371 2435 1491 2480 coram
1506 2414 1570 2481 Deo

395 2514 642 2604 (of.Chrysost.
655 2514 691 2580 in
701 2514 800 2582 Rom.
812 2513 876 2583 IV.
888 2513 1083 2583 nomxvr.
1093 2517 1195 2602 n.4.).
1207 2516 1299 2584 Hinc
1310 2541 1463 2608 quornm
1477 2521 1567 2588 mise-

394 2631 505 2704 retur,
525 2621 709 2689 miseretur
726 2643 794 2690 uon
810 2645 852 2690 ex
871 2621 987 2690 debito
1003 2623 1164 2690 institiae
1181 2623 1240 2692 sed
1256 2647 1298 2691 ex
1315 2625 1564 2712 misericordia,

395 2739 431 2800 et
454 2751 539 2821 quoe
562 2729 674 2818 punit,
700 2751 758 2798 eoe
781 2729 885 2820 punit
907 2751 969 2820 pro
993 2731 1146 2820 peccatis
1169 2732 1357 2801 secundum
1381 2734 1565 2803 iustitiam:

395 2837 513 2928 sicque
544 2835 726 2904 voluntate
750 2843 977 2928 consequente
1001 2859 1088 2928 quae
1112 2844 1253 2927 peccata
1270 2843 1451 2930 supponit,
1470 2841 1566 2910 etiam

396 2942 505 3010 malae
529 2941 730 3011 voluntates
745 2942 922 3011 homiuum
938 2944 1079 3012 ordinat
1095 2945 1138 3012 ad
1155 2945 1476 3017 manifestationem
1492 2969 1566 3016 suae

395 3050 555 3120 iustitiae
571 3049 745 3140 puniendo
760 3057 796 3119 et
812 3073 894 3118 enee
911 3050 1170 3120 misericordiae
1181 3053 1363 3142 parcendo.
1377 3055 1455 3124 Hoc
1472 3077 1566 3124 sensu

395 3160 551 3228 homines
568 3163 741 3250 quatenus
766 3167 964 3248 peccatores
989 3165 1074 3227 eunt
1095 3163 1133 3226 et
1154 3167 1325 3250 quatenus
1349 3163 1494 3253 indigui
1511 3162 1565 3230 mi·

396 3265 586 3336 sericordia
609 3287 650 3334 ao
673 3264 775 3353 digni
798 3265 928 3333 iudicio
944 3264 1082 3354 poenali
1099 3265 1217 3357 (Aug.
1233 3267 1420 3338 Euchirid.
1439 3294 1471 3339 c.
1486 3270 1564 3354 aa),

396 3379 641 3462 comparantur
665 3393 797 3441 messae
820 3372 891 3440 luti
914 3372 949 3438 in
976 3393 1080 3440 manu
1103 3373 1218 3463 figuli.
1247 3375 1342 3446 Deus
1365 3378 1487 3465 gratia
1507 3397 1564 3444 sua

260 3473 263 3479 ’
396 3479 553 3550 indebita
583 3479 810 3569 praeparavit
839 3501 881 3548 ex
916 3481 1157 3570 peccatoribus
1193 3503 1278 3550 vasa
1312 3483 1563 3555 misericordiae

395 3593 526 3675 (omues
549 3609 626 3656 cum
649 3587 777 3654 effectu
793 3592 935 3655 vocatos
958 3609 1000 3655 en
1024 3586 1166 3656 Iudaeis
1188 3595 1224 3656 et
1245 3589 1428 3680 gentibus)
1444 3592 1481 3659 iu
1497 3591 1563 3680 glo·

395 3698 483 3768 riam
508 3695 577 3783 (2),
604 3716 666 3764 nec
689 3701 806 3762 tamen
829 3695 903 3783 ipse
926 3695 1065 3782 aptavit
1088 3717 1175 3764 vasa
1205 3695 1280 3766 irae
1303 3697 1340 3764 iu
1364 3699 1558 3782 interitum,

395 3807 454 3877 sed
471 3805 626 3874 homines
643 3803 807 3892 (gentiles
823 3809 859 3871 et
873 3803 1020 3873 maxime
1036 3803 1184 3874 Iudaeos
1198 3804 1413 3894 incredulos)
1428 3829 1451 3874 a
1465 3809 1561 3874 semet

393 3915 482 4006 ipsis
505 3917 644 4004 aptatos
667 3909 841 3980 sustinuit
863 3910 900 3978 in
925 3909 1036 3979 multa
1067 3911 1240 4001 patientia
1256 3912 1490 4002 (benignitate
1504 3929 1558 3980 sua

460 4109 502 4184 (1)
520 4111 560 4164 De
574 4109 707 4178 operibus
721 4107 904 4162 naturalibus
923 4111 953 4160 et
966 4107 1111 4174 legalibus
1128 4108 1211 4162 uuioe
1232 4123 1323 4164 seruc
1336 4113 1392 4176 est,
1405 4125 1460 4164 uon
1472 4113 1554 4162 subu

396 4203 429 4257 de
449 4201 583 4270 operibus
602 4199 882 4266 supernaturalibus,
905 4211 976 4265 quaa
995 4198 1051 4251 iam
1073 4201 1142 4251 suut
1162 4213 1197 4250 ex
1216 4199 1313 4264 gratia
1326 4204 1356 4252 et
1374 4195 1555 4267 pertiucutod

395 4293 522 4348 ordinem
545 4289 774 4358 supernaturalis
794 4287 860 4340 tidei
871 4328 877 4354 ,
902 4291 970 4341 aute
989 4289 1113 4353 gratim
1134 4303 1201 4342 vero
1221 4289 1303 4343 nulls
1322 4305 1384 4343 ease
1403 4293 1522 4358 posauut

460 4379 502 4456 (2)
522 4383 624 4436 «Vasa
637 4379 858 4444 misericordiae,
881 4393 953 4446 quae
973 4378 1211 4446 praeparatitia
1234 4379 1366 4447 gloriam,
1387 4395 1455 4447 quoa
1471 4381 1499 4432 ct
1514 4390 1553 4428 ro

395 4475 473 4528 cavit
495 4487 556 4538 uos,
577 4485 633 4524 uon
651 4471 741 4522 solum
764 4483 800 4522 ex
817 4467 931 4523 Iudaeis
951 4465 1001 4521 aad
1022 4469 1109 4522 etiam
1126 4483 1162 4522 ax
1181 4469 1342 4534 gentibus·
1357 4485 1386 4523 v.
1398 4469 1492 4524 Mt
