3230 5072
909 377 947 390 -
967 345 1027 406 370
1047 377 1086 391 ..

414 448 527 518 tentia
541 447 607 518 Dei
629 449 673 516 ab
694 449 769 517 eius
792 449 976 539 sapientia,
993 451 1030 518 in
1053 451 1119 518 hac
1142 447 1240 518 velut
1262 449 1300 516 in
1322 448 1465 539 speculo
1485 471 1568 516 muu-
1594 485 1595 536 ¹

414 555 557 626 dissime
579 555 776 646 resplendet
798 563 874 626 tota
896 559 988 626 ratio
1016 558 1109 626 entis
1124 557 1198 625 sive
1214 579 1334 626 verum
1362 557 1567 638 unirersw,

415 663 506 754 quod
528 687 551 732 a
574 664 707 734 virtute
729 663 834 752 primi
857 672 893 734 et
908 663 1061 733 absoluti
1083 665 1172 733 Eece
1195 664 1332 754 pendet.

481 771 533 840 3¹⁰.
559 772 704 840 Petrum
727 771 886 840 doctrina
908 771 1073 861 explicite
1089 771 1246 840 declarat
1260 771 1399 840 modum
1415 771 1570 838 scientiae

413 877 479 947 Dei
501 901 543 946 ex
566 901 631 947 sua
653 877 805 946 essentia
826 884 1001 969 tamquam
1023 900 1066 946 ex
1095 877 1287 967 principio,
1312 877 1520 967 exemplari,
1542 885 1571 942 et
1594 895 1595 912 ³

412 987 729 1075 repraesentatione
751 984 861 1052 omnis
883 984 994 1070 entis,
1019 990 1056 1052 et
1077 989 1324 1076 consequenter
1353 983 1468 1051 omnis
1491 983 1567 1049 veri.
1594 977 1595 1068 i

415 1093 541 1162 «Fieri
562 1115 631 1162 non
653 1096 787 1182 potest,
813 1091 929 1182 inquit
950 1112 1039 1159 saec.
1066 1089 1116 1158 H.
1141 1092 1353 1174 Pantaenus,
1378 1090 1507 1181 utqui
1526 1095 1569 1156 est
1594 1091 1595 1164 l

411 1222 515 1291 super
537 1202 651 1284 entia,
678 1198 908 1289 cognitionem
931 1199 1063 1266 entium
1085 1199 1236 1287 accipiat
1258 1198 1448 1267 secundum
1471 1197 1567 1278 entim

410 1309 470 1378 sed
492 1315 668 1400 tamquam
691 1329 773 1376 suas
795 1306 997 1376 voluntates
1019 1305 1134 1395 ipsum
1156 1305 1253 1373 entia
1268 1327 1476 1394 cognoscere
1497 1303 1568 1370 diei·

410 1437 487 1482 mus
504 1442 520 1477 s
536 1415 655 1484 Routh
678 1413 791 1506 Beliq.
810 1435 899 1481 sacr.
914 1413 956 1480 Τ.
970 1411 1002 1480 Ι.
1020 1435 1054 1502 p.
1072 1411 1150 1480 340.
1163 1411 1226 1498 (1).
1243 1411 1484 1480 Disertissime
1497 1409 1567 1476 Dio
1594 1415 1595 1462 1

409 1522 535 1611 nysius
559 1522 600 1592 de
630 1521 703 1590 div.
729 1543 819 1588 nom.
845 1543 875 1589 e.
901 1520 936 1588 7.
960 1525 993 1601 ἓ.
1018 1518 1053 1588 2.
1077 1519 1119 1589 de
1142 1525 1219 1588 tota
1247 1519 1313 1588 hac
1335 1543 1374 1588 re
1404 1518 1564 1608 disputat
1594 1579 1595 1622 ¹

412 1627 544 1697 «Mans
567 1627 690 1696 divina
708 1625 968 1716 comprehendit
982 1626 1097 1694 omnic
1111 1627 1308 1716 cognitione
1325 1625 1476 1718 quadam
1496 1621 1566 1690 cmi·
1594 1625 1595 1710 ¹

407 1737 525 1820 nenti,
551 1757 620 1827 qua
642 1733 828 1804 secundum
853 1734 1003 1802 omnium
1034 1756 1172 1804 causam
1194 1735 1233 1801 in
1256 1757 1293 1803 se
1318 1733 1395 1824 ipso
1427 1733 1566 1802 omniun

408 1843 639 1933 cognitionem
662 1843 835 1934 anticipat
860 1840 990 1930 (παντων
1007 1836 1117 1910 induco
1134 1837 1375 1934 προειληφως)...
1393 1843 1500 1934 idque
1519 1861 1564 1906 ar
1594 1831 1595 1856 ³

408 1951 522 2020 bitror
545 1950 763 2042 Scripturam
788 1951 1000 2042 significare,
1026 1975 1104 2020 cum
1126 1951 1198 2020 ait:
1232 1953 1294 2043 qui
1316 1951 1419 2020 novit
1449 1949 1561 2026 amah,
1594 1991 1595 2026 ¹

405 2059 610 2152 priusquam
633 2059 721 2128 fiant
737 2060 841 2147 (Dan.
858 2060 962 2128 XIII.
986 2059 1074 2144 42).
1098 2059 1176 2128 Non
1198 2059 1289 2126 enim
1311 2081 1355 2128 ex
1376 2059 1468 2149 ipsis
1487 2055 1561 2127 enti·

406 2167 470 2236 bus
493 2166 589 2236 entia
611 2166 747 2236 disocus
770 2166 949 2257 cognoscit
970 2165 1094 2235 diviua
1115 2187 1222 2252 mens;
1241 2166 1300 2235 sed
1322 2189 1366 2234 ex
1388 2187 1427 2234 se
1449 2166 1522 2254 ipa
1534 2168 1563 2228 et
1594 2201 1595 2218 κ

404 2273 443 2342 in
466 2295 502 2342 se
524 2275 602 2364 ipsa
624 2274 811 2344 secundum
840 2274 1010 2342 rationem
1032 2295 1169 2355 causae
1195 2273 1376 2343 scientiam
1398 2279 1437 2342 et
1458 2269 1559 2359 cogni·

404 2380 533 2449 tionem
548 2388 585 2450 et
599 2383 783 2450 essentiam
799 2381 950 2449 omnium
965 2381 1153 2472 praehabet
1167 2387 1299 2451 etanta
1314 2376 1560 2471 comprehendit
1594 2355 1595 2432 l

407 2479 540 2579 (προεχει
556 2513 607 2552 και
624 2487 879 2581 προσυνειληφεν),
906 2513 974 2558 non
1005 2490 1192 2560 secuudum
1223 2490 1391 2581 oniasque
1427 2486 1557 2579 speeiem

403 2596 555 2687 singulis
584 2597 768 2666 intendens
791 2597 975 2684 (divisim),
1007 2599 1067 2666 sed
1096 2597 1284 2666 secundum
1313 2619 1420 2664 unam
1449 2611 1558 2664 causae

403 2701 670 2792 complexionem
693 2703 809 2771 omnic
830 2726 1038 2794 cognoscens
1060 2709 1097 2772 et
1116 2704 1297 2773 continens
1300 2753 1368 2772 .....
1395 2702 1441 2772 Se
1462 2703 1556 2790 ipsam

402 2810 517 2900 igitur
539 2810 661 2879 divina
683 2811 857 2901 sapientia
879 2834 1086 2902 cognoscens
1109 2811 1288 2901 cognoscit
1310 2810 1438 2894 omnia,
1455 2809 1555 2878 imma

401 2917 522 2986 teriali
546 2918 644 2986 modo
667 2917 882 3002 materialia,
907 2919 1060 2988 indivise
1084 2918 1221 3003 divisa,
1246 2924 1284 2988 et
1312 2917 1411 2986 unite
1441 2914 1553 2991 mule,

402 3023 478 3116 ipso
508 3049 576 3094 uno
598 3025 704 3118 (quod
735 3034 791 3095 est
821 3027 972 3096 essentia
1002 3027 1138 3112 divina)
1161 3026 1277 3094 omnia
1306 3021 1554 3115 cognoscereet

402 3135 594 3224 producens
608 3135 670 3221 (2).
685 3135 763 3204 Non
773 3133 878 3204 habet
887 3135 1005 3226 itaque
1013 3134 1107 3203 Deus
1119 3133 1333 3224 singularem
1348 3133 1455 3201 aliam
1466 3131 1553 3201 scien·
1594 3179 1595 3212 ¹

401 3239 488 3309 tiam
504 3242 559 3310 sui
575 3249 610 3312 et
625 3243 730 3310 aliam
748 3242 973 3312 communiter
988 3244 1104 3310 omnia
1126 3243 1222 3310 entia
1245 3241 1550 3332 complectentem...
1594 3229 1595 3316 Ῐ

402 3345 462 3416 Sic
484 3347 597 3437 igitur
619 3345 712 3418 Deus
735 3337 832 3418 entia
853 3349 1032 3439 cognoscit
1054 3371 1121 3416 non
1144 3371 1205 3439 per
1227 3348 1409 3417 scientiam
1439 3345 1551 3417 entium
1594 3417 1595 3468 ¹

400 3453 459 3539 (ab
486 3455 625 3524 entibus
654 3461 697 3524 ut
728 3477 835 3526 causa
864 3457 1087 3542 derivatam),
1119 3456 1180 3526 sed
1210 3477 1272 3546 per
1302 3453 1483 3524 scientiam
1508 3446 1550 3518 sui
1594 3507 1595 3512 ,

400 3561 514 3652 ipsius
528 3591 544 3626 n
559 3563 622 3652 (3).
1594 3645 1595 3648 Ἰ

466 3669 593 3740 Multis
614 3670 692 3761 agit
712 3671 937 3762 Augustinus
964 3673 1007 3742 da
1030 3672 1225 3742 rationibus
1247 3671 1423 3755 aeterms,
1449 3685 1548 3738 secun·

464 3881 507 3960 (1)
524 3885 571 3942 ’ου
584 3909 636 3960 γαρ
657 3891 766 3941 ducator
788 3908 831 3940 τον
854 3889 918 3960 ὑπερ
943 3909 978 3940 τι
998 3887 1061 3942 ὄντα
1079 3883 1278 3942 καταπιόντα
1300 3907 1347 3940 rus
1364 3882 1443 3940 ὄντων
1462 3881 1549 3954 luade·

403 3973 498 4028 νισθαι
514 3997 559 4032 την
578 3973 794 4047 ingresserit&
809 3975 842 4039 ὦς
857 3973 913 4031 lem
929 3975 1074 4049 θιληματα
1083 3995 1236 4047 vigescunt
1247 3974 1327 4030 eiures
1347 3996 1380 4029 ra
1400 3971 1465 4032 ὄντα
1476 3987 1549 4044 W·

464 4059 628 4136 (manum
643 4061 685 4120 οὐν
702 4063 792 4126 istuc
807 4079 890 4136 σοφια
902 4085 1075 4136 γινωσιουσα,
1085 4085 1214 4138 gruonae
1226 4085 1323 4128 ταντα,
1334 4063 1369 4120 cic
1392 4087 1409 4118 υ
1438 4061 1494 4119 rud
1518 4080 1529 4110 1

403 4171 446 4206 και
465 4149 614 4225 damnosae
633 4177 667 4209 τα
689 4176 812 4226 pegma,
831 4175 874 4212 και
889 4177 923 4212 ‘ec
940 4153 1150 4220 πολλαὶνιαιυς,
1167 4151 1238 4225 ciera
1259 4175 1292 4224 ψ
1307 4153 1342 4210 isc
1362 4175 1397 4208 τι
1437 4174 1501 4208 ests

402 4261 572 4310 γινωσκουσα
590 4265 633 4297 και
651 4265 822 4318 unguerem.

463 4328 506 4406 (3)
526 4336 690 4406 Ταυτῃγουν
711 4333 847 4398 ὄθεοςτα
864 4334 929 4390 ὄντα
941 4332 1111 4407 queneto
1136 4357 1168 4408 τῃ
1183 4333 1319 4406 ι’ςιστημῃ
1338 4333 1471 4388 rses'mr
1488 4326 1546 4383 silk

399 4439 431 4490 τῃ
450 4441 559 4476 scurra.
