3224 5068
896 339 1075 400 a-

392 465 539 532 persona
562 443 704 530 divina;
730 444 791 514 ssd
814 443 925 512 maior
947 449 1065 534 potest
1086 442 1173 511 oriri
1201 442 1405 527 difficultas,
1422 464 1461 510 so
1474 444 1553 532 quod

392 551 460 620 tide
483 551 663 638 novimus,
690 573 795 619 unam
818 559 981 620 naturam
1012 551 1203 620 subsistere
1225 551 1323 620 trino
1354 551 1554 620 subsistendi

394 658 503 742 modo,
521 667 557 727 et
571 665 734 727 naturam
748 679 852 726 unam
868 681 942 727 esse
958 657 996 725 in
1012 657 1129 726 tribus
1144 658 1303 747 personis
1318 657 1463 726 realiter
1475 658 1555 724 inter

393 788 429 834 as
447 766 637 835 distinctis.
657 765 810 836 Videtur
832 767 924 835 enim
948 773 1076 834 natura
1099 765 1223 834 debere
1246 765 1383 855 concipi
1399 771 1441 834 ut
1454 787 1510 854 per
1524 785 1555 830 sc

391 895 461 942 non
484 875 690 958 subsistens,
709 873 767 942 cui
790 881 966 965 tamquam
989 874 1121 963 gradus
1137 873 1285 942 ulterior
1302 873 1426 942 saltem
1448 879 1555 940 nostro
1596 869 1597 886 ¹

392 981 490 1049 modo
506 981 732 1070 intelligendi
747 980 914 1050 accedant
924 981 1111 1050 relationes
1122 979 1362 1072 paternitatis,
1372 979 1553 1060 filiationis,

389 1089 643 1178 processionis,
669 1089 798 1181 quibus
828 1090 1090 1158 constituantur
1120 1111 1287 1180 personae
1314 1089 1552 1172 subsistentes,

390 1203 495 1287 atque
511 1197 563 1264 ita
585 1195 728 1265 videtur
744 1196 781 1263 in
798 1217 945 1284 persona
967 1197 1092 1264 divine
1113 1217 1189 1264 esse
1212 1195 1454 1286 metaphysica
1475 1215 1554 1262 com·

391 1303 519 1394 positio
542 1326 585 1371 cx
609 1312 739 1371 natura
761 1310 797 1372 et
812 1305 910 1372 modo
934 1303 1161 1388 subsistendi,
1179 1325 1248 1382 non
1272 1305 1389 1372 minus
1411 1301 1555 1394 qnamiu
1597 1343 1598 1374 l

388 1410 574 1501 hypostasi
598 1417 727 1480 creata.
746 1410 934 1479 Praeterea
956 1419 1030 1479 tres
1053 1431 1220 1500 personae
1242 1409 1433 1478 distinctae
1449 1407 1553 1478 videri

387 1523 529 1608 possent
553 1520 767 1588 constituere
790 1542 898 1586 unum
914 1519 1037 1602 Deum,
1056 1517 1117 1585 ubi
1134 1523 1251 1586 autem
1266 1515 1415 1586 realiter
1438 1515 1552 1584 distin·

388 1635 446 1696 cta
470 1627 694 1696 constituunt
716 1627 858 1718 aliquod
881 1649 1001 1710 uum,
1020 1649 1088 1695 non
1111 1625 1225 1694 solum
1248 1624 1489 1716 metaphysica
1503 1621 1554 1692 sed

389 1735 541 1826 physica
563 1743 618 1804 est
632 1735 846 1826 compositio.
1598 1729 1599 1758 ³

456 1843 699 1933 Respondetur
721 1843 766 1912 ad
785 1846 960 1933 primam.-
984 1843 1087 1912 debet
1109 1863 1192 1910 sane
1215 1843 1352 1912 ratione
1384 1865 1462 1911 cum
1483 1842 1551 1908 fun·

390 1949 550 2020 damento
566 1952 603 2019 iu
620 1973 657 2019 re
680 1951 855 2040 distingui
879 1971 950 2019 una
973 1971 1106 2018 summa
1122 1973 1179 2019 res
1196 1958 1238 2020 ut
1251 1956 1383 2019 natura
1405 1950 1554 2018 absoluta

389 2063 426 2126 et
447 2057 757 2142 communicabilis,
782 2065 819 2126 et
842 2058 960 2126 cadem
983 2079 1054 2126 una
1079 2081 1213 2126 summa
1235 2081 1291 2126 res
1314 2065 1357 2127 ut
1379 2063 1453 2126 tres
1474 2055 1553 2125 rela-
1599 2131 1600 2136 ἵ

387 2165 457 2234 tivi
473 2165 617 2234 realiter
632 2165 725 2234 inter
741 2187 777 2234 se
791 2165 955 2234 distincti
974 2165 1091 2250 Pater,
1109 2165 1240 2250 Filius,
1251 2172 1287 2234 et
1303 2165 1462 2256 Spiritus
1477 2163 1553 2232 San·
1599 2163 1600 2168 ’

389 2277 479 2340 otus.
496 2273 549 2340 At
564 2271 645 2340 dum
662 2274 859 2362 concipitur
881 2281 1010 2342 nature
1031 2273 1203 2358 absoluta,
1219 2297 1287 2342 non
1311 2273 1505 2362 concipitur
1520 2275 1554 2336 ut

388 2374 598 2465 incompleta
619 2383 656 2444 et
679 2375 880 2466 complenda
903 2377 1005 2447 velut
1021 2399 1083 2467 per
1105 2377 1256 2466 gradum
1279 2377 1481 2446 ulteriorem
1503 2395 1551 2464 pa·

387 2483 569 2553 ternitatis
591 2488 628 2552 ct
651 2483 836 2552 filiationis
860 2491 895 2553 et
918 2485 1163 2574 processionis;
1182 2484 1243 2553 sed
1266 2483 1386 2552 sedem
1409 2507 1465 2552 res
1486 2481 1551 2550 inli-
1600 2520 1601 2550 l

386 2592 464 2660 nita
478 2615 521 2661 cx
536 2593 728 2660 intrinseca
752 2592 951 2662 necessaris
974 2594 1189 2684 perfectione
1212 2591 1318 2660 simul
1332 2597 1388 2660 cst
1404 2590 1552 2658 absoluta

388 2704 438 2786 (et
460 2701 525 2768 sub
548 2699 614 2769 hac
637 2700 774 2768 ratione
798 2707 929 2769 natura
952 2700 1158 2786 communis)
1174 2706 1210 2768 et
1225 2699 1331 2766 simul
1346 2697 1497 2766 relativa
1511 2701 1551 2781 (st

388 2809 453 2876 sub
476 2807 542 2878 hac
564 2809 701 2878 ratione
724 2815 797 2878 tres
820 2809 972 2878 invicem
996 2807 1338 2878 incommunicabiles
1353 2805 1423 2875 i.e.
1440 2805 1549 2874 distin·

387 2923 464 2986 otas
487 2915 722 3006 hypostases).
742 2916 842 2985 Unde
858 2915 957 2984 nobis
972 2921 1027 2986 est
1051 2917 1173 3008 utique
1197 2915 1419 2986 necessarius
1435 2911 1549 3002 duplm

389 3033 587 3114 conceptus,
614 3033 656 3094 ut
678 3047 783 3094 unam
806 3048 879 3094 rem
902 3025 1147 3114 intelligamus
1170 3032 1346 3116 tamquam
1371 3021 1549 3092 absolutam

388 3139 551 3200 naturam
577 3155 647 3200 non
676 3153 759 3202 sane
788 3131 890 3200 velut
920 3131 1056 3222 aliquid
1087 3131 1203 3200 adhuc
1234 3129 1472 3220 complendum
1500 3125 1549 3195 scd

388 3237 500 3306 solum
523 3240 675 3308 nondum
705 3262 868 3330 expresse
899 3239 1122 3329 concipiendo
1144 3241 1208 3308 sub
1238 3238 1376 3308 ratione
1398 3233 1547 3315 relativi,

388 3353 425 3416 et
454 3345 578 3414 deinde
608 3346 749 3414 eandem
781 3347 919 3415 omnino
942 3369 1014 3416 rem
1045 3345 1288 3436 intelligamus
1317 3367 1476 3436 expresse
1497 3341 1549 3410 sub

388 3455 525 3523 ratione
548 3453 693 3523 relativi
715 3461 821 3546 atque
843 3453 897 3523 ita
921 3463 961 3524 ut
983 3461 1057 3524 tres
1079 3455 1278 3537 distinctos,
1297 3455 1342 3523 ad
1364 3451 1548 3542 analogian

389 3560 481 3629 modi
505 3585 572 3652 quo
595 3561 748 3630 diximus
771 3561 907 3652 concipi
931 3584 1016 3646 cns,
1042 3583 1176 3646 verum,
1202 3569 1239 3630 et
1261 3562 1388 3630 bonum
1410 3583 1477 3629 non
1498 3575 1548 3648 per

387 3667 601 3737 additionem
624 3669 798 3758 graduum
822 3669 899 3738 veri
921 3675 958 3738 et
981 3669 1061 3736 boni
1085 3664 1129 3738 sd
1153 3689 1226 3754 ens,
1255 3669 1314 3738 sed
1337 3691 1401 3758 per
1423 3687 1544 3757 expres·

388 3773 513 3844 siorcm
537 3775 674 3843 modum
696 3774 801 3842 entis.
827 3775 905 3842 Uno
928 3776 1046 3860 verbo,
1073 3775 1156 3866 quis
1179 3783 1309 3844 natura
1331 3773 1471 3843 infinita
1491 3793 1546 3840 non

387 3889 503 3972 potest
525 3883 660 3972 concipi
677 3890 719 3950 ut
741 3881 942 3972 complenda
965 3905 1026 3972 per
1049 3883 1202 3974 aliquem
1225 3883 1375 3971 gradum
1398 3877 1546 3972 superad-

389 3989 516 4076 ditum,
535 3997 639 4082 atquc
656 3991 740 4058 adeo
764 4013 831 4057 non
855 3997 969 4080 potest
992 3991 1128 4080 concipi
1144 3997 1186 4058 ut
1201 4012 1284 4080 pars
1306 3988 1543 4080 metaphysica,

388 4101 572 4186 propterea
588 4097 688 4164 nulla
704 4097 754 4164 ibi
772 4103 888 4187 potest
904 4097 1062 4188 intelligi
1079 4097 1281 4186 compositio
1306 4095 1543 4188 metaphysica.

389 4205 431 4272 In
455 4205 567 4273 forma
590 4205 820 4294 respondetur
835 4205 879 4272 ed
896 4205 1135 4275 obiectionem:
1153 4211 1284 4274 natura
1299 4205 1405 4276 debet
1426 4199 1544 4290 concipi

388 4319 430 4381 ut
445 4335 505 4402 per
520 4335 557 4381 se
572 4335 640 4380 non
656 4312 865 4396 subsistens,
884 4310 1079 4402 dictisque:
1096 4313 1198 4382 debet
1212 4313 1349 4404 concipi
1372 4335 1448 4382 cum
1457 4330 1543 4401 proc·

388 4422 516 4486 cisiom
538 4421 705 4488 obiecticc
726 4443 749 4490 a
772 4421 1014 4507 subsistentia,
1033 4421 1069 4492 h.
1088 4444 1119 4491 c.
1139 4422 1192 4490 ita
1214 4427 1257 4490 ut
1277 4413 1542 4492 subsistentiaiu
