3230 5072
535 359 572 373 -
594 326 654 386 417
676 357 713 371 -

46 437 179 522 primm
208 431 342 501 liberae
374 438 557 502 creaturae
580 431 673 502 citrc
703 431 880 499 decretum
905 451 966 498 seu
992 429 1208 499 voluntatem

48 541 102 610 Dei
116 540 325 610 effectricem
340 563 403 610 nec
418 561 493 609 esee
510 563 575 610 nec
590 537 749 628 intelligi
764 543 922 628 possunt.
941 537 992 607 Ut
1008 561 1092 628 ergo
1107 543 1208 608 ectus

46 649 121 717 liber
131 649 279 718 futurus
291 669 367 718 esse
379 649 501 738 possit,
516 647 639 718 divine
652 647 793 716 decreta
804 645 1018 736 pertinentia
1032 645 1077 716 ad
1089 650 1208 717 ectum

46 758 183 848 primum
199 755 484 828 constituendum
506 755 703 828 necessario
721 761 978 846 supponuntur.

99 865 149 932 At
171 885 255 934 vero
277 864 315 932 im
338 863 434 934 hisce
457 862 607 935 decretis
629 887 698 933 non
721 885 795 940 esse
818 862 1000 948 rationem,
1026 885 1090 933 cur
1112 863 1208 933 Deus

45 971 303 1042 determinatum
327 985 440 1040 cetum
470 971 650 1040 secundam
679 972 823 1040 liccem
850 971 1072 1061 praevideat,
1105 972 1208 1064 plane

45 1080 258 1149 manifestum
279 1085 346 1150 est.
361 1079 521 1150 Decretis
544 1080 636 1149 enim
652 1101 713 1149 seu
736 1077 932 1148 efficientiis
955 1077 1101 1165 divinis,
1120 1100 1208 1172 ques

45 1189 391 1273 commemoravimus,
417 1193 579 1258 creatura
603 1186 835 1258 constituitur
858 1185 896 1254 in
920 1201 999 1255 actu
1016 1189 1131 1276 primo
1154 1186 1207 1255 in·

46 1295 214 1366 differenti
230 1295 275 1365 ed
291 1311 404 1363 ccccm
417 1294 597 1364 comacum
608 1295 672 1380 its,
687 1299 730 1362 ut
744 1298 859 1364 ectum
875 1293 1062 1362 secundum
1083 1293 1209 1364 elicere

45 1404 145 1492 possit
165 1401 225 1473 vel
247 1425 316 1470 non
340 1401 483 1487 elicere,
512 1401 638 1472 elicere
668 1425 776 1471 uuum
806 1400 924 1491 potius
952 1423 1054 1492 quam
1084 1399 1204 1472 elium.

44 1511 114 1580 Nisi
136 1510 228 1580 euim
251 1515 351 1580 actus
374 1510 509 1600 primus
526 1509 579 1579 ite
595 1531 631 1578 se
647 1508 802 1593 haberet,
816 1507 887 1576 iam
909 1513 1012 1578 ectus
1035 1509 1208 1578 secundus

44 1641 103 1687 nou
123 1619 214 1688 liber
227 1623 320 1688 esset
335 1617 395 1688 sed
408 1617 638 1687 necessarius.
656 1615 753 1706 Ergo
768 1616 806 1686 in
822 1614 897 1685 illis
913 1615 1062 1685 decretis
1082 1638 1206 1706 cogno-

44 1726 169 1796 scibilis
191 1725 331 1818 quidem
353 1731 465 1795 estet
487 1723 710 1815 cognoscitur
725 1745 747 1792 a
761 1725 835 1794 Deo
856 1725 1039 1792 creaturae
1061 1721 1208 1793 libertas

43 1841 74 1902 et
93 1831 330 1902 indifferentis
352 1833 397 1902 ad
420 1837 520 1902 ectus
544 1831 715 1918 diversos,
733 1854 802 1901 non
826 1834 943 1900 eutem
959 1835 1015 1900 est
1030 1831 1206 1921 cognosci-

44 1940 117 2010 bilis
143 1947 246 2010 actus
275 1941 528 2012 determinatus
556 1941 689 2011 liberae
717 1939 926 2011 voluntatis.
952 1937 1208 2032 Consequentia

44 2050 304 2140 demonstretur:
330 2049 362 2118 si
386 2050 536 2118 enimin
559 2049 634 2118 illis
656 2048 807 2119 decretis
829 2070 891 2140 per
914 2048 1078 2119 divincm'
1097 2047 1205 2118 scien·
1236 2106 1241 2116 .

44 2157 119 2224 tiam
141 2179 276 2247 semper
297 2156 523 2226 infallibilem
557 2155 812 2226 determinatus
834 2161 936 2226 actus
965 2161 1059 2225 esset
1082 2177 1205 2246 cogno·

44 2263 178 2350 scibilis,
204 2263 243 2332 in
265 2263 341 2332 illis
362 2263 499 2356 aliquid
522 2283 597 2334 esse
619 2268 807 2354 oporteret,
827 2263 884 2332 cui
904 2267 1079 2354 repugnet
1100 2269 1207 2334 meta-

43 2370 200 2461 pbysice,
224 2375 267 2440 ut
287 2377 389 2441 ectus
411 2393 480 2440 nou
509 2377 672 2463 ponetur.
698 2371 813 2464 Atqui
836 2370 972 2440 inillis
1001 2393 1071 2439 non
1095 2371 1207 2440 solum

44 2477 125 2547 nihil
145 2482 214 2566 est,
231 2478 290 2548 cui
311 2478 376 2548 hcc
398 2486 581 2572 repugnet
600 2480 662 2549 sed
677 2479 780 2550 immo
803 2477 857 2548 ite
880 2501 918 2548 se
939 2477 1081 2565 habeut,
1108 2484 1150 2548 ut
1164 2502 1206 2550 ex

44 2585 224 2655 intrinsece
247 2607 365 2656 eorum
386 2586 523 2656 ratione
545 2594 646 2657 ectus
669 2585 782 2678 possit
803 2586 908 2656 etiem
930 2607 999 2654 non
1017 2587 1111 2676 poni:
1131 2585 1207 2654 illis

44 2693 124 2762 euim
144 2693 234 2784 ipsis
256 2694 405 2764 decretis
427 2717 490 2764 seu
511 2695 708 2766 efficientiis
732 2701 896 2764 creature
919 2692 1149 2764 constituitur
1168 2693 1205 2762 in

44 2805 113 2868 actu
127 2800 237 2892 primo
253 2799 317 2887 ite,
336 2805 377 2871 ut
393 2823 430 2871 se
441 2801 554 2892 possit
568 2802 801 2872 determinare
816 2801 861 2870 ed
877 2799 1096 2870 utrumlibet.
1109 2801 1206 2892 Ergo

44 2907 157 2977 inillis
172 2908 329 3002 'decretis
352 2915 455 2980 actus
477 2909 731 2980 determinatus
753 2931 822 2979 non
845 2913 901 2980 est
923 2907 1181 2998 cognoscibilis.

108 3014 203 3084 Aliis
235 3015 352 3085 verbis
381 3015 448 3085 hcc
477 3016 593 3108 ipsum
627 3015 778 3086 declaro.
809 3017 959 3086 Decreta
988 3015 1131 3102 divine,
1164 3017 1206 3086 de

44 3121 157 3212 quibus
185 3145 279 3192 nuuc
308 3123 506 3216 loquimur,
532 3125 690 3195 utactio
720 3125 899 3194 transiens
921 3123 966 3192 ed
989 3129 1091 3194 extre
1123 3131 1207 3194 sunt

44 3227 170 3298 divinae
193 3229 398 3300 efficientiae
421 3231 460 3299 in
483 3251 589 3300 causa
611 3231 764 3302 secunde
786 3230 1001 3322 pertinentes
1025 3231 1070 3301 ed
1088 3237 1205 3300 ectum

45 3337 191 3425 primum.
208 3337 285 3406 Iam
300 3358 384 3408 vero
399 3337 475 3406 illis
491 3338 683 3429 suppositis
706 3337 915 3424 efficientiis,
934 3338 977 3408 de
992 3344 1075 3409 actu
1094 3339 1206 3430 primo

46 3450 186 3532 spectato
201 3467 280 3514 cum
296 3444 455 3514 omuibus
472 3443 548 3513 suis
564 3443 743 3514 elementis
760 3445 962 3514 intrinsecis
985 3444 1114 3535 duplex
1130 3453 1206 3537 pot·

46 3555 181 3622 estesse
203 3551 397 3622 sententia:
423 3557 460 3641 c)
482 3555 597 3642 potest
619 3551 750 3620 assumi
780 3557 881 3622 actus
908 3551 1043 3641 primus
1067 3552 1137 3638 ita,
1163 3558 1206 3622 ut

46 3655 181 3726 inicum
203 3662 385 3749 composito
400 3681 479 3728 cum
502 3657 661 3727 omnibus
684 3657 864 3728 elementis
886 3657 1144 3749 pertinentibus
1159 3659 1204 3727 ad

46 3762 145 3853 ipsum
159 3771 277 3836 actum
292 3763 444 3856 primum
467 3763 634 3835 voluntas
657 3763 785 3834 hebeat
801 3785 919 3834 veram
935 3768 1143 3856 potestatem
1158 3765 1203 3833 cd

46 3872 249 3958 utrumlibet,
267 3871 313 3942 ed
328 3869 538 3941 eliciendum
561 3871 699 3942 scilieet
714 3870 807 3942 bunc
822 3872 930 3942 talem
946 3878 1064 3941 actum
1083 3893 1204 3941 secun·

46 3975 113 4046 dun
123 3981 179 4050 vel
194 4001 265 4050 non
281 3978 490 4048 eliciendum
500 3978 789 4066 (indifferentiam
806 3979 958 4050 activam
970 3980 1205 4048 occaluisse

48 4084 339 4175 ιοιινιῶἰιιίιιίι),
365 4087 557 4156 autetiam
581 4087 626 4156 ed
648 4085 857 4156 eliciendum
887 4086 980 4156 hunc
1003 4085 1062 4155 vel
1092 4086 1205 4155 alium

49 4199 144 4264 ectum
162 4195 351 4266 secuudum
360 4193 652 4282 (indifferentiam
667 4195 932 4286 specificationis
944 4215 1006 4263 seu
1018 4197 1204 4262 contrarie-

51 4306 142 4392 ecei2);
167 4325 257 4398 quae
280 4303 419 4396 quidem
443 4303 685 4374 indifferentia
707 4303 832 4374 sultam
855 4300 1142 4370 contradictionis
1166 4304 1204 4371 in

51 4417 117 4492 uctu
130 4415 238 4504 primo
255 4419 310 4482 est
325 4412 537 4500 essentialis,
549 4419 593 4483 ut
603 4413 752 4483 libertas
766 4417 869 4482 ectus
881 4413 1024 4483 secundi
1040 4413 1204 4484 consiste-

173 4554 330 4608 Frsmlin
1025 4553 1060 4606 ²7
