3262 5076
546 427 583 442 -
605 396 666 460 539
687 427 725 444 -

105 501 284 572 Scholion.
303 502 354 572 Ut
368 503 586 594 argumentis
601 500 865 593 respondeatur,
881 521 969 593 quae
985 521 1026 569 ex
1042 499 1141 570 Rom.
1152 499 1218 570 IX.

35 609 80 677 ab
105 610 329 680 adversariis
352 611 615 702 depromuntur,
634 607 907 678 considerandus
924 612 978 676 est
993 607 1171 697 proximus
1187 613 1223 676 et

36 723 199 786 remotus
229 724 414 787 contextus
443 717 612 787 orationis
635 714 817 785 Paulinae.
842 714 898 784 Ex
921 714 997 805 ipso
1020 714 1112 783 enim
1144 735 1222 784 con·

34 831 140 894 textu
159 848 203 895 ac
225 849 327 918 acopo
343 825 506 917 Apostoli
531 825 728 910 conficitur,
754 823 804 894 ibi
826 846 895 893 non
919 823 961 893 de
984 822 1223 914 praedestina·

35 933 134 1001 tione
160 931 208 1000 ad
231 931 382 1023 gloriam
405 955 467 1023 per
490 955 526 1001 se
550 938 762 1022 spectatam,
788 953 851 1000 nec
874 931 915 996 de
936 929 1176 1018 reprobatione
1199 953 1222 996 a

35 1039 161 1130 picria
185 1040 384 1110 immediate
404 1061 593 1109 sermonem
608 1061 694 1126 esse;
713 1039 773 1108 sed
797 1039 840 1108 de
863 1038 1024 1129 gratuita
1039 1036 1222 1106 vocatione

35 1148 78 1216 ad
102 1147 213 1218 fidem
235 1153 272 1218 et
293 1149 336 1218 de
358 1148 676 1239 praedestinatione
699 1146 845 1238 proinde
867 1147 911 1216 ad
936 1145 1103 1236 gratiam.
1120 1145 1219 1228 Quae

36 1277 120 1345 ergo
146 1255 320 1325 dicuntur
342 1257 384 1325 de
407 1256 486 1324 odio
508 1255 617 1342 Esau,
643 1277 705 1326 neo
729 1277 834 1325 seusu
856 1252 1010 1324 litterali
1032 1275 1094 1323 nec
1115 1275 1219 1322 sensu

35 1365 163 1454 typico
180 1364 224 1433 de
239 1362 455 1432 antecedente
469 1365 708 1454 reprobatione
722 1385 744 1430 a
759 1364 837 1432 vita
852 1351 995 1432 aeterna
1011 1360 1125 1452 accipi
1140 1381 1219 1451 pos·

37 1477 132 1542 sunt.
163 1473 237 1544 Nec
260 1473 312 1541 ita
338 1472 452 1563 accipi
483 1478 630 1562 possunt
660 1471 841 1540 induratio
863 1470 914 1539 ibi
937 1475 1220 1554 commemorata,¹

35 1579 91 1647 vel
110 1601 206 1672 qnae
221 1579 440 1649 inducuntur
456 1601 518 1670 per
534 1580 825 1670 comparationem
849 1601 926 1648 cnm
950 1577 1028 1646 luto
1052 1577 1090 1645 in
1113 1597 1218 1644 manu

37 1685 154 1776 liguli3
183 1687 222 1755 in
245 1687 302 1756 hia
325 1687 417 1756 enim
441 1687 482 1756 de
506 1687 625 1777 gratia
648 1686 729 1756 fidei
753 1708 864 1755 sermo
881 1692 947 1770 est,
966 1705 1068 1776 quam
1084 1682 1218 1753 Paulus

37 1793 155 1862 aDeo
184 1816 254 1864 non
277 1817 319 1862 ex
342 1793 459 1863 debito
483 1795 542 1863 sed
566 1817 609 1862 ex
633 1793 875 1862 misericordia
902 1792 1217 1862 confert-idemon·

38 1908 142 1971 strat.
163 1901 316 1994 Reliqua
332 1925 415 1972 vero
438 1902 481 1972 de
504 1901 714 1971 excitatione
730 1900 935 1985 Pharaonis,
954 1901 996 1970 de
1012 1901 1109 1996 vasis
1129 1898 1215 1985 irae,

38 2010 230 2079 manifesto
261 2008 494 2099 intelligenda
524 2015 608 2079 sunt
632 2010 674 2079 de
696 2008 881 2079 voluntate
913 2014 1142 2100 consequente
1173 2006 1218 2076 ad

39 2115 297 2204 praevisionem
319 2116 468 2207 peccati,
491 2138 560 2208 qua
583 2117 768 2186 voluntate
784 2116 878 2185 Deus
892 2116 999 2185 etiam
1014 2116 1117 2184 malis
1132 2118 1217 2186 bene

40 2222 159 2292 utitur
184 2224 229 2292 ad
253 2245 335 2292 suos
358 2223 457 2294 fines.
483 2225 598 2314 Caput
620 2223 711 2292 illud
727 2223 792 2292 IX.
810 2225 909 2292 Rom.
929 2223 1000 2292 alio
1015 2223 1091 2293 loco
1106 2224 1216 2315 expli-

39 2331 207 2416 cabimus,
232 2331 375 2399 interim
398 2332 442 2400 ad
466 2331 734 2400 demonstranda
757 2353 843 2422 quae
866 2331 1114 2416 iudicavimus,
1137 2354 1215 2401 con·

41 2435 240 2507 siderentur
263 2437 442 2508 illationes
457 2437 621 2529 Apostoli
636 2438 702 2508 IX.
717 2439 772 2508 32.
790 2438 846 2526 3³3
863 2439 909 2507 X.
927 2439 982 2507 12.
997 2462 1064 2531 sq.;
1078 2435 1144 2507 XI.
1155 2439 1212 2508 20.

40 2565 102 2636 sq.;
128 2545 255 2614 itidem
278 2547 480 2616 conferatur
502 2547 568 2616 IX.
587 2547 644 2615 22.
664 2570 741 2616 cum
756 2546 806 2615 H.
824 2546 859 2614 4.
878 2547 912 2632 ὃς
929 2545 965 2614 2.
977 2545 1053 2615 Pet.
1067 2545 1136 2614 III.
1155 2545 1211 2634 153

41 2648 118 2742 Sap.
132 2653 202 2722 XI.
217 2653 369 2723 24-ΧΠ.
386 2653 441 2722 18.
458 2657 582 2723 etcum
595 2654 628 2722 2.
645 2654 735 2723 Tim.
750 2653 799 2722 H.
815 2653 871 2721 20.
886 2653 944 2721 21.
1076 2665 1081 2672 “

101 2760 250 2830 Praeter
273 2767 379 2852 caput
394 2761 459 2829 IX.
474 2761 573 2830 Rom.
591 2761 794 2831 calviniani
817 2760 965 2830 obiicere
981 2759 1140 2829 solebant
1163 2765 1212 2830 te·

40 2866 237 2968 stimonium
254 2867 286 2936 l.
301 2867 378 2937 Pet.
392 2867 442 2938 II.
457 2869 490 2936 8:
520 2891 622 2937 cnon
653 2867 875 2938 erodentibus
905 2873 1020 2935 autem
1026 2916 1093 2935 .....
1120 2865 1213 2956 lapis

43 2974 239 3045 offensionis
261 2981 298 3045 et
320 2983 421 3067 petra
444 2976 602 3045 scandali
625 2975 703 3061 his,
730 2977 791 3068 qui
815 2975 996 3044 offendunt
1018 2975 1125 3044 verbo
1147 2996 1211 3046 neo

44 3082 196 3167 credunt,
215 3083 252 3151 in
270 3104 336 3174 quo
359 3083 412 3168 (in
430 3084 536 3175 quod)
558 3090 595 3152 et
617 3083 725 3173 positi
749 3089 862 3152 sunto
881 3082 945 3168 (1).
968 3081 1123 3152 Aiebant
1147 3081 1212 3152 soi·

43 3180 120 3256 licet
135 3211 216 3257 cnm
233 3209 295 3256 sno
312 3186 493 3257 Theodoro
509 3189 613 3275 Beza,
632 3189 796 3280 reprobos
818 3211 840 3257 a
863 3191 934 3259 Deo
958 3191 1035 3281 ipso
1057 3213 1131 3260 esse
1155 3214 1211 3284 po·

44 3290 122 3362 sitos
144 3295 191 3364 ad
213 3294 290 3380 hoc,
317 3303 449 3364 utnon
476 3295 631 3365 credant.
658 3297 710 3364 At
733 3318 816 3366 vero
839 3297 928 3368 Van.
946 3298 1043 3367 Beda
1065 3299 1101 3366 in
1127 3299 1162 3368 h.
1180 3299 1208 3368 l.

47 3396 138 3490 (opp.
155 3401 199 3470 T.
213 3401 258 3470 V.
273 3425 308 3492 p.
323 3401 420 3488 971.)
433 3404 570 3471 omniuo
585 3403 799 3473 eontrarium
816 3425 954 3474 sensum
971 3405 1066 3476 vidit
1081 3405 1118 3475 in
1134 3429 1211 3476 ver·

45 3501 143 3576 tiss,
162 3509 284 3596 Petri;
314 3530 372 3576 eos
394 3508 489 3599 ipsos
512 3509 702 3596 nimirum,
732 3511 794 3603 qui
821 3534 890 3580 non
918 3513 1066 3582 credunt
1087 3520 1123 3582 et
1146 3536 1211 3582 aua

48 3611 141 3703 culpa
164 3615 369 3706 impingunt
391 3615 428 3684 in
452 3617 596 3686 verbum
611 3617 803 3709 Evangelii
826 3641 867 3688 ee
890 3627 1070 3706 corruunt,
1095 3641 1117 3688 a
1138 3621 1210 3690 Deo

49 3739 105 3786 esee
121 3728 254 3812 positos
275 3739 316 3790 nt
338 3721 490 3793 credant.
526 3754 542 3790 c
564 3725 764 3794 Stultitiam
796 3728 1015 3817 exagerando
1047 3729 1207 3815 subiecit,

48 3845 102 3896 nee
116 3832 274 3918 credunt,
295 3831 332 3900 in
349 3832 440 3923 quod
463 3839 500 3901 et
521 3833 628 3923 positi
651 3839 747 3922 sunt;
768 3835 851 3926 quia
874 3835 911 3903 in
934 3835 999 3903 hoc
1015 3835 1122 3926 positi
1137 3836 1162 3905 i.
1177 3859 1207 3906 e.

50 3930 81 4000 ir
99 3935 161 4010 hoo
184 3962 246 4030 per
269 3946 431 4010 naturam
462 3941 666 4032 (supposita
688 3942 885 4012 elevatione
908 3944 945 4012 in
969 3944 1089 4013 ordine
1111 3966 1210 4034 prae-

50 4045 142 4134 senti)
158 4047 246 4116 facti
268 4053 352 4115 sunt
374 4046 541 4132 homines,
561 4055 604 4116 ut
619 4049 764 4118 credant
779 4050 850 4118 Deo
876 4058 912 4118 et
933 4049 1008 4118 eius
1031 4049 1210 4120 voluntati

51 4145 270 4244 obtemperent
293 4153 474 4224 Salomone
497 4162 711 4243 attestante,
737 4179 815 4226 cum
838 4155 908 4225 ait:
934 4156 1044 4226 Deum
1067 4157 1211 4228 timeat

103 4405 140 4482 (l)
158 4415 208 4468 Kar
230 4411 307 4476 λιθος
327 4435 533 4488 προσκιμματος
554 4436 597 4470 aar
617 4437 700 4490 πιτρα
726 4423 892 4484 coaetaneo,
912 4419 933 4474 o'c
954 4439 1154 4492 ngooaorroaac
1175 4439 1208 4491 cp

54 4493 111 4566 lopp
127 4497 304 4568 ἆπιιθσυντις,
322 4500 359 4566 ire
378 4502 391 4557 ὁ
406 4524 450 4558 και
470 4500 611 4564 insinuat.
