3292 5062
566 398 605 413 -
627 363 687 427 125
708 397 746 412 ...

90 473 196 564 μῆνα
216 497 292 543 cnm
314 496 384 543 non
408 474 457 543 sit
479 473 593 564 posita
615 473 654 541 in
676 471 854 542 infinitate
871 475 1106 564 perfectionis,
1127 475 1241 546 sedin

88 581 303 650 abstractione
318 583 363 650 ab
375 581 467 650 omni
479 579 690 673 perfectione
706 578 948 669 determinata,
963 583 1090 653 relicta
1107 583 1243 653 scilicet

88 689 177 757 unici
201 687 460 780 simplicissima
483 693 621 761 notione
644 713 696 758 του
714 695 785 759 εἰναι
807 693 845 760 iu
868 690 1082 782 oppositione
1105 689 1150 758 ed
1172 711 1241 754 aon

88 821 155 878 essa
175 817 254 867 sane
276 797 342 867 hoe
364 797 437 868 tale
453 802 720 895 esseadaequete
736 799 1067 891 comprehendimus,
1086 803 1122 864 et
1136 797 1240 883 longe

86 907 257 996 perfectius
280 928 384 998 quam
408 910 654 999 nosmetipsos,
687 916 728 979 ut
757 908 814 977 illi
846 907 997 976 aiebant.
1023 904 1115 974 Hinc
1138 905 1242 972 etiam

87 1015 247 1100 haeretici,
274 1022 316 1084 ut
338 1015 436 1084 infra
458 1019 674 1104 videbimus,
703 1019 818 1088 omnia
841 1017 981 1086 nomina
1007 1019 1108 1105 (puta
1135 1036 1241 1080 essen·

87 1129 156 1205 tiae,
173 1126 377 1213 inperitam,
394 1128 583 1214 sapientia,
602 1129 744 1194 iustitia
766 1129 850 1212 etc.)
874 1123 970 1196 dicta
986 1123 1036 1191 'de
1055 1121 1127 1190 Deo
1146 1122 1240 1206 (ente

83 1233 135 1300 illo
155 1232 385 1301 abstractione
407 1233 678 1324 simplicissimo)
703 1257 845 1326 prorsus
868 1251 1064 1322 synonyme
1087 1251 1161 1296 esse
1186 1249 1239 1294 as-

85 1341 245 1428 serebant,
283 1347 320 1409 et
345 1341 470 1410 Patres
500 1350 622 1412 contra
645 1343 871 1427 obiiciebant',
898 1340 990 1408 illud
1009 1338 1100 1431 qnod
1123 1359 1241 1406 eorum

85 1449 177 1517 menti
197 1455 235 1517 et
255 1448 463 1538 cogitationi
483 1450 745 1536 obversabatur,
764 1473 833 1518 non
855 1471 929 1518 esse
943 1447 1054 1517 Deum
1069 1443 1128 1514 sed
1143 1443 1240 1512 aliud

85 1559 172 1648 longa
189 1558 379 1626 diversum.

138 1665 183 1734 Π.
207 1665 263 1734 Ex
286 1665 364 1754 ipsa
386 1664 502 1733 indole
525 1664 782 1735 controversiae
805 1663 982 1756 explicata
1006 1661 1112 1732 facila
1137 1659 1240 1729 intel·

84 1774 208 1863 ligitur,
225 1797 295 1842 non
308 1772 462 1864 potuisse
477 1773 600 1841 Patres
615 1772 870 1842 haereticorum
885 1794 1036 1841 errorem
1053 1769 1241 1839 secundum

84 1887 177 1949 totam
199 1902 298 1949 suam
321 1879 491 1948 rationem
515 1881 708 1965 confutare,
734 1879 818 1972 quin
842 1880 1005 1950 docerent
1020 1879 1137 1962 etiam,
1157 1875 1241 1968 qnid

84 1989 118 2056 de
138 1988 267 2078 origine
290 1988 388 2056 ideae
411 1987 477 2056 Dei
500 1993 536 2056 et
558 1988 600 2056 de
623 1988 823 2057 immediata
847 1987 989 2058 divinae
1018 1992 1166 2054 naturae
1188 1983 1241 2052 in·

82 2096 213 2164 tuitione
230 2094 449 2164 sentiendum
465 2094 524 2164 sit.
538 2095 588 2164 Et
610 2116 692 2164 sane
715 2095 796 2164 dum
821 2093 987 2164 catholici
1008 2094 1165 2162 doctores
1188 2113 1240 2161 er·

84 2225 179 2272 rorem
206 2202 401 2294 principem
424 2202 466 2270 de
499 2202 800 2292 comprehensione
822 2203 888 2272 Dei
918 2225 960 2271 ex
985 2201 1182 2291 Scripturis
1206 2207 1242 2270 at

83 2311 151 2380 idei
171 2309 335 2400 analogia
358 2309 604 2400 multipliciter
628 2310 867 2396 confutarunt,
894 2311 1014 2378 nullus
1032 2333 1149 2379 eorum
1172 2315 1238 2394 est,

83 2417 132 2508 qui
145 2417 186 2486 ad
199 2415 392 2486 sententiae
415 2415 608 2484 catholicae
625 2416 892 2506 explicationem
909 2417 1014 2484 simul
1030 2417 1135 2484 etiam
1152 2437 1241 2484 erro-

82 2525 124 2592 ris
136 2524 297 2608 radicem,
316 2523 522 2608 doctrinam,
542 2524 695 2616 inquam,
712 2523 753 2593 de
769 2523 959 2594 intuitione
975 2524 1175 2592 immediata
1191 2545 1242 2591 es·

83 2632 197 2701 seutiae
209 2631 353 2702 divinae
365 2638 402 2700 et
416 2631 497 2701 inde
509 2638 770 2723 consequentem
783 2632 976 2720 opinionem
988 2632 1030 2700 de
1043 2629 1241 2720 cognitione

82 2739 135 2807 Dei
146 2754 182 2805 ae
205 2742 244 2804 in
266 2763 302 2806 ee
318 2753 379 2822 est,
393 2739 554 2828 detegere
570 2744 607 2808 et
621 2739 761 2829 penitus
777 2739 926 2808 evellere
942 2739 1157 2829 propositum
1171 2759 1240 2806 non

82 2845 239 2915 habuerit.
254 2847 407 2914 Possunt
422 2851 538 2916 autem
550 2847 588 2915 in
600 2846 665 2914 hac
680 2845 1029 2936 controversiaplene
1042 2844 1241 2935 dogmatica

84 2954 219 3042 mactari
229 2954 355 3022 Patres
367 2955 406 3022 in
420 2954 543 3044 primis
559 2961 601 3023 ut
617 2952 785 3024 Doctores
798 2955 987 3039 Ecclesiae,
1003 2961 1175 3046 qnatenus
1190 2953 1241 3021 in-

85 3059 246 3143 tellectum
262 3059 475 3131 catholicum
491 3067 528 3130 et
545 3063 728 3132 declarant
742 3068 779 3132 et
794 3062 973 3150 excolunt;
988 3062 1053 3130 sub
1075 3060 1141 3130 hac
1158 3090 1241 3139 vero

85 3311 127 3348 ese
135 3298 233 3368 divini,
249 3302 364 3369 qualem
380 3306 516 3357 esserunt
528 3304 736 3371 catologistae;
753 3305 784 3357 in
795 3304 848 3358 bac
859 3304 978 3372 inquam
992 3303 1241 3370 argumentatione

85 3401 150 3442 neue
166 3389 249 3458 dicet,
271 3392 443 3444 calumniam
461 3395 535 3446 strui
554 3397 584 3448 at
605 3393 730 3447 adscribi
750 3394 935 3460 ontologistis
955 3393 1142 3448 assertionem
1158 3396 1241 3448 natu·

84 3478 143 3531 ralia
158 3480 326 3534 intuitionis
339 3479 402 3548 ilci,
417 3483 513 3548 qualis
532 3481 587 3536 ilde
606 3483 749 3536 catholica
767 3483 837 3537 solis
857 3484 950 3537 beatis
964 3483 995 3536 iu
1009 3485 1116 3537 lumine
1132 3483 1241 3550 gloriae

85 3567 251 3624 attribuitur.
274 3568 330 3622 Sed
356 3568 517 3624 adversarii
536 3573 776 3638 ontologistarum
796 3577 932 3626 statuunt
951 3573 1142 3641 principium,
1166 3573 1241 3640 quod

84 3655 224 3726 eiectique
237 3659 286 3712 rel
305 3658 502 3727 philosophice
515 3661 563 3714 vel
581 3661 740 3727 theologice
753 3663 930 3730 probandum
946 3665 1001 3728 est,
1019 3665 1128 3715 nullam
1141 3677 1241 3729 nempe

85 3742 137 3798 tui
155 3747 340 3800 intuitionem
360 3763 415 3800 esee
434 3748 530 3803 divini
549 3751 580 3803 in
594 3767 623 3804 se
644 3753 708 3820 ipso
729 3756 843 3820 praeter
863 3753 1004 3806 visionem
1023 3753 1196 3820 beatificam,
1211 3754 1242 3806 et

85 3847 113 3884 ex
129 3851 158 3888 eo
179 3839 322 3905 principio
344 3839 485 3906 inierunt,
505 3841 614 3895 nullam
643 3841 705 3895 dari
732 3846 819 3897 talem
840 3843 1028 3898 intuitionem
1055 3843 1150 3898 divini
1171 3857 1239 3906 ease,

87 3924 183 3988 qualem
202 3929 338 3978 asserunt
356 3928 558 3993 ontologistae.
579 3929 633 3983 Hie
652 3933 748 3984 status
762 3932 942 3999 quaestionis
955 3935 1000 3985 est
1012 3932 1055 3985 ita
1071 3946 1123 3999 per
1139 3946 1169 3984 se
1183 3931 1241 3983 evi·

87 4011 153 4080 lene,
170 4019 202 4068 ut
221 4017 283 4069 eiua
302 4019 593 4071 commemorationem
604 4035 839 4086 supervacaneam
849 4025 1003 4089 putassem,
1016 4022 1074 4075 nisi
1089 4022 1120 4073 in
1134 4021 1243 4074 recenti

88 4107 203 4166 opusculo
220 4105 367 4160 cuiusdam
386 4105 464 4160 docti
481 4108 605 4162 tantoris
623 4111 810 4176 ontologismi
822 4109 868 4182 (ot
886 4107 1048 4182 appellant)
1066 4112 1140 4165 hano
1160 4125 1242 4164 excu-

89 4191 208 4246 sationem
233 4196 316 4248 relat
339 4198 450 4248 scutum
471 4196 697 4264 inexpugnabile
716 4198 835 4266 produci
855 4200 1008 4266 vidissem,
1034 4200 1109 4267 quod
1131 4199 1242 4252 scilicet

89 4285 258 4350 catologiatae
277 4301 356 4340 auam
379 4286 461 4340 illam
483 4287 669 4342 intuitionem
692 4291 853 4344 naturalem
877 4289 972 4344 divini
990 4307 1045 4343 eece
1062 4295 1170 4356 negant
1192 4293 1243 4342 aut

90 4371 210 4430 risieucu
226 4393 287 4431 esse
305 4377 449 4430 esseutiae
462 4377 589 4447 divinae,
609 4381 721 4447 qualem
741 4381 849 4434 habeut
867 4381 1101 4448 beati,autta11s
1118 4379 1241 4435 visionis

91 4461 208 4521 matum.
