3230 5072
540 367 578 382 ..
599 335 661 397 309
681 367 718 382 ..

45 445 236 515 oeconomia
258 449 404 513 externa
419 447 456 511 et
469 437 649 530 legislatio
671 441 709 511 in
730 440 864 512 tabulis
886 461 926 510 ao
951 436 1095 508 litteris.
1112 435 1213 506 Prin·

44 554 170 643 cipiunt
199 575 283 622 vero
313 551 563 622 charismatum
593 539 726 619 dicitur
755 577 772 614 c
798 548 955 639 Spiritus
976 546 1042 616 Dei
1072 543 1210 632 vivi30

43 665 288 752 consequenter
309 661 541 730 ministerium
558 661 603 731 N.
623 661 665 728 Τ.
680 665 735 728 est
749 685 766 722 c
779 655 993 726 ministratio
1010 652 1178 744 Spiritus.
1193 677 1210 712 r

43 768 198 858 Spiritus
213 790 296 836 vero
311 775 434 836 auctor
450 767 699 836 charismatum
716 765 934 854 intelligitur
949 783 1017 830 non
1033 782 1115 830 sane
1128 779 1212 851 qua·

42 875 146 959 litas,
178 874 238 944 sed
268 875 466 943 substantia
497 875 691 944 subsistens
720 879 757 941 et
785 870 1002 963 personalis3
1036 864 1214 938 concludit

43 983 131 1052 cuim
151 981 355 1071 Apostolus:
375 981 576 1050 «Dominus
598 987 716 1049 autem
740 979 896 1070 Spiritus
919 984 1002 1045 estu
1021 973 1048 1062 (ὁ
1064 969 1096 1040 δε
1112 994 1208 1064 raptvs

44 1113 202 1174 πεπνευμα
218 1083 324 1180 ἐστιν).
349 1087 510 1158 Getarum
533 1087 625 1157 nihil
648 1109 733 1178 opus
756 1095 810 1156 est
832 1087 876 1156 ad
900 1091 1018 1155 textus
1034 1083 1212 1174 appellare

44 1197 317 1287 Scripturarnm,
336 1197 463 1289 quibus
476 1195 543 1264 Dei
558 1201 686 1263 natura
704 1201 741 1263 et
759 1194 911 1264 essentia
922 1193 1128 1262 exhibeatur
1141 1189 1210 1282 spi·

44 1303 197 1388 ritualia,
216 1325 294 1372 cum
308 1303 468 1373 doctrina
489 1302 648 1372 revelata
662 1303 827 1371 universa
842 1301 883 1369 de
899 1299 1129 1369 relationibus
1143 1299 1210 1369 Dei

44 1409 84 1479 ad
107 1417 287 1478 creaturas
300 1409 337 1478 id
353 1409 467 1500 ipsum
489 1410 670 1480 evidenter
692 1411 917 1479 demonstret.

107 1517 176 1585 III.
201 1517 295 1585 Dans
318 1537 386 1584 non
402 1515 512 1586 solum
529 1521 570 1586 ut
586 1524 721 1587 creator
736 1521 772 1586 et
785 1521 1007 1586 conservator
1023 1520 1077 1583 est
1091 1514 1210 1584 «Deus

46 1624 233 1715 spirituum
256 1623 440 1692 universae
463 1623 610 1692 carnis»
637 1623 758 1710 (Num.
772 1622 871 1692 XVI.
888 1621 944 1709 223
961 1622 1023 1690 Iob
1038 1621 1121 1690 XII.
1137 1621 1210 1710 10.)

46 1739 77 1800 ot
91 1760 109 1796 a
125 1737 260 1800 amator
275 1730 469 1798 animarum
484 1757 501 1793 n
515 1729 613 1821 (Sap.
627 1730 693 1798 XI.
709 1729 795 1816 27.);
810 1731 870 1799 sed
885 1730 990 1798 etiam
1005 1727 1209 1799 distinctius

47 1837 253 1910 describitur
274 1843 452 1930 tamquam
475 1838 527 1907 sol
549 1838 829 1929 intelligibilium
856 1831 959 1927 (ἣλιος
980 1859 1038 1908 τοις
1062 1830 1208 1926 tantors),

48 1951 85 2014 nt
104 1944 261 2037 loquitur
274 1945 516 2015 Nazianzenus
532 1950 596 2032 (or.
608 1946 664 2014 21.
680 1969 715 2014 n.
728 1945 760 2033 1;
775 1968 826 2014 or.
840 1946 897 2014 28.
911 1969 947 2012 n.
961 1944 1017 2012 30.
1032 1943 1086 2012 cf.
1102 1964 1209 2033 supra

49 2051 283 2139 th.XI.u.H.).
293 2051 459 2121 Estenim
467 2053 560 2122 Deus
568 2053 781 2144 principium
790 2053 980 2144 generatim
995 2051 1208 2120 omnisvitae

49 2159 101 2228 Ps.
114 2159 208 2228 0111.
227 2159 319 2246 (heb.
333 2159 427 2246 104.)
446 2159 501 2249 303
525 2160 588 2228 Iob
598 2161 772 2228 XXXIII.
786 2161 820 2229 4.
835 2159 1046 2229 Nominatim
1062 2165 1116 2228 est
1131 2159 1209 2226 icus

51 2268 137 2336 vitae
147 2268 410 2354 intellectualis,
424 2269 511 2339 clux
525 2269 753 2338 illuminans»
768 2270 879 2360 primo
893 2271 1028 2362 quidem
1038 2268 1076 2337 in
1088 2269 1209 2337 ordine

50 2375 146 2444 ctiam
167 2375 337 2444 naturali:
348 2377 429 2467 ipse
446 2399 535 2446 ocor
549 2377 648 2446 dedit
662 2376 884 2466 excogitandi
899 2382 936 2445 et
951 2375 1085 2445 creavit
1099 2375 1207 2444 scien·
1334 2413 1336 2419 ·

51 2481 127 2550 tiam
149 2482 329 2574 spiritus»
351 2483 499 2553 Ecclesi.
523 2483 642 2570 XVII.
664 2487 697 2553 5.
723 2484 756 2553 6.
781 2484 913 2552 Deinde
935 2489 989 2551 est
1011 2483 1089 2550 ions
1111 2482 1208 2550 vitae

52 2587 291 2658 intellectualis
305 2588 343 2658 in
358 2591 478 2659 ordine
501 2591 775 2681 supernaturali;
790 2591 880 2683 quod
895 2589 986 2658 enim
1001 2589 1039 2656 in
1055 2587 1203 2672 oculum,

51 2693 84 2761 in
103 2717 231 2781 aurem,
250 2697 287 2766 in
302 2719 362 2766 cor
383 2697 545 2785 hominis,
562 2697 600 2768 in
622 2698 802 2768 scientiam
824 2698 988 2767 videlicet
1009 2697 1205 2766 naturalem

52 2823 110 2870 non
130 2803 298 2890 ascendit,
316 2804 381 2875 hcc
394 2833 410 2869 a
421 2806 595 2876 revelavit
616 2807 710 2875 Deus
725 2828 786 2896 per
802 2805 974 2896 Spiritum
997 2828 1110 2892 suum;
1127 2802 1204 2894 Spi-

52 2910 132 2981 ritus
145 2913 237 2981 enim
253 2913 366 2982 omnia
381 2921 574 2999 scrutetur,
593 2916 699 2984 etiam
712 2915 888 3006 profunda
902 2915 967 2983 Dei
980 2941 997 2978 n
1016 2914 1048 2982 l.
1064 2913 1140 2981 Cor.
1150 2911 1201 2982 H.

53 3015 80 3084 9.
91 3018 141 3087 10.
169 3049 186 3084 u
204 3019 360 3110 Spiritus
381 3021 520 3090 Domini
542 3027 598 3091 est
617 3021 773 3113 Spiritus
796 3023 987 3112 sapientiae
1010 3027 1046 3091 et
1068 3020 1203 3090 intelle·

54 3131 130 3210 ctus,
155 3126 312 3218 Spiritus
335 3128 473 3198 consilii
495 3135 532 3199 et
554 3129 788 3216 tortitudinis,
808 3129 963 3220 Spiritus
985 3128 1152 3199 scientiae
1168 3131 1205 3196 et

55 3231 181 3319 pietatis
198 3259 216 3296 r
232 3233 282 3302 Is.
299 3235 364 3304 XI.
375 3233 409 3304 2.
424 3235 491 3305 Est
512 3237 587 3327 ipse
610 3237 704 3306 solus
726 3238 937 3328 principium
961 3237 1111 3306 omnium
1134 3235 1203 3326 spi·

56 3337 225 3411 ritualium
247 3341 522 3431 charismatum,
547 3367 635 3436 quaa
658 3343 733 3415 sive
755 3345 799 3414 ed
821 3345 1039 3415 intellectum
1062 3345 1137 3414 sive
1158 3343 1203 3413 ad

57 3447 256 3518 voluntatem
278 3451 492 3522 referunturr
520 3452 635 3521 «haec
659 3459 775 3522 autem
798 3453 912 3520 omnia
935 3460 1098 3543 operatur
1113 3473 1204 3522 unus

57 3557 144 3646 auus
154 3556 243 3626 idem
256 3557 411 3648 Spiritus
425 3585 442 3622 r
457 3561 489 3628 1.
500 3559 578 3629 Cor.
588 3560 672 3629 XII.
682 3561 717 3629 4.
732 3584 821 3653 sqq.;
839 3559 1058 3630 «divisiones
1070 3559 1201 3650 gratia-

57 3681 119 3730 rnm
134 3671 225 3750 sunt,
243 3665 334 3734 idem
348 3673 465 3736 antem
480 3666 648 3758 Spiritus;
664 3695 681 3732 n
695 3676 731 3737 et
746 3669 783 3736 in
804 3669 920 3738 codem
936 3669 1073 3757 Spiritu
1097 3667 1203 3735 datur

58 3769 220 3858 rapientia,
245 3773 403 3860 scientia,
428 3775 581 3865 operatio
603 3775 788 3860 virtutum,
814 3775 1012 3865 prophetia,
1038 3771 1201 3843 discretio

58 3875 226 3962 spirituum
249 3879 281 3950 1.
297 3880 375 3950 Cor.
391 3881 417 3950 l.
433 3881 573 3951 aldem
595 3884 742 3975 denique
758 3881 915 3974 Spiritus
936 3881 1024 3972 ipsis
1046 3879 1120 3947 suis
1143 3877 1201 3946 do·

59 3979 104 4050 nis
128 3988 351 4058 transformat
379 3992 418 4058 in
446 3991 587 4060 eandem
620 3991 805 4081 imaginem
835 3989 983 4081 spiritus
1014 3991 1148 4056 creatos
1180 4005 1202 4053 a

61 4087 201 4165 aniate
222 4095 260 4165 in
282 4096 479 4168 claritatem
501 4097 784 4168 a.cor.111.18.
810 4098 872 4186 (1),
900 4104 940 4166 ut
954 4095 1110 4164 finaliter
1132 4114 1201 4162 non

112 4233 249 4314 (1)Ἤμιις
263 4247 289 4297 ia
301 4263 397 4305 παντες
409 4241 647 4319 ἅνακικαλυμμινῳ
659 4265 782 4317 προσωπῳ
796 4242 840 4320 (iu
850 4243 1029 4314 oppositione
1040 4239 1199 4296 cd1ndcao·

64 4331 113 4375 Μ
127 4334 248 4402 κσλυμμα
266 4345 295 4384 v.
308 4326 419 4401 itt-la.)
438 4352 483 4390 την
503 4332 580 4398 δοξαν
600 4351 684 4402 saproc
710 4330 943 4404 κατοπτριζομινοι
964 4327 1067 4400 (velut
1085 4331 1116 4382 ln
1136 4340 1197 4396 lpa-

65 4409 347 4487 muneremunere
370 4420 429 4488 ita,
449 4423 483 4475 ut
500 4419 591 4476 radiis
617 4421 823 4476 collustrantur
841 4421 916 4474 ocull
939 4423 969 4472 at
987 4421 1086 4472 vultus
1105 4416 1198 4472 nostrl

182 4527 336 4581 temate
1023 4527 1058 4582 24
