3292 5062
553 412 590 426 —
616 381 671 441 101
694 413 731 424 -

81 489 295 557 nominavero
318 495 356 556 et
378 487 642 574 descriptiones,
669 507 757 576 qnae
780 487 1023 575 proferuntur,
1042 507 1110 553 non
1135 484 1227 553 illud

80 597 132 664 sibi
150 595 244 678 velle,
270 595 362 685 quod
385 594 464 662 idea
486 593 563 682 ipsa
585 600 622 660 et
644 593 772 659 notitia
795 593 860 660 Dei
885 593 1020 660 animae
1041 601 1226 660 concreata

79 703 188 788 sit3sed
210 702 310 792 quod·
324 701 441 767 anima
463 699 649 768 rationalis
672 701 787 789 imago
810 701 875 768 Dei
899 701 943 768 ad
967 703 1076 768 Deum
1101 723 1224 788 cogno-

77 811 214 878 smndum
237 810 290 876 ita
313 810 410 877 facta
440 814 513 892 est,
539 815 581 875 ut
603 831 644 875 ex
675 808 804 875 insitae
828 808 1014 875 rationalis
1038 807 1223 876 facultatis

75 917 245 984 exsertione
268 914 501 983 indeliberata
524 921 629 1004 atque
653 913 707 980 ita
724 922 820 981 motu
837 914 993 981 naturali
1009 915 1053 983 ad
1070 914 1224 1004 aliquam

73 1025 125 1092 Dei
145 1025 372 1114 cognitionem
397 1021 591 1111 perveniat,
618 1043 705 1113 quae
729 1022 805 1090 ideo
829 1021 930 1090 velut
954 1025 1064 1088 insito
1088 1037 1120 1088 et
1152 1047 1224 1088 com

73 1147 179 1196 saturo
201 1146 355 1198 conserta
378 1152 446 1197 non
470 1130 609 1220 quidem
633 1130 820 1219 opponitur
844 1131 991 1198 notitiae
1015 1130 1225 1220 simpliciter

72 1239 244 1329 acquisitae
268 1238 329 1305 sed
353 1237 545 1327 cognition-i
570 1235 768 1319 excultiori,
795 1258 883 1326 quae
906 1237 1035 1304 studiis
1060 1237 1225 1304 meditate

72 1349 222 1436 susceptis
244 1345 450 1426 efflorescit,
467 1350 542 1413 tum
566 1344 783 1434 potissimum
806 1345 882 1428 illi,
909 1366 996 1436 quae
1018 1345 1225 1433 disciplinae

69 1463 100 1521 et
117 1453 326 1522 institutioni
350 1451 408 1520 vel
431 1451 603 1542 positivae
626 1451 835 1519 revelationi
863 1453 1019 1520 debetur.
1054 1453 1170 1533 Quare
1194 1453 1224 1518 si

70 1561 178 1628 notitia
199 1561 264 1628 Dei
288 1560 354 1629 illa
377 1560 498 1628 rudior
521 1567 558 1626 et
580 1559 763 1648 primitiva
786 1582 862 1628 oum
888 1561 952 1628 hac
975 1560 1088 1628 altera
1108 1561 1224 1629 subse·

70 1675 178 1758 quente
206 1675 242 1737 et
276 1667 485 1757 expolitiore
508 1669 710 1735 conferatur
725 1717 733 1751 ‚
749 1689 790 1734 ea
813 1667 1013 1734 immediata
1031 1669 1136 1734 etiam
1154 1668 1224 1735 dici
1320 1699 1328 1714 ·

70 1785 177 1864 potest,
202 1777 287 1846 licet
309 1776 511 1844 immediata
534 1799 601 1842 non
625 1777 674 1844 sit
696 1764 734 1844 e'o
759 1799 874 1859 sensu,
894 1778 984 1867 quod
1000 1777 1110 1844 Deum
1128 1777 1224 1843 nullo

69 1884 256 1975 interposito
281 1883 393 1953 medio
417 1905 675 1972 cognoscamus.
698 1885 907 1953 Huiusmodi
931 1885 1023 1952 enim
1046 1885 1223 1952 immedia-

69 1999 127 2059 tam
147 1993 379 2082 cognitionem
401 1992 466 2060 Dei
490 1993 527 2058 in
551 2015 587 2058 se
604 1992 677 2080 ipso
701 1999 737 2060 et
770 2015 811 2060 ex
843 2017 879 2060 se
909 1994 984 2081 ipso
1017 1992 1079 2060 SS.
1101 1993 1225 2061 Patres

68 2107 98 2167 et
116 2109 243 2168 veteres
266 2099 433 2166 Doctores
456 2106 595 2187 praeter
619 2098 786 2167 visionem
807 2100 1000 2168 beatificam
1016 2100 1149 2167 nullam
1166 2123 1223 2168 no-

70 2217 190 2291 verunt,
209 2231 280 2300 qua
294 2209 336 2276 do
359 2229 396 2275 re
419 2207 456 2274 in
480 2207 703 2299 sequentibus
728 2209 864 2276 dicendi
889 2209 1003 2279 adhue
1026 2209 1123 2278 loous
1140 2211 1221 2278 erit.

67 2315 150 2385 llunc
171 2339 247 2384 eam
273 2337 375 2406 quarn
392 2315 661 2398 declaravimus,
681 2316 891 2404 cognitionis
911 2319 1039 2384 insitae
1055 2318 1223 2407 originem
1241 2397 1244 2406 ,

68 2424 261 2492 aPatribus
284 2422 400 2490 doceri
423 2421 729 2490 demonstrandum
752 2430 817 2491 est.

122 2532 162 2599 1⁰.
181 2531 357 2599 Statuunt
379 2529 552 2619 imprimis
574 2529 698 2598 Patres
721 2529 776 2597 illi
792 2530 873 2620 ipsi,
892 2531 952 2622 qui
971 2532 1012 2600 de
1028 2534 1224 2622 cognitione

67 2638 118 2706 Ilei
137 2639 246 2706 insita
269 2638 474 2729 loquuntur,
500 2637 712 2727 principium
736 2637 910 2727 generale,
935 2640 1084 2708 animam
1105 2665 1223 2732 quam·

67 2743 114 2812 diu
134 2770 209 2815 oum
233 2745 299 2814 boo
323 2767 465 2833 corpore
489 2743 627 2811 mortali
651 2767 756 2812 unam
779 2753 942 2813 naturam
966 2747 1140 2835 componit
1155 2770 1222 2814 non

66 2853 120 2920 nisi
134 2876 153 2919 a
167 2851 370 2942 cognitione
393 2851 612 2920 sensibilium
635 2853 799 2941 progredi
816 2853 973 2943 possead
990 2854 1223 2942 cognitionem

66 2959 342 3030 intellectualium
366 2963 403 3027 et
425 2959 628 3026 nominatim
652 2960 717 3028 Dei
740 2960 853 3050 ipsius
876 2961 947 3046 ita,
975 2971 1015 3028 ut
1042 2961 1106 3029 illa
1140 2961 1223 3031 huio

66 3067 240 3134 necessario
264 3073 494 3154 supponatur,
513 3065 648 3134 ethaeo
671 3065 730 3132 illi
752 3073 928 3158 tamquam
952 3068 1089 3135 cuidam
1106 3088 1222 3138 ascen-

68 3173 156 3241 sionis
179 3172 311 3262 gradui
334 3169 489 3256 insistat,
509 3195 598 3262 quae
621 3173 728 3240 verba
751 3184 834 3242 sunt
856 3174 1043 3244 Clementis
1070 3176 1222 3245 Alexan·

67 3279 143 3349 drini
158 3283 220 3368 (1).
239 3281 338 3349 Inter
356 3281 422 3348 PP.
443 3303 529 3370 quos
554 3288 713 3350 auctores
737 3281 837 3348 citati
860 3283 1104 3368 'Phomasinus,
1119 3285 1219 3371 Klee,

68 3386 294 3458 Staudenmair
316 3387 524 3456 adtulerunt
558 3387 658 3456 velut
688 3387 905 3457 indubitatos
937 3390 1091 3460 vindices
1125 3393 1222 3462 ideae

67 3501 93 3561 et
111 3495 319 3586 cognitionis
343 3495 409 3564 Dei
433 3495 606 3563 mentibus
630 3495 792 3564 humanis
809 3507 1021 3582 concreatae,
1042 3499 1222 3588 vixpauci

68 3613 145 3687 sunt,
163 3605 221 3696 qui
237 3627 314 3673 eam
338 3627 441 3696 quam
463 3603 698 3672 indicavimus
714 3603 886 3674 humanae
904 3607 1114 3696 cognitionis
1127 3606 1222 3675 theo·

68 3711 138 3778 riam
154 3713 295 3781 disertis
314 3713 431 3782 verbis
443 3735 511 3779 non
525 3711 915 3782 tradiderinttClemens
929 3709 1219 3783 Alex.Strom.lI.

69 3817 173 3905 patr
189 3819 341 3887 Tertull.
361 3819 402 3886 de
418 3819 533 3886 anima
549 3819 647 3906 0.18;
664 3819 807 3907 Origen.
826 3829 936 3888 oontr.
948 3819 1084 3888 Celsum
1096 3821 1121 3888 l.
1136 3821 1219 3890 VII.

68 3945 95 3990 n.
108 3926 160 4012 aa
178 3928 218 3996 de
235 3927 420 4017 principiis
435 3926 460 3993 l.
476 3926 540 3994 IV.
557 3949 592 3994 n.
608 3927 664 4014 373
682 3927 859 3996 Athamas.
879 3935 989 3997 contr.
1010 3935 1105 4018 gent.
1117 3951 1152 3996 n.
1164 3929 1217 3996 35.

70 4034 125 4116 (oui
141 4035 335 4102 conferendi
352 4033 512 4122 Cyrillus
523 4034 626 4103 Alex.
646 4035 806 4104 thesaur.
825 4045 949 4104 essert.
968 4035 1123 4105 31.T.V.
1137 4036 1217 4104 P.1.

70 4158 95 4222 p.
108 4141 180 4210 aet.
198 4143 276 4230 2675
295 4143 531 4210 Damascenus
547 4143 589 4211 de
605 4142 664 4211 fid.
683 4144 820 4212 orthod.
836 4143 860 4210 l.
878 4143 908 4211 1.
928 4166 957 4210 o.
976 4144 1010 4229 43
1030 4143 1221 4233 Dionysius

117 4283 157 4359 (l)
170 4289 201 4342 'll
221 4309 267 4356 μεν
291 4285 421 4348 drobnan
443 4285 581 4358 ι’πιβαθρα
604 4309 650 4349 της
670 4287 821 4357 inempta<
846 4287 999 4342 Strom.II.
1020 4287 1123 4355 peta.
1143 4287 1221 4340 Idem

71 4378 192 4440 expressit
208 4379 331 4432 tertull.
348 4376 382 4431 ds
401 4377 499 4432 anius
516 4392 540 4432 e.
551 4379 600 4432 te:
616 4397 628 4426 ι
642 4375 758 4432 videtur
778 4377 947 4430 intellectus
962 4375 1030 4431 duco
1044 4377 1088 4430 uti
1101 4391 1219 4431 seusu...

72 4467 94 4515 et
107 4469 252 4538 principali
271 4467 469 4522 laudamento.
483 4489 495 4517 ω
