3224 5068
525 395 563 406 -
585 361 645 422 321
672 393 708 405 -

45 476 178 562 possunt
192 471 283 540 alias
298 471 370 539 dici
387 471 493 540 etiam
513 491 582 536 uon
602 470 746 536 bona...
767 466 797 535 si
813 465 887 534 illis
903 463 1073 534 detractis
1088 468 1208 553 potue-

44 580 86 646 ris
113 579 375 669 perseipsum
407 576 603 668 perspicere
634 577 777 660 bouum,
803 574 1023 664 perspexeris
1053 573 1206 640 Deum...

44 690 124 757 llaec
146 693 203 756 est
232 687 364 756 veritas
380 691 417 754 et
440 685 587 774 simplex
604 686 741 770 bonum,
760 706 829 752 non
845 683 936 752 enim
952 688 1007 751 est
1022 681 1122 750 aliud
1144 680 1207 748 ali-

42 797 114 886 quid
129 816 235 886 quam
249 795 365 886 ipsum
389 795 527 878 bonum,
547 814 588 862 ac
602 815 663 883 per
680 793 744 861 hoc
760 793 865 860 etiam
882 812 1051 860 summum
1069 791 1206 857 bonum.

42 903 107 972 Non
122 903 216 972 euim
232 903 344 972 minui
359 903 418 971 vel
434 903 559 992 augeri
577 903 704 971 bonum
726 906 862 991 potest,
880 900 951 968 nisi
966 899 1057 991 quod
1073 921 1115 966 ex
1138 897 1208 965 alio

43 1015 116 1079 bono
132 1013 259 1080 bonum
274 1018 341 1080 est.
354 1011 413 1078 Ad
427 1010 493 1078 hoo
509 1033 545 1078 se
561 1010 676 1099 igitur
691 1009 827 1077 animus
840 1007 1025 1092 convertit,
1040 1012 1081 1076 ut
1099 1009 1208 1076 bonus

43 1121 91 1206 sit,
108 1143 216 1213 aquo
239 1121 346 1188 habet
368 1125 410 1188 ut
433 1119 570 1187 animus
594 1117 690 1187 sis.»

98 1230 143 1296 2⁰.
170 1227 434 1298 Consideranda
467 1233 522 1296 est
555 1227 693 1295 bonitas
727 1225 765 1294 in
796 1225 916 1291 ordine
947 1224 1085 1307 morali,
1122 1245 1209 1315 quae

42 1339 160 1408 dicitur
183 1337 371 1421 sanctitas,
397 1343 433 1404 et
455 1336 642 1405 secundum
666 1357 768 1426 quam
802 1337 983 1402 creaturae
1015 1331 1207 1401 rationales

43 1446 250 1534 potissimum
274 1445 382 1512 bonae
398 1441 585 1527 dicuntur,
605 1443 689 1534 quia
703 1441 770 1510 hac
786 1440 861 1508 sola
875 1439 944 1508 rita
971 1439 1207 1530 disponuntur

43 1553 78 1619 ad
97 1553 219 1636 finem,
246 1552 284 1618 in
308 1550 409 1620 cuius
436 1549 672 1633 assecutione,
698 1554 738 1616 ut
762 1547 934 1632 diximus,
961 1551 1015 1615 est
1044 1546 1206 1614 ultimum

42 1661 193 1729 bonitatis
227 1659 526 1750 complementum.
545 1658 613 1726 Est
635 1662 752 1725 autem
776 1655 949 1725 sanctitas
973 1655 1010 1723 in
1035 1653 1207 1724 creaturis

43 1771 184 1858 nepae-ive
211 1768 416 1837 immunitas
431 1789 452 1834 a
466 1771 626 1858 peccato,
654 1766 729 1834 sive
752 1766 796 1834 ab
818 1763 1076 1833 inordinatione
1092 1762 1206 1852 alege

44 1883 168 1944 aeterna
182 1875 222 1943 iu
240 1874 420 1943 habitibus
443 1881 480 1942 et
494 1874 642 1960 actibus,
662 1879 698 1940 et
720 1873 872 1962 positive
894 1875 949 1941 est
970 1869 1155 1940 habituum
1172 1878 1209 1940 et

44 1990 166 2052 actuum
207 1982 439 2054 conformatio
469 1986 505 2050 et
536 1980 824 2050 commensuratio
855 1980 900 2048 ad
931 1979 1042 2070 ipsam
1073 2002 1206 2048 morum

45 2090 197 2177 regulam,
226 2111 315 2180 quae
339 2087 567 2156 conformatio
590 2087 717 2154 ultimo
740 2084 924 2175 perficitur
947 2107 1062 2160 amore
1089 2086 1156 2156 Dei
1170 2093 1207 2156 ct

44 2197 270 2266 coniunctione
294 2219 373 2266 cum
395 2197 467 2264 Deo
491 2195 615 2263 ultimo
637 2195 718 2262 fine.
737 2193 841 2263 Sicut
871 2193 962 2261 enim
989 2194 1047 2262 lex
1078 2195 1206 2263 amoris
1320 2271 1323 2278 ,

45 2311 85 2370 est
103 2305 293 2372 maximum
320 2302 535 2386 mandatum,
552 2323 574 2367 a
590 2324 658 2392 quo
673 2299 800 2390 pendet
815 2305 851 2368 et
865 2300 910 2368 ad
926 2300 1018 2392 quod
1034 2300 1206 2391 dirigitur

45 2411 192 2480 universa
215 2410 288 2480 lex:
307 2410 360 2479 ita
376 2409 420 2477 ad
436 2409 529 2477 hunc
551 2430 700 2477 amorem
724 2407 818 2476 etad
834 2407 1112 2478 coniunctionem
1128 2409 1205 2479 c'um

46 2519 100 2585 lieo
114 2543 173 2610 per
189 2541 228 2589 se
244 2518 430 2587 ordinatur
454 2517 565 2585 omnis
595 2515 823 2586 conformatio
840 2515 885 2584 ad
899 2515 1011 2605 legem
1033 2518 1111 2587 Dei.
1130 2520 1204 2588 Iam
1280 2555 1283 2564 ·

47 2649 110 2694 vero
124 2628 201 2719 ipsa
218 2625 376 2696 essentia
389 2625 511 2694 divina
530 2624 624 2694 sicut
640 2623 750 2692 omnis
767 2622 912 2708 ordinis,
927 2624 980 2692 ita
991 2625 1096 2694 etiam
1113 2629 1204 2698 ordi·

46 2735 88 2801 nis
109 2734 251 2804 moralis
279 2733 543 2802 fundamentum
560 2737 624 2819 est;
643 2736 681 2799 et
703 2731 820 2800 eadem
844 2732 1007 2816 essentia,
1033 2739 1205 2823 quatenus

47 2847 87 2908 est
106 2843 308 2911 intellectus
331 2845 367 2908 et
390 2841 573 2925 voluutas,
599 2845 654 2908 est
680 2837 892 2930 principium
922 2838 1013 2928 legis
1044 2846 1205 2912 aeternae

46 2951 264 3018 essentialiter
286 2953 434 3032 rectum,
452 2956 488 3016 et
503 2969 666 3016 mensura
683 2945 793 3014 omnis
806 2944 949 3014 moralis
964 2946 1201 3018 rectitudinis.

47 3054 116 3124 llam
127 3054 374 3126 rectitudinem
387 3053 693 3138 fundamentalem,
707 3074 794 3144 quae
806 3058 861 3122 est
872 3053 949 3143 ipsa
962 3075 1025 3122 sua
1037 3057 1200 3144 essentia,

47 3161 121 3231 Beue
141 3163 283 3232 infinite
298 3169 393 3230 amat
409 3184 523 3230 amore
540 3161 748 3247 neceesario;
767 3161 858 3228 idem
875 3182 959 3229 vero
975 3167 1075 3232 actus
1091 3187 1204 3233 essen·

48 3269 160 3340 sialiter
182 3276 303 3340 rectus
326 3293 392 3362 quo
417 3291 515 3338 suam
531 3274 626 3337 amat
641 3268 888 3336 rectitudinem
905 3270 1137 3356 essentialem,
1159 3274 1204 3342 ad

48 3383 129 3444 extra
142 3379 259 3447 fertur
275 3377 313 3444 in
329 3382 509 3445 creaturas
526 3381 568 3443 ut
582 3375 639 3444 lex
659 3383 696 3443 et
707 3395 826 3445 norma
838 3374 1064 3445 rectitudinis
1075 3379 1203 3467 partim

47 3487 222 3554 necesaria
236 3484 367 3575 partim
383 3484 506 3552 libera.
526 3483 581 3550 Ex
608 3505 676 3574 quo
693 3482 746 3566 fit,
765 3487 807 3550 ut
823 3481 934 3550 omnis
950 3483 1073 3556 divina
1088 3485 1204 3576 dispo-

48 3589 113 3659 sitio
132 3594 174 3662 ad
196 3600 300 3663 extra
323 3593 372 3662 sit
394 3591 630 3662 essentialiter
653 3597 763 3679 recta;
790 3599 930 3684 tamque
956 3601 1144 3683 repugnat,
1163 3602 1204 3666 ut

49 3698 108 3766 sive
127 3699 180 3768 lex
203 3701 280 3770 sive
303 3722 390 3789 opus
411 3699 477 3768 Dei
507 3699 552 3768 ad
574 3704 676 3768 extre
697 3720 766 3765 non
788 3698 889 3788 plene
914 3701 1121 3790 respoudeat
1151 3724 1203 3771 es-

51 3807 168 3875 sentiali
181 3805 404 3891 rectitudini,
424 3826 526 3898 quam
543 3812 738 3898 repugnat,
754 3811 796 3874 ut
807 3813 908 3875 actus
921 3807 994 3897 ipse
1006 3808 1203 3878 essentiali·

49 3917 91 3978 ter
110 3922 220 3984 rectus
243 3921 281 3985 et
302 3936 424 3983 norma
446 3914 557 3982 omnis
580 3914 806 3984 rectitudinis
824 3915 963 3985 desinat
978 3938 1052 3984 esse
1069 3922 1199 3986 rectus.

54 4019 158 4090 oileus
179 4023 216 4090 in
240 4027 362 4091 sancto
385 4021 446 4090 via
468 4027 550 4106 tua,
578 4022 657 4113 quis
687 4022 782 4091 Deus
813 4045 962 4112 magnus
992 4023 1086 4093 sicut
1107 4025 1203 4094 Deus

52 4129 169 4196 noster?
185 4156 202 4193 r
220 4128 316 4198 Psal.
335 4128 499 4198 LXXVI.
520 4128 575 4197 14.
597 4158 613 4194 a
632 4131 753 4199 Iustus
783 4131 952 4199 Dominus
976 4129 1015 4198 in
1043 4131 1204 4200 omnibus

55 4229 107 4298 viis
132 4235 242 4304 suisa
276 4237 335 4305 Pe.
361 4233 518 4306 CXLIV.
545 4235 600 4305 17.
631 4265 646 4301 o
674 4237 841 4308 Sanctum
871 4235 1053 4307 brachium
1085 4237 1197 4316 eius»

54 4334 99 4404 Pe.
108 4339 241 4414 XCVII.
257 4344 290 4414 1.
307 4371 323 4408 n
339 4343 469 4413 Sancta
484 4343 554 4430 lex,
570 4349 606 4413 et
622 4347 822 4416 mandatum
838 4349 1000 4415 sanctum
1015 4352 1052 4415 et
1069 4345 1202 4416 iustum

57 4448 84 4510 et
96 4447 203 4520 bonum
217 4481 234 4516 n
253 4451 440 4522 Romvss.
458 4451 514 4520 12·
536 4452 721 4524 «Sanctum
739 4476 861 4523 nomen
876 4453 980 4523 eiuso
998 4454 1085 4523 Luc.
1096 4453 1126 4524 I.
1141 4453 1198 4522 49.

171 4580 324 4634 romaric
1024 4581 1057 4633 21
