3360 5060
932 382 970 396 -
995 350 1057 412 030
1076 381 1115 396 ..

435 457 520 527 licet
543 462 690 542 reatum,
716 456 864 524 alteram
887 455 1020 524 diserte
1043 455 1189 540 indicat,
1215 455 1299 548 quia
1321 457 1416 526 Deus
1433 455 1533 524 etiam
1547 480 1593 524 vo

435 564 573 634 lentate
597 571 826 654 consequente
857 587 925 632 non
957 563 1151 632 miserendo
1181 570 1218 632 et
1241 563 1416 653 puniendo
1442 571 1548 654 potest
1566 587 1595 631 se
1669 625 1670 634 ,

435 671 646 760 glorificare.
673 670 857 741 Conclusio
880 679 945 740 ast:
967 701 983 734 ιι
1002 695 1086 762 ergo
1109 673 1212 740 ouius
1228 672 1310 740 vult
1324 671 1555 757 (immerentis
1568 679 1596 738 et

435 778 526 846 citra
544 779 721 864 debitum)
739 778 937 862 miseretur,
952 787 988 846 et
1006 801 1105 869 quem
1123 778 1204 848 vult
1220 785 1281 864 (eo
1297 779 1374 868 ipso
1390 779 1484 870 quod
1499 801 1597 845 omnes

435 893 519 954 sunt
542 886 682 975 indigni
707 885 972 973 misericordia),
999 885 1179 954 induratu
1164 891 1285 972 n(non
1302 885 1533 976 impertiendo
1547 885 1597 952 mi-

434 993 681 1080 sericordiam)
698 1017 731 1061 v.
753 993 807 1060 18.

500 1101 595 1169 Haec
619 1100 774 1170 sufficere
800 1109 948 1191 possunt
970 1101 1015 1170 ad
1031 1123 1169 1170 sensnm
1188 1101 1322 1170 hnius'
1312 1102 1470 1170 uncisiv.
1485 1102 1536 1169 17.
1551 1101 1596 1168 18

434 1209 631 1276 summatim
656 1208 943 1298 intelligendum
971 1209 1094 1276 insunt
1117 1215 1233 1278 tamen
1250 1208 1442 1300 phrasibus
1463 1207 1599 1297 singulis
1670 1199 1671 1214 ¹

433 1315 658 1386 difficultates
682 1316 843 1406 propriae
868 1316 981 1386 adhuc
1004 1315 1264 1386 dilucidandae.
1295 1318 1426 1384 Verba:
1450 1347 1467 1381 ι
1492 1316 1526 1383 ἱιι
1548 1315 1599 1383 hoc

433 1423 548 1512 ipsum
571 1424 725 1494 excitavi
750 1431 796 1508 te,
824 1435 865 1492 ut
883 1451 898 1485 ι
917 1433 984 1494 etc.
999 1423 1111 1492 Exod.
1127 1425 1191 1492 lx.
1209 1424 1262 1493 16.
1278 1425 1315 1492 in
1331 1433 1438 1494 textu
1454 1425 1600 1494 hebraico

433 1531 487 1600 ita
510 1538 605 1601 sunt:
628 1561 643 1595 ιι
663 1539 805 1620 propter
828 1531 893 1600 hoc
917 1531 1086 1599 constitui
1103 1537 1138 1600 te
1155 1533 1288 1622 (Vulg.
1307 1533 1410 1623 posui
1428 1537 1502 1616 te),
1521 1539 1597 1599 otte

434 1639 558 1708 faciam
584 1639 764 1708 ostendere
789 1639 895 1707 robur
919 1661 1029 1707 meum
1050 1666 1065 1700 ι
1085 1647 1148 1725 (ut
1172 1639 1299 1708 faciam
1323 1649 1358 1708 te
1382 1639 1600 1710 ostensionem

432 1745 613 1814 stolarum
630 1754 876 1836 argumentum
888 1746 1022 1814 roboris
1038 1747 1121 1831 mei)
1131 1747 1193 1834 (1).
1210 1749 1261 1816 De
1274 1771 1380 1816 sensu
1396 1747 1601 1816 hninsverbi

433 1852 469 1920 in
494 1852 662 1921 citatione
685 1853 848 1944 Apostoli
867 1883 882 1918 ιι
902 1857 1053 1921 anicani
1078 1869 1109 1920 ts
1126 1881 1142 1916 ιι
1161 1855 1255 1945 apud
1280 1854 1344 1924 SS.
1364 1854 1437 1922 PP.
1456 1863 1493 1924 et
1509 1853 1602 1922 inter·

433 1964 547 2050 pretes
571 1961 729 2029 diversae
756 1971 841 2030 sunt
857 1961 1063 2030 sententiae,
1082 1962 1170 2030 Nam
1187 1961 1264 2030 alii.
1286 1991 1301 2026 ι
1321 1963 1498 2032 constitui
1513 1970 1546 2030 te
1560 1983 1599 2027 re

434 2091 556 2156 gem,n
541 2067 641 2136 salii
659 2097 675 2134 ιι
695 2069 838 2138 servavi
862 2069 923 2138 tc'
913 2091 951 2136 nn
968 2068 1056 2153 vita,
1078 2067 1600 2152 nalii,utPraadest1natram

432 2185 525 2246 certe
548 2177 650 2244 falso:
672 2179 826 2246 «creavi
850 2188 896 2262 te,
917 2205 934 2240 ι
952 2177 1017 2246 alii
1039 2177 1145 2246 aliter
1176 2179 1476 2268 interpretantur.
1509 2175 1600 2246 Nobis

433 2283 640 2373 simpliciter
663 2285 863 2374 significari
888 2285 1042 2406 videtur,
1057 2285 1197 2354 Deum
1186 2305 1300 2374 ipsum
1316 2284 1360 2352 ad
1377 2285 1446 2354 hoc
1465 2284 1598 2352 Pharao
1672 2261 1673 2284 Χ

431 2413 509 2458 nom
532 2391 689 2481 posuisse
712 2399 748 2460 et
770 2391 1013 2481 assumpsisse,
1040 2397 1081 2459 ut
1104 2391 1223 2481 poenis
1248 2414 1308 2480 per
1332 2391 1502 2482 prodigia
1527 2389 1598 2458 mol·

431 2498 595 2589 tiplicata
626 2499 659 2568 ei
687 2499 836 2569 inflictis
868 2499 1125 2568 demonstraret
1154 2499 1341 2568 universae
1372 2505 1494 2568 terrae
1517 2519 1598 2566 suam

432 2607 715 2697 omnipotentiam
746 2617 781 2676 et
811 2607 1028 2697 singularem
1057 2607 1306 2696 protectionem
1329 2629 1418 2696 erga
1451 2605 1597 2698 populum

431 2713 554 2784 lsrael.
581 2715 632 2782 At
655 2713 871 2783 constitutus
895 2719 949 2782 est
972 2713 1108 2780 Pharao
1132 2713 1177 2782 ad
1193 2713 1298 2782 talem
1316 2712 1464 2782 divinae
1481 2711 1598 2802 gloriae

431 2821 749 2892 manifestationem
774 2820 872 2888 nullo
897 2821 995 2890 modo
1013 2819 1196 2888 voluntate
1212 2821 1277 2888 Dei
1294 2821 1533 2904 antecedente,
1549 2817 1598 2888 sed

432 2927 614 2997 voluntate
638 2935 869 3020 consequente
894 2927 1086 3017 suppositis
1110 2927 1186 2996 eins
1211 2927 1363 3016 peccatis
1379 2935 1417 2996 et
1433 2925 1597 2996 libersin-

430 3036 614 3106 dunatione
637 3058 677 3104 ac
702 3035 901 3126 pervicacia
923 3043 1047 3104 contra
1070 3037 1192 3104 Deum.

495 3144 569 3213 Hoc
592 3143 732 3213 collatis
759 3144 962 3234 praesertim
992 3143 1165 3232 capitibus
1180 3143 1245 3210 XI.
1260 3143 1344 3210 XII.
1359 3143 1448 3212 libri
1469 3141 1597 3232 Sapien-

429 3253 501 3321 tiae
524 3253 626 3342 plane
650 3252 794 3320 evidens
817 3259 871 3319 est
894 3273 935 3320 ex
959 3251 1036 3340 ipsa
1060 3249 1221 3334 historia,
1247 3257 1289 3319 ut
1312 3250 1348 3316 in
1372 3250 1467 3318 libro
1497 3247 1597 3317 Exodi

430 3358 655 3444 describitur,
681 3381 724 3428 ne
748 3359 789 3426 de
812 3358 948 3449 reliqna
972 3357 1053 3428 fidei
1077 3357 1241 3448 analogia
1265 3356 1458 3449 quidquam
1482 3357 1593 3425 dicam.

429 3466 523 3536 Deus
546 3489 607 3557 per
630 3465 766 3556 legatos
790 3489 871 3536 suos
887 3465 1032 3556 Moysen
1048 3473 1084 3534 et
1099 3468 1219 3533 Aaron
1235 3465 1434 3534 missionem
1451 3464 1594 3533 divinam

430 3572 614 3642 manifesto
637 3572 915 3642 demonstrantes
939 3573 1107 3642 hortetur
1129 3594 1245 3662 regom
1268 3595 1309 3642 ac
1331 3572 1450 3656 iubet,
1486 3579 1525 3640 ut
1552 3569 1593 3636 di·

429 3683 549 3751 mittat
564 3681 729 3772 populum
747 3681 880 3768 Israel;
899 3681 965 3751 Dei
981 3680 1183 3749 mandatum
1200 3679 1413 3748 comitantur
1430 3677 1590 3772 prodigis,

428 3811 515 3882 quac
539 3788 688 3878 primum
711 3789 802 3858 nihil
826 3811 955 3880 poenae
978 3789 1170 3873 continent,
1194 3787 1318 3857 deinde
1341 3809 1427 3856 vero
1450 3785 1591 3854 evadunt

428 3899 464 3968 in
477 3897 553 3968 dies
565 3896 743 3985 graviora.
761 3897 953 3968 Adiutoria
964 3897 1116 3980 interna,
1132 3915 1219 3987 quae
1231 3895 1482 3986 responderent
1492 3898 1590 3962 exter·

491 4125 534 4203 ‘¹’
560 4103 668 4223 aab
702 4118 848 4226 'naun
874 4129 1012 4222 noum
1042 4126 1160 4226 aare
1186 4125 1366 4216 nunus
1390 4115 1465 4188 sn
1482 4119 1586 4212 uus

1161 4229 1386 4348 uitales
1417 4241 1494 4346 ’uu
1522 4251 1585 4329 us

426 4379 529 4430 Graeco
545 4379 634 4432 LXX.
653 4383 819 4430 vorarunt:
836 4377 917 4430 ἑιειιιι
931 4395 1024 4429 τουτου
1039 4371 1203 4446 transponam,
1216 4381 1332 4442 propter
1344 4373 1396 4428 hoc
1409 4379 1534 4453 seneen
1549 4386 1581 4432 ss,

427 4471 460 4518 ut
477 4471 531 4520 etc.
