3262 5076
910 413 948 429 ..
969 381 1030 444 542
1051 413 1088 428 ..

415 487 459 557 ed
482 487 633 578 gloriam
655 486 815 558 absolute
845 488 1069 558 antecedente
1099 485 1357 578 praevisionem
1388 484 1597 557 meritorum

415 595 612 666 necessario
635 617 790 665 oonnexa
813 603 879 665 est.

480 703 511 772 I.
539 702 709 792 Theologi
726 703 787 796 qui
802 703 1156 795 praedestinationem
1172 705 1217 774 ed
1234 704 1386 795 gloriam
1411 726 1476 772 eeu
1499 703 1598 770 abes

415 810 531 880 lutum
555 809 732 880 deeretum
755 812 794 879 in
817 815 930 880 mente
952 811 1077 882 divina
1099 811 1303 883 conferendi
1325 809 1470 900 angelis
1486 810 1599 880 etha

414 918 567 987 minibus
590 917 739 1008 gloriam
769 925 947 988 aeternam
978 926 1107 1010 putant
1129 943 1203 990 esse
1227 919 1432 990 voluntatis
1460 925 1598 988 antaee

416 1025 531 1094 dentis
547 1048 678 1094 omnem
692 1024 945 1117 praevisionem
957 1026 1147 1096 liberorum
1163 1027 1380 1112 meritorum,
1395 1047 1600 1108 non,omnee

415 1133 532 1202 eodem
555 1133 654 1202 modo
678 1133 768 1202 hano
795 1154 892 1201 suem
924 1134 1133 1204 sententiam
1162 1135 1408 1226 explicantes
1432 1139 1597 1202 tuentur.

487 1239 534 1308 1⁰.
560 1239 653 1310 Sunt
674 1240 769 1310 inter
790 1263 848 1310 eos
869 1241 1001 1331 plures,
1028 1243 1090 1334 qui
1116 1243 1211 1312 siout
1236 1242 1599 1333 praedestinationem

416 1346 621 1437 angelorum
651 1351 733 1418 ante
763 1348 1016 1437 praevisionem
1048 1350 1129 1419 honi
1153 1355 1217 1420 eut
1238 1349 1324 1418 muli
1346 1372 1435 1418 usus
1462 1349 1599 1417 liberae

415 1451 631 1538 voluntatis,
657 1453 709 1522 ita
731 1453 1082 1543 praedestinationem
1107 1455 1284 1524 hominum
1307 1456 1472 1525 absoluta
1501 1465 1597 1522 ante

415 1561 594 1645 sedenter,
627 1565 663 1630 st
685 1561 957 1652 independenter
979 1584 1001 1629 a
1024 1565 1244 1653 praevisione
1268 1565 1419 1632 omnium
1445 1571 1597 1633 actuum

414 1675 620 1753 aneatorum,
645 1668 753 1736 etiem
775 1667 888 1758 ipsius
906 1673 1041 1758 peccati
1064 1671 1255 1761 originalia
1281 1672 1411 1740 lautam
1435 1693 1482 1740 aa
1507 1693 1597 1740 oom-

414 1775 543 1867 pletam
565 1797 639 1844 esse
662 1776 895 1845 arbitrantur.
916 1776 955 1846 Si
970 1777 1153 1870 loquamur
1169 1802 1263 1849 nuno
1285 1779 1328 1848 de
1351 1779 1597 1870 praedestine-

414 1883 509 1952 tione
532 1881 709 1952 hominum
732 1884 984 1970 tantummodo,
1003 1885 1132 1955 omissa
1146 1887 1468 1978 praedestinatione
1490 1908 1597 1976 enge

412 1991 526 2060 lorum
548 1990 729 2083 ipsiusque
752 1990 887 2060 Christi
910 1991 1073 2077 hominis,
1092 1994 1134 2062 da
1150 1994 1252 2064 onius
1268 1993 1388 2063 ordine
1403 1993 1471 2062 elii
1487 1994 1596 2063 aliter

414 2099 592 2192 sentiunt5
619 2099 677 2168 illi
700 2097 856 2190 theologi
879 2101 1041 2170 nonnulli
1063 2101 1159 2172 hune
1182 2107 1347 2171 statuunt
1373 2103 1594 2172 decretorum

413 2206 613 2276 divinorum
643 2207 811 2276 ordinem.
845 2211 881 2294 a)
911 2207 1051 2278 Primus
1081 2214 1184 2278 aetus
1214 2209 1412 2280 voluntatis
1445 2210 1593 2280 divinae

414 2313 509 2383 eirea
524 2313 712 2382 salvandos
735 2312 891 2384 homines
914 2319 993 2384 erat
1014 2314 1177 2400 dileetio,
1203 2338 1274 2408 qna
1295 2316 1391 2385 Dens
1413 2315 1539 2385 voluit
1560 2325 1593 2385 et

412 2421 565 2490 intendit
588 2421 664 2492 illis
694 2421 778 2492 dere
809 2421 959 2512 gloriam
987 2423 1170 2494 voluntate
1199 2424 1361 2493 absoluta
1382 2429 1420 2493 et
1441 2423 1589 2494 effioaei.

415 2529 448 2617 b)
471 2529 567 2599 Deus
590 2529 654 2598 illo
676 2529 836 2619 gratuito
859 2537 896 2598 at
917 2531 1077 2600 absoluto
1097 2531 1235 2601 deereto
1257 2555 1327 2600 non
1349 2538 1493 2601 tantum
1517 2531 1588 2622 glo

413 2637 502 2707 riam
526 2637 706 2708 indefinite
729 2638 804 2707 suis
827 2637 950 2707 electis
973 2638 1101 2726 voluit;
1120 2640 1179 2709 sed
1195 2639 1295 2708 illam
1309 2641 1415 2710 etiam
1432 2641 1588 2732 singulis

412 2745 449 2812 in
471 2745 586 2834 gradu
602 2749 698 2813 certo
721 2765 762 2813 eo
785 2743 929 2814 definito
951 2746 1189 2835 praeparavit,
1206 2747 1323 2816 eodem
1339 2754 1422 2816 aotn
1437 2753 1475 2816 et
1491 2748 1586 2816 modo

412 2851 664 2942 praeordinans
691 2850 791 2919 illem
820 2851 1025 2921 varietatem
1048 2853 1285 2940 mensionum,
1311 2877 1398 2947 quas
1421 2854 1585 2924 Christus

412 2959 507 3028 dixit
529 2979 603 3028 esse
627 2959 664 3027 in
687 2981 795 3049 regno
817 2958 936 3028 Patris
959 2959 1028 3028 sui:
1053 2981 1132 3029 nem
1156 2968 1233 3030 tota
1248 2961 1313 3030 illa
1330 2963 1461 3032 eivites
1475 2963 1583 3034 electe

411 3075 476 3152 est,
502 3073 545 3136 ut
566 3074 659 3138 esset
680 3089 751 3134 una
774 3089 902 3157 sponse
923 3067 1072 3153 Christi,
1095 3091 1184 3160 quae
1207 3077 1328 3160 postea
1349 3092 1412 3160 per
1434 3073 1583 3160 gratiam

412 3176 467 3245 ita
490 3181 700 3267 praeparata
721 3181 776 3244 est
798 3175 893 3244 siout
915 3175 987 3246 luit
1008 3175 1143 3261 oleata,
1175 3183 1298 3268 estque
1321 3177 1385 3247 hoo
1408 3187 1581 3249 consenta-

411 3306 512 3354 neum
533 3282 739 3374 perfectioni
755 3282 856 3352 illius
873 3284 985 3374 regui,
1004 3285 1041 3352 in
1058 3307 1125 3376 qno
1141 3283 1235 3354 nihil
1249 3307 1325 3354 esse
1340 3285 1443 3355 debet
1457 3287 1528 3356 nisi
1543 3311 1580 3358 ex

409 3390 584 3482 singulari
602 3390 850 3477 (anteoedenti)
881 3391 1167 3482 praedefinitione
1189 3392 1327 3462 divina.
1340 3393 1466 3486 Itaque
1481 3399 1512 3478 a)
1535 3397 1579 3464 eia

408 3496 679 3589 praedestinatis
687 3497 732 3567 ad
741 3506 873 3567 eertum
886 3498 1034 3587 gradum
1043 3499 1413 3588 gloriaeDenedeinde
1424 3501 1577 3570 absoluta

409 3612 446 3674 et
464 3602 594 3674 effioaoi
611 3604 792 3674 voluntate
807 3605 1016 3695 praedefinit
1035 3627 1151 3674 omnes
1173 3611 1275 3675 aetus
1294 3607 1492 3676 meritorios
1508 3631 1575 3677 eum

367 3727 369 3734 '
410 3711 569 3782 omnibus
585 3711 862 3781 circumstantiis
885 3712 949 3796 ita,
975 3719 1017 3782 ut
1040 3713 1166 3782 merita
1190 3713 1234 3782 ad
1257 3715 1425 3783 amussim
1446 3739 1574 3807 respon·

411 3821 517 3890 deaut
537 3819 666 3909 gradui
689 3817 823 3908 gloriae
846 3819 1118 3910 praedestinato.
1145 3819 1182 3906 d)
1207 3820 1255 3888 Ut
1277 3820 1364 3891 haee
1379 3844 1484 3914 opera
1499 3825 1575 3892 bona

411 3928 448 3991 et
470 3921 595 3991 merita
613 3921 844 4012 praedefinita
867 3921 955 3992 liant
978 3923 1015 3992 in
1039 3929 1203 4014 ternpore,
1221 3924 1317 3994 Deus
1331 3927 1472 3995 tandem
1487 3949 1572 4017 prae

409 4036 513 4118 parat
536 4030 673 4119 gratias
696 4029 861 4116 efficaces,
888 4032 1095 4123 quibusoam
1119 4032 1192 4119 (vel
1216 4033 1365 4102 seientia
1391 4033 1503 4102 media
1524 4033 1571 4102 vel

409 4135 580 4226 simplicis
592 4137 851 4229 intelligentiae
863 4163 926 4230 pro
942 4141 1083 4212 diversa
1099 4141 1241 4210 illorum
1253 4139 1496 4231 theologorum
1507 4164 1571 4210 sen·

408 4243 524 4312 tentia
546 4245 588 4314 de
610 4246 763 4316 effioaoia
786 4248 938 4336 gratiae)
963 4249 1146 4338 praevidet
1169 4246 1414 4318 infallibiliter
1433 4269 1569 4316 eonnera

408 4349 474 4418 illa
497 4373 601 4441 opera
615 4360 652 4421 et
666 4355 792 4424 merita
808 4355 1049 4445 praedefinita.
1067 4357 1158 4426 Vide
1182 4355 1314 4424 Suaren
1338 4357 1381 4426 de
1404 4355 1566 4424 Praedest.

407 4457 434 4527 l.
449 4457 480 4528 I.
496 4481 526 4529 o.
542 4457 575 4528 8.
592 4482 667 4553 sqq.
686 4467 722 4531 et
736 4461 836 4551 alibi3
854 4463 1027 4534 Dideeum
1040 4463 1196 4536 Alvarez
1215 4463 1258 4534 de
1272 4463 1399 4534 Auxil.
1417 4463 1505 4555 disp.
1519 4461 1564 4529 37.
