3262 5076
533 403 571 417 -
593 371 654 432 515
676 403 713 418 -

54 478 338 570 insuperioribus
361 478 634 546 demonstratum
657 481 722 545 est.
742 474 837 565 Engo
865 475 1035 544 terminus
1051 497 1134 565 prae
1151 497 1218 567 quo

52 582 240 652 accendens
255 583 388 654 dicitnr
403 583 579 668 voluntas,
594 603 697 674 quam
717 581 920 673 scripturae
934 588 972 650 et
983 582 1107 651 Patres
1122 602 1216 672 prae·

51 692 163 762 dicant
186 691 420 762 universalem
444 690 573 760 salutis
602 692 754 760 omnium
783 691 981 776 hominum,
1007 713 1074 758 non
1104 695 1220 779 potest

50 799 200 890 intelligi
222 800 423 891 praevisum
441 804 618 888 peccatum
634 798 827 890 origina103
847 798 906 867 sed
921 797 1024 866 immo
1038 795 1217 888 supposito

50 913 182 998 peccato
210 907 379 997 originali
403 905 568 976 voluntas
593 905 721 976 salutis
742 909 857 974 manet
873 904 1094 988 universalis,
1114 910 1149 972 ct
1165 903 1216 972 in·

49 1016 119 1085 duit
140 1015 313 1086 rationem
338 1014 534 1084 voluntatis
557 1013 771 1082 redimentis.
797 1011 904 1082 Alius
925 1035 1008 1102 ergo
1025 1012 1127 1082 debet
1142 1034 1216 1081 esse

48 1121 223 1206 terminus,
236 1145 302 1214 quo
316 1121 480 1190 voluntas
496 1119 693 1190 antecedens
707 1118 946 1188 conditionata
962 1134 994 1187 et
1010 1119 1215 1186 aniversalis

48 1229 288 1321 distinguatur
303 1229 520 1300 avoluntate
543 1243 760 1320 consequente
780 1227 938 1294 absolata
954 1242 986 1294 et
1000 1227 1216 1316 particulari

48 1337 166 1406 salutis
190 1360 309 1406 eornm
332 1343 482 1421 tantum,
501 1334 561 1428 qui
585 1336 714 1404 effectu
737 1334 811 1424 ipso
834 1335 1030 1404 salvantur.

107 1444 151 1512 1⁰.
179 1445 221 1514 si
251 1443 432 1534 supposita
464 1443 652 1512 infectione
688 1441 821 1533 peccati
856 1441 1022 1512 voluntas
1056 1439 1215 1509 salvifica

48 1559 154 1621 menet
176 1551 294 1622 adhuc
324 1550 563 1621 conditionata
594 1566 626 1618 et
648 1550 874 1630 aniversalis,
899 1572 966 1616 non
990 1547 1087 1616 aliud
1111 1568 1214 1638 quam

44 1660 156 1746 'finalis
179 1674 293 1728 etatae
315 1657 454 1749 gratiae
479 1657 535 1727 vel
558 1657 694 1748 peccati
720 1661 834 1748 potest
857 1655 1014 1746 intelligi
1037 1663 1212 1747 tamqnam

47 1769 229 1854 terminus,
255 1791 323 1860 qno
346 1766 508 1858 praeviso
530 1772 763 1858 consequatur
790 1764 955 1834 voluntas
986 1762 1213 1854 particularis

48 1875 164 1944 salutis
187 1874 386 1968 aliquorum
410 1878 445 1942 et
476 1872 640 1941 voluntas
670 1871 907 1942 damnationis
936 1869 1097 1939 aliorum.
1124 1869 1212 1940 Nam

47 1989 77 2068 a)
91 1982 285 2072 generatim
313 1979 525 2050 universalia
544 1978 709 2048 voluutas
725 1978 853 2047 salutis
868 1977 1019 2046 omnium
1034 1976 1211 2046 hominum

47 2089 91 2158 ita
112 2089 346 2174 describitur,
373 2095 413 2158 ut
434 2087 479 2156 ad
503 2109 619 2156 omnes
642 2085 797 2156 homines
826 2087 1021 2170 referatur,
1047 2084 1212 2176 quamdiu

47 2197 180 2266 suntin
204 2210 300 2265 stata
323 2198 410 2264 niae.
428 2194 479 2266 Ut
501 2187 616 2264 cetera
638 2200 865 2286 praeteream,
884 2215 973 2285 quae
999 2215 1042 2262 ex
1058 2192 1212 2282 superio·

48 2303 136 2374 ribus
157 2328 222 2396 per
246 2326 282 2374 se
310 2309 443 2394 patent,
463 2308 556 2373 certe
573 2301 737 2372 voluntas
762 2301 828 2371 Dei
843 2308 908 2385 est,
927 2307 968 2369 ιιι
990 2321 1127 2368 oremus
1149 2322 1212 2390 pro

48 2410 151 2480 salute
167 2411 335 2496 omnium,
350 2409 515 2502 quamdiu
532 2408 667 2478 suntin
685 2414 782 2478 statu
796 2408 886 2496 viae3
901 2407 1001 2500 atqui
1016 2406 1081 2476 hoo
1096 2407 1208 2497 ipsum

48 2518 195 2588 divinum
210 2517 411 2588 mandatum
438 2515 630 2607 Apostolus
645 2515 859 2586 declarator
876 2515 1058 2585 voluntate
1074 2514 1152 2599 Dei,
1171 2523 1212 2584 ut

48 2647 151 2696 omnes
173 2623 331 2696 homines
346 2622 439 2694 salvi
462 2624 561 2710 dant3
581 2645 665 2714 ergo
681 2623 766 2694 haee
782 2622 945 2693 voluntas
968 2623 1034 2693 Dei
1050 2621 1211 2696 salvifica

47 2732 83 2800 ad
104 2753 220 2800 omnes
242 2731 398 2800 homines
421 2731 636 2816 extenditur,
655 2730 821 2823 quamdiu
837 2737 921 2799 sunt
942 2730 980 2799 in
1003 2737 1100 2800 statu
1116 2730 1206 2798 vias.

50 2838 305 2909 «Sincerissima
318 2837 526 2908 eredendum
538 2845 645 2930 atque
656 2838 889 2929 profitendum
902 2844 966 2924 est,
980 2838 1091 2907 Deum
1103 2837 1206 2922 velle,

48 2953 81 3013 nt
100 2969 215 3016 omnes
238 2947 395 3016 homines
418 2945 511 3017 salvi
535 2947 642 3034 flant,
669 2947 840 3039 siquidem
871 2946 1083 3037 Apostolus,
1109 2946 1209 3015 ouius

49 3053 108 3122 ista
130 3054 307 3124 sententia
337 3062 410 3139 est,
437 3055 687 3124 sollicitissime
711 3054 901 3145 praecipit,
926 3054 1017 3144 quod
1041 3055 1078 3122 in
1102 3057 1208 3124 omni-

49 3157 102 3228 bns
121 3160 291 3231 Ecclesiis
314 3161 471 3251 piissime
494 3161 704 3247 custoditur,
735 3171 775 3231 ut
797 3162 871 3231 Deo
892 3184 954 3252 pro
970 3162 1128 3232 omnibus
1150 3163 1209 3232 ho·

50 3266 186 3339 minibus
210 3269 448 3360 supplicetur:
474 3292 517 3340 ex
541 3270 668 3362 quibus
699 3270 792 3361 quod
815 3268 919 3338 multi
941 3276 1106 3360 percunt,
1133 3293 1208 3361 pcr-

49 3375 190 3446 euntium
213 3384 269 3446 eat
294 3377 470 3460 maritum,
490 3377 581 3469 quod
609 3377 714 3446 multi
741 3378 941 3463 salvantur,
967 3377 1141 3448 salvantia
1156 3384 1210 3447 est

51 3479 173 3572 donum,
193 3491 235 3553 ιιι
249 3484 339 3554 enim
352 3505 433 3554 reus
448 3483 644 3570 damnetur,
658 3483 884 3575 inculpabilis
904 3485 970 3554 Dei
985 3485 1126 3555 iustitia
1142 3492 1206 3570 est,

51 3594 206 3661 utentem
218 3615 298 3662 rens
315 3592 542 3679 iustificetur,
557 3593 748 3664 ineffabilis
763 3594 828 3665 Dei
844 3595 963 3684 gratia
978 3601 1058 3663 estc
1075 3592 1111 3662 S.
1125 3593 1207 3662 Pro·

51 3715 117 3782 spor
125 3699 167 3768 ad
175 3699 226 3768 11.
234 3699 641 3770 obiectvincontianam.
657 3702 842 3772 Praeterea
855 3704 888 3788 t)
901 3701 1082 3793 speciatim
1095 3703 1207 3793 quoad

53 3799 191 3875 inientes
221 3815 359 3896 praeter
386 3805 479 3877 hunc
503 3809 646 3897 finalem
668 3823 795 3876 etatum
825 3809 962 3899 gratiae
994 3807 1051 3877 vel
1073 3809 1206 3898 peccati

51 3909 156 3981 nullus
178 3913 266 4003 fingi
290 3919 405 4005 potest
428 3914 521 3984 alius
537 3915 708 3987 terminus
721 3916 961 3986 distinctionis
976 3915 1069 3983 iuter
1086 3914 1206 3984 volun·

52 4017 141 4086 aum
171 4021 424 4106 universalem,
451 4044 538 4115 quoe
570 4024 750 4114 supposito
782 4025 849 4092 iem
873 4029 1012 4113 peccato
1040 4023 1206 4115 originali

53 4122 126 4194 velit
145 4128 292 4198 salntem
315 4130 479 4214 omnium,
494 4137 531 4200 et
554 4131 649 4200 inter
666 4131 882 4202 voluntatem
906 4153 994 4223 quae
1017 4131 1205 4202 multorum

54 4232 226 4304 troiadem
250 4237 408 4308 omnibus
438 4260 507 4306 nou
539 4239 687 4311 salutm
721 4237 810 4310 velit
841 4241 900 4310 sed
930 4239 1207 4310 exclusionema

54 4333 159 4410 saluta
177 4341 257 4414 Nisi
273 4343 364 4414 forts
376 4343 650 4414 comminisceris
667 4345 821 4414 tabulam
834 4344 1202 4438 semipelagianorum,

55 4441 155 4527 quiin
177 4448 311 4517 meritis
338 4471 378 4518 ac
401 4451 554 4547 pennatis
571 4453 635 4519 sub
662 4452 859 4522 conditione
874 4476 1061 4546 numquam
1089 4455 1204 4525 verifi-
