3376 5068
907 386 944 401 ..
966 353 1028 418 400
1048 389 1085 402 ..

414 467 587 558 quatenns
609 465 692 530 sunt
714 481 829 531 omnes
851 460 957 531 simul
980 463 1114 553 cogniti
1135 467 1276 530 aeterna
1300 457 1446 544 visione,
1468 457 1495 526 ii
1517 481 1577 526 non

414 577 497 640 sunt
519 569 628 639 series
650 569 688 636 iu
711 568 909 660 cognitione
931 569 1130 640 successiva
1152 569 1212 639 sed
1235 574 1319 638 sunt
1340 567 1484 636 termini
1498 580 1577 633 ecte

413 680 618 768 pneumatice
647 677 781 746 infiniti
812 699 927 746 omnes
959 677 1065 746 simul
1088 678 1153 746 sub
1175 699 1245 746 uno
1267 674 1420 767 simplici
1451 673 1580 742 intuitu

414 782 491 852 Dei.
517 783 574 852 Ita
595 783 753 876 plerique
776 783 942 874 discipuli
966 783 1003 854 S.
1018 785 1182 869 Thomas,
1210 782 1387 867 Valentia,
1413 781 1579 874 Vosques,

414 889 518 976 Reiz,
542 889 704 980 Ripaldu,
730 889 970 961 Pallevicinus
992 891 1124 984 aliique
1148 889 1292 982 plurimi
1313 890 1528 982 loquuntur,
1550 894 1584 956 et

415 997 538 1066 merito
561 996 718 1088 quidem,
744 1021 820 1067 oum
844 1021 911 1068 non
934 998 984 1068 sit
1012 999 1171 1092 quaestio
1194 998 1236 1068 de
1265 996 1495 1067 multitudine
1516 995 1583 1065 exi-

416 1105 594 1189 stentium,
613 1103 673 1173 sed
689 1105 731 1174 de
746 1105 975 1176 multitudine
998 1105 1228 1196 cognitorum.
1251 1104 1360 1174 «Cum
1376 1104 1582 1198 quaerimus,

416 1209 703 1304 inquitVusquen
715 1211 740 1280 l.
756 1235 785 1280 c.
801 1236 832 1284 c.
846 1213 880 1282 2.
894 1237 929 1282 n.
945 1214 978 1300 7,
990 1235 1035 1282 en
1052 1214 1101 1283 sit
1115 1220 1198 1284 ectu
1220 1213 1362 1282 infinita
1384 1209 1582 1294 multitudo,

416 1315 627 1410 inquirimus
649 1318 692 1387 de
714 1317 780 1388 illa
801 1325 844 1388 ut
865 1325 920 1389 eet
941 1319 978 1388 in
1001 1318 1186 1390 intellectu
1202 1319 1267 1388 Dei
1289 1325 1373 1388 actu
1395 1316 1583 1401 intellecta,

416 1426 475 1495 cni
497 1424 649 1496 ulterius
664 1427 742 1496 fieri
757 1451 825 1496 uon
849 1427 961 1518 possit
982 1427 1271 1515 additamentum,
1289 1450 1366 1497 cnm
1382 1427 1479 1496 Dens
1500 1423 1586 1494 nihil

417 1533 517 1603 alind
533 1539 634 1604 extra
650 1539 759 1604 totam
774 1533 873 1603 illam
890 1535 1042 1626 amplius
1057 1557 1261 1627 cognoscere
1275 1535 1398 1626 possit;
1413 1557 1498 1624 ergo
1513 1555 1585 1602 cum

418 1647 502 1712 actu
525 1641 640 1710 omnis
654 1642 844 1733 cognoscit,
862 1641 1011 1712 dicimus
1034 1642 1293 1713 multitudinem
1316 1648 1400 1712 ectu
1415 1641 1586 1731 cognitam

417 1770 492 1818 esse
514 1747 687 1817 infinitam
709 1749 747 1818 in
769 1748 953 1820 intellectu
976 1750 1042 1820 Dei
1064 1773 1133 1820 non
1156 1751 1193 1820 in
1216 1772 1333 1819 rernm
1355 1755 1496 1818 nutura.
1510 1774 1528 1811 s

484 1855 538 1926 Ex
561 1857 784 1948 praestitutis
806 1864 928 1928 contre
950 1859 1157 1928 sententiam
1181 1859 1397 1953 quorundam
1424 1855 1586 1928 recentio-

418 1985 495 2032 rum
517 1963 602 2034 haec
624 1971 793 2035 tenemus:
822 1970 859 2054 a)
881 1966 974 2036 Deus
997 1965 1134 2034 nullum
1158 1966 1375 2056 indefinitum
1397 1963 1584 2056 cognoscit.

418 2071 487 2140 Hic
517 2071 608 2140 enim
638 2071 866 2162 cognoscendi
896 2072 1016 2142 modus
1046 2073 1211 2164 supponit
1240 2071 1534 2164 imperfectionem
1555 2075 1587 2140 ct

418 2179 666 2272 ignorantiam.
693 2179 726 2264 t)
750 2179 895 2249 Infinita
917 2179 1110 2250 intellectio
1126 2180 1191 2250 Dei
1213 2201 1282 2248 non
1304 2185 1420 2271 potest
1442 2177 1587 2250 conferri

421 2311 497 2358 oum
527 2287 665 2356 actibus
696 2287 924 2376 cognoscendi
948 2287 985 2356 iu
1007 2287 1185 2356 infinitum
1214 2286 1282 2356 sibi
1313 2287 1583 2356 succedentibus.

420 2395 468 2463 Hi
491 2393 582 2462 enim
604 2393 642 2462 in
657 2393 790 2463 actuali
812 2393 1001 2463 existentia
1023 2415 1155 2484 semper
1171 2401 1257 2464 sunt
1274 2393 1367 2463 finiti
1389 2416 1460 2462 non
1482 2393 1585 2464 solun

420 2501 631 2594 perfectione
655 2503 843 2572 sedetiam
867 2525 1021 2591 numeru
1046 2525 1088 2572 cx
1112 2525 1179 2594 quo
1194 2503 1249 2589 fit,
1267 2507 1308 2572 nt
1331 2525 1392 2594 per
1415 2524 1475 2571 cos
1496 2523 1585 2570 nun-

421 2632 522 2704 quem
545 2610 723 2702 perveniri
754 2610 866 2702 possit
892 2611 937 2680 ad
967 2609 1230 2681 multitudinem
1261 2611 1480 2701 cognitorum
1510 2611 1585 2676 actu

421 2717 607 2788 infinitam.
627 2723 657 2805 c)
675 2717 768 2802 Quia
783 2719 879 2788 Deus
894 2725 1004 2789 totam
1020 2718 1196 2788 infinitam
1211 2717 1488 2788 imitebilitatem
1508 2736 1584 2786 suae

420 2827 591 2896 esseutiae
614 2826 776 2896 intuetur
797 2831 834 2896 st
857 2848 917 2916 per
939 2847 1014 2896 eam
1038 2824 1217 2917 cognoscit
1232 2848 1301 2894 nuo
1320 2831 1403 2894 ectu
1427 2823 1584 2894 distincte

421 2957 537 3004 omnes
552 2933 734 3026 possibiles
749 2933 977 3020 imitationes,
995 2939 1038 3002 ut
1053 2933 1215 3023 singulae
1230 2955 1267 3002 se
1282 2933 1453 3002 haberent
1466 2933 1497 3001 ei
1515 2951 1581 3021 pro

421 3043 650 3127 ducerentur,
676 3042 713 3110 iu
736 3047 850 3111 mente
873 3040 996 3112 divina
1017 3039 1118 3109 nulle
1140 3047 1195 3110 est
1220 3063 1283 3110 neo
1313 3039 1450 3129 concipi
1479 3037 1583 3129 potest

420 3151 646 3222 terminorum
677 3173 763 3244 quos
792 3150 989 3241 cognoscit,
1015 3149 1188 3235 evolutio,
1214 3149 1257 3218 de
1287 3169 1356 3241 qna
1385 3147 1583 3218 recentiores

421 3258 535 3352 aliqui
557 3259 763 3351 loquuntur.

486 3367 536 3436 II.
561 3367 649 3434 Pars
671 3366 788 3434 altera
809 3365 847 3432 iu
870 3365 963 3434 thesi
986 3365 1174 3435 enunciata
1196 3387 1304 3456 aeque
1330 3365 1520 3435 manifesta
1538 3367 1584 3432 est

421 3499 462 3546 ex
487 3475 544 3558 iis,
563 3496 652 3566 queo
667 3474 705 3543 in
721 3474 941 3545 antecedenti
955 3473 1078 3565 Capite
1100 3474 1356 3545 declaravimus
1379 3473 1422 3543 de
1445 3473 1540 3543 modo
1554 3477 1583 3539 ot

421 3582 632 3673 perfectione
656 3582 823 3653 scientiae
845 3582 988 3652 divinae
1010 3582 1049 3651 in
1071 3605 1108 3652 se
1131 3589 1320 3673 spectatae.
1336 3582 1387 3651 Et
1406 3604 1491 3652 eane
1505 3581 1535 3650 si
1548 3601 1582 3648 sn

420 3690 542 3758 divine
557 3689 741 3760 voluntate
756 3711 817 3758 seu
833 3690 1002 3761 efficiente
1017 3712 1079 3759 seu
1095 3688 1318 3780 permittento
1333 3691 1482 3774 obiecta,
1507 3707 1583 3780 quae

420 3819 483 3890 por
506 3821 542 3869 ss
562 3807 646 3868 sunt
666 3798 704 3866 in
720 3804 818 3867 stetu
841 3799 1102 3890 possibilitatis,
1121 3797 1320 3890 praelique
1343 3797 1510 3886 temporis
1525 3793 1582 3864 dit·

420 3907 571 3976 ferentis
586 3912 670 3976 ectu
685 3907 852 3994 existaut;
867 3907 931 3976 hoc
947 3907 1034 3996 ipso,
1049 3927 1137 3999 quae
1153 3907 1191 3970 s'n
1206 3907 1306 3996 siquo
1316 3906 1436 3995 priori
1446 3904 1583 3973 subsunt

420 4013 562 4084 divinae
576 4013 834 4104 intelligentiae
851 4023 892 4083 ut
905 4013 1099 4105 possibilia,
1116 4013 1233 4083 eadem
1246 4015 1284 4079 iu
1296 4017 1396 4103 siquo
1408 4005 1583 4102 portanti

421 4123 571 4190 subsunt
585 4128 627 4192 ut
641 4124 830 4192 existentia
847 4121 988 4192 divinae
1005 4123 1146 4192 visioni.
1162 4121 1327 4213 Adeoque
1342 4121 1380 4190 iu
1397 4115 1581 4210 cognitione

420 4230 577 4320 perfecta
600 4230 751 4299 omnium
776 4229 1014 4321 possibilium,
1041 4236 1083 4300 ut
1099 4231 1223 4319 soreos
1246 4227 1284 4296 in
1314 4250 1351 4296 se
1375 4227 1478 4318 ipsis,
1502 4238 1578 4286 com·

421 4333 651 4425 prehenditur
683 4335 929 4427 quodammodo
952 4343 994 4405 ut
1016 4334 1208 4426 particula,
1234 4332 1267 4402 si
1290 4334 1345 4400 fes
1375 4333 1430 4397 est
1455 4325 1573 4400 dicere·
