3280 5070
559 376 596 388 --
618 344 673 404 561
700 377 736 390 -

49 470 256 534 consensus,
282 453 318 515 et
340 469 408 516 non
431 446 504 514 ulie
528 469 613 538 quae
637 448 862 538 praevidetur
885 471 927 516 ex
951 448 1055 538 culpa
1085 447 1232 516 bominis

49 557 185 624 effectu
209 555 378 624 caritura.
403 555 477 624 Hoc
500 553 614 644 igitur
638 577 740 623 sensu
765 578 832 623 uon
857 555 1051 646 requiritur
1074 577 1116 622 ex
1132 561 1232 644 parte

48 661 208 730 hominis
230 684 336 731 cansa
367 661 488 754 aliqua
504 661 724 750 praecedens,
751 685 816 730 cur
839 662 873 730 ei
894 661 1098 752 pracsertim
1118 661 1232 750 prime

48 769 174 859 gratia
198 768 362 858 praevisa
384 768 504 837 efficax
519 790 587 836 non
610 765 728 837 detur.
747 769 798 838 At
814 791 896 837 vero
920 770 1024 858 probe
1048 767 1230 836 adverten-

49 876 146 961 dum,
175 877 329 967 gratiam
353 876 581 946 sufficientem
604 879 763 947 omnibus
787 886 1028 968 praeparatam
1054 876 1144 946 vitio
1173 875 1231 943 ho·

49 984 158 1052 minis
194 991 229 1052 et
256 992 379 1054 contra
408 987 473 1056 Dei
506 987 759 1078 beneplacitum
793 1009 930 1056 manere
961 986 1168 1054 inefficacem
1196 987 1233 1052 et

50 1092 126 1160 sine
143 1092 288 1176 effectu,
302 1094 348 1162 ed
366 1117 466 1186 quom
480 1115 501 1159 a
516 1094 587 1160 Deo
604 1095 827 1164 antecedente
840 1095 1021 1162 voluntate
1033 1091 1228 1160 ordinatur.

117 1199 263 1266 Pariter
294 1199 326 1266 si
356 1199 420 1268 flat
450 1201 661 1290 comparatio
686 1201 777 1270 inter
800 1201 971 1268 hominem
998 1199 1056 1268 cui
1079 1199 1231 1267 donatur

52 1307 177 1395 gratia
192 1307 356 1396 praevisa
370 1307 502 1392 efficax,
521 1331 598 1376 cum
614 1315 731 1398 posset
746 1309 779 1378 ei
796 1308 936 1378 concedi
948 1306 1021 1375 alia
1033 1327 1121 1397 quae
1133 1326 1230 1394 prae·

52 1414 202 1482 videtur
224 1414 301 1482 eius
324 1414 413 1484 vitio
436 1415 558 1483 lutura
581 1415 751 1501 inefficax,
777 1425 813 1485 et
836 1416 928 1484 inter
951 1415 1058 1482 elium
1078 1413 1137 1481 cui
1153 1434 1230 1481 con·

52 1521 194 1590 ceditur
216 1521 335 1610 gratia
365 1521 539 1592 sufficiens
561 1523 722 1614 quidem,
748 1524 809 1592 sed
838 1545 926 1614 quae
940 1521 1104 1590 bominis
1128 1518 1232 1610 culpa

52 1631 287 1719 praevidetur
303 1631 461 1700 caritura
476 1632 617 1715 effectu,
633 1653 711 1700 cum
723 1653 765 1698 ex
778 1629 956 1699 thesauris
968 1629 1110 1697 divinae
1123 1628 1229 1695 omni·

52 1736 234 1825 potentine
258 1745 375 1827 posset
390 1738 422 1805 ci
439 1737 579 1806 concedi
595 1737 678 1820 alie,
697 1758 784 1830 quae
798 1737 1025 1826 praevidetur
1041 1737 1166 1804 futura
1180 1737 1229 1804 ef·

53 1843 164 1930 ficax;
194 1843 302 1912 buius
317 1845 369 1913 rei
387 1845 480 1913 ratio
492 1844 676 1913 referenda
687 1851 742 1912 est
756 1845 878 1936 utique
890 1844 934 1912 ad
950 1843 1161 1932 gratuitam,
1176 1865 1228 1909 sa·

52 1951 228 2041 piantem,
263 1951 518 2021 misericordem
549 1960 585 2020 et
608 1952 736 2020 iustam
761 1950 1008 2035 oeconomiam,
1035 1969 1104 2041 qua
1136 1951 1230 2019 Deus

54 2059 173 2127 utitur
188 2059 226 2126 in
242 2057 491 2128 distributione
507 2061 673 2129 donorum
690 2081 843 2127 suorum.
864 2057 1010 2140 Quando
1026 2080 1110 2147 ergo
1126 2078 1228 2149 quae·

54 2166 159 2251 ritur,
188 2189 252 2236 our
275 2168 369 2237 Dens
393 2168 454 2260 qui
478 2169 558 2238 vult
580 2191 696 2238 omnes
719 2167 875 2236 homines
898 2167 1014 2236 salvos
1038 2165 1138 2250 lieri,
1164 2166 1229 2233 hae

56 2274 173 2361 potius
196 2275 334 2366 gratias
356 2277 526 2362 conterat,
552 2275 638 2344 licet
659 2296 717 2344 ees
741 2275 947 2368 praevideat
969 2273 1120 2343 hominis
1139 2273 1229 2342 vitio

55 2379 127 2450 fore
151 2383 357 2469 inefficaces,
383 2391 419 2452 et
440 2407 508 2452 non
532 2387 691 2454 conferat
713 2383 815 2470 alios,
842 2407 928 2476 quas
951 2383 1132 2474 praevisas
1157 2383 1227 2450 effi·

56 2509 149 2558 cacee
174 2493 316 2561 futuras
339 2493 527 2562 secundum
550 2493 816 2584 amplitudinem
841 2515 924 2562 suae
954 2491 1225 2582 omnipotentiae

56 2604 170 2684 posset
184 2603 354 2688 conferre5
373 2601 654 2692 respondebimus
671 2625 747 2670 cum
764 2601 977 2690 Augustino,
997 2599 1033 2668 id
1049 2623 1112 2667 nos
1128 2599 1225 2689 iguo·

56 2729 148 2794 rare,
175 2715 212 2778 et
234 2707 382 2778 sufficiet
404 2710 503 2778 nobis
527 2709 683 2794 scivisse,
709 2707 871 2800 quoniam
894 2730 962 2776 non
986 2713 1039 2777 est
1055 2705 1226 2798 iniquitas

56 2815 144 2904 apud
167 2819 290 2886 Deum.
759 2891 761 2896 ,

116 2925 169 2994 At
193 2923 329 3016 quaudo
346 2929 536 2993 assertores
550 2923 788 2993 antecedentis
803 2922 1056 3012 reprobationis
1073 2943 1095 2988 a
1110 2921 1226 3010 glorie

56 3036 298 3120 argumentum
323 3029 568 3114 ineluctabile,
588 3029 678 3122 qnod
693 3029 835 3099 ducitur
853 3037 975 3098 contra
990 3029 1085 3118 ipsos
1104 3050 1147 3096 ex
1162 3049 1224 3095 on·

56 3139 228 3208 tecedente
258 3137 439 3207 voluntate
471 3137 631 3207 salvifica
661 3137 868 3223 universali,
900 3135 1026 3206 volunt
1048 3137 1224 3206 declinare

57 3266 128 3314 cum
158 3245 293 3314 Goneto
324 3244 436 3334 (disp.
451 3245 495 3315 V.
511 3269 546 3314 n.
561 3245 627 3331 58)
651 3245 716 3313 hac
739 3245 952 3328 retorsione,
983 3243 1083 3336 quasi
1106 3244 1223 3313 eedem

58 3361 206 3423 maneret
221 3354 410 3424 difficultas
427 3353 638 3423 conciliandi
652 3355 871 3444 negationem
887 3352 1025 3444 gratiae
1048 3373 1224 3442 congruas

56 3480 125 3530 cnm
148 3461 343 3531 universali
365 3461 549 3531 voluntate
572 3461 745 3547 salvifice,
771 3462 925 3552 profecto
942 3483 1034 3530 vana
1050 3471 1224 3552 quaerunt

58 3564 283 3656 &verticum
315 3568 508 3659 disparitas
539 3567 631 3636 enim
662 3574 717 3638 est
738 3570 893 3638 evidens.
920 3569 975 3638 Ex
999 3569 1223 3640 antecedente

58 3673 232 3745 voluntate
254 3675 383 3744 salutis
398 3676 493 3744 Deus
508 3675 667 3744 omuibus
682 3676 840 3745 destinat
856 3677 994 3767 gratiae
1008 3677 1221 3746 necessarias

58 3776 199 3852 diversis
231 3790 345 3851 tamen
369 3783 478 3851 modis
500 3789 539 3852 et
560 3782 729 3872 gradibus
758 3805 821 3874 pro
851 3783 997 3852 consilio
1028 3783 1222 3872 sapientiae

58 3907 142 3973 enee,
168 3889 290 3960 volens
313 3895 354 3957 ut
376 3913 492 3959 omnes
515 3889 646 3979 gratiis
669 3890 839 3960 concessis
856 3895 1017 3974 utentur,
1035 3895 1071 3958 et
1086 3911 1148 3979 per
1162 3909 1221 3958 eas

60 3991 136 4062 eelri
160 3995 268 4083 tient;
294 4018 362 4064 non
384 4002 501 4065 temen
524 3995 589 4080 ita,
609 4002 650 4065 nt
666 3995 767 4065 velut
782 4019 819 4066 se
834 3996 1049 4084 obligaverit
1065 3995 1109 4064 ed
1126 3995 1219 4064 obse-

60 4103 219 4185 quendum
242 4101 420 4174 hominum
444 4103 628 4194 pravitati,
654 4109 690 4172 et
713 4103 850 4197 quoties
874 4125 977 4170 unam
1000 4102 1154 4192 gratiam
1177 4103 1222 4170 ab

61 4201 98 4271 iis
117 4211 343 4300 respuendam
365 4233 439 4280 esse
463 4210 579 4295 videt,
610 4209 717 4278 eliam
745 4211 874 4300 seligat
903 4210 961 4278 cni
985 4210 1059 4278 sint
1082 4233 1220 4280 cousen-

61 4314 134 4385 eui.
153 4347 170 4382 u
188 4317 263 4386 Hoc
286 4318 408 4410 utique
431 4317 510 4408 agit
525 4318 673 4404 (Deus),
688 4323 730 4386 ut
743 4324 843 4387 sanet
858 4317 984 4404 omnia3
1002 4318 1062 4386 scd
1078 4318 1156 4409 egit
1167 4317 1220 4386 iu-

63 4414 139 4490 dicio
149 4448 223 4510 suo,
238 4447 300 4493 nco
311 4425 462 4496 ordinem
477 4425 626 4494 sanandi
635 4425 766 4516 accipit
777 4426 819 4494 ab
832 4434 974 4516 aegroto
989 4425 1053 4494 uS.
1064 4427 1217 4516 August.

190 4554 347 4606 Fromlin
1024 4554 1060 4606 ab
