3360 5060
496 671 701 762 lunen
741 671 969 804 annun

715 1473 741 1530 A

140 1631 307 1685 Abstraotio
325 1631 462 1685 formalis
479 1629 541 1685 loo.
558 1635 637 1684 nota.

141 1723 224 1775 Aetio
243 1723 276 1774 isa
295 1723 403 1774 distans
423 1735 479 1776 non
499 1721 650 1776 evidenter
668 1725 810 1789 repugnat
830 1719 891 1774 856.

139 1810 229 1864 Aetna
249 1812 316 1866 boni
335 1811 421 1865 liberi
441 1811 687 1878 praedefiniuntur
711 1811 893 1879 praelucente
912 1811 1035 1864 seientia
1053 1811 1162 1865 liberae
1182 1823 1315 1878 coopera-

213 1899 303 1952 tionis
322 1899 386 1952 4oo.

142 1989 230 2042 Autus
249 1990 436 2042 immanentes
457 1991 486 2041 in
508 1991 565 2042 Deo
585 1987 721 2057 quomodo
741 1987 930 2055 intelligendi
947 1989 1010 2042 807.

141 2077 230 2131 Attus
249 2079 318 2132 mali
336 2095 392 2132 non
419 2077 701 2147 pmodetiuiuutura
725 2079 782 2132 Deo
807 2093 900 2146 neque
927 2079 1019 2146 quoad
1045 2079 1137 2146 ipsam
1164 2078 1316 2132 entitatem

213 2165 361 2234 physicam
378 2167 441 2220 424.
1274 2161 1278 2166 ’

140 2250 280 2311 Arenaria
298 2256 351 2308 Dei
363 2255 395 2308 in
409 2254 516 2322 spIritu
531 2259 560 2308 et
580 2254 704 2309 veritate
727 2255 806 2308 ioan.
817 2255 867 2308 lv.
883 2251 1021 2321 quomodo
1041 2252 1233 2320 intelligenda
1251 2252 1315 2307 866.
1386 2295 1387 2300 ,

143 2345 310 2400 Aeternitas
329 2344 392 2398 337.

142 2435 285 2490 Assensns
304 2433 482 2499 theologicus
502 2433 533 2485 in
553 2448 609 2501 qno
629 2431 745 2487 diderat
764 2433 800 2486 ab
819 2443 938 2484 assensu
957 2429 1024 2484 idei
1044 2435 1075 2484 et
1087 2432 1122 2484 ab
1135 2445 1255 2485 assensu
1269 2449 1316 2486 ra·

214 2524 319 2578 tionali
339 2523 382 2577 19.

142 2613 293 2667 stonense
318 2611 371 2666 Dei
397 2613 533 2678 nepetino
561 2615 590 2664 et
619 2609 797 2680 affimativa
820 2609 890 2663 eut:
914 2609 1050 2663 'absoluta
1079 2613 1108 2661 et
1133 2611 1254 2662 relativo
1279 2613 1317 2662 ad

214 2710 292 2754 aetra
311 2701 373 2754 eti.

141 2789 322 2856 Augustinus
340 2785 397 2863 (S.)
417 2787 632 2856 quidsenserit
651 2787 684 2842 de
703 2789 867 2855 cognitione
885 2786 937 2841 Dei
957 2787 988 2839 in
1007 2787 1060 2840 hae
1080 2786 1143 2839 vita
1164 2785 1231 2839 1⁸6:
1247 2786 1316 2856 quid

214 2881 245 2932 in
259 2879 378 2933 Platone
391 2877 561 2947 probaverit
574 2875 634 2943 140,
650 2881 732 2932 notu
748 2877 810 2932 eius
823 2879 938 2932 effatum
951 2875 1026 2945 apud
1045 2876 1194 2941 outologos
1207 2876 1316 2930 oolobre

214 2967 378 3022 deelaratur
397 2966 458 3020 146.

141 3059 321 3124 Augustinus
340 3053 396 3129 (S.)
415 3057 515 3110 multis
535 3053 625 3110 modis
645 3054 837 3108 disertissime
852 3053 978 3108 assernit
996 3055 1177 3106 voluntatem
1188 3052 1241 3106 Dei
1255 3053 1317 3106 sal-

214 3149 325 3202 videam
345 3146 538 3201 universalem
551 3145 615 3198 497.
626 3159 700 3212 sequ
712 3159 865 3212 numquam
878 3143 998 3209 nonsit
1012 3143 1037 3195 1.
1049 3143 1121 3195 Tim.
1137 3143 1176 3195 Π.
1187 3143 1214 3194 A.
1230 3157 1316 3196 sensu

213 3237 321 3292 dirento
334 3237 492 3304 signiticari
506 3237 686 3290 uoluntatem
700 3232 913 3288 antecedentem
932 3235 962 3286 et
974 3231 1168 3285 universalem
1181 3231 1243 3284 500:
1261 3247 1316 3299 quo

213 3341 298 3381 sensu
317 3325 392 3380 iliud
412 3324 610 3378 testimouium
630 3322 875 3390 explanantes
895 3321 1045 3376 voluntate
1064 3319 1238 3391 particulari
1251 3321 1314 3374 506:

212 3415 288 3470 illud
306 3415 458 3470 intellexit
477 3415 564 3469 etiam
579 3413 612 3466 de
632 3415 783 3468 uoluntate
804 3409 989 3467 antoosdsnte
1002 3408 1316 3478 universaliterque

213 3521 299 3561 sensu
318 3505 429 3560 dixerit
453 3505 485 3558 in
505 3504 673 3572 quaestione
698 3501 733 3556 de
758 3500 1023 3570 praedestinatione
1050 3501 1240 3555 necessarium
1259 3515 1316 3554 non

213 3611 274 3650 esso
294 3595 419 3651 serutari
438 3595 556 3648 Patrem
575 3593 713 3663 opuscula
731 3592 795 3647 023.

138 3685 319 3753 Augustinus
339 3681 394 3757 (S.)
412 3682 446 3737 de
467 3681 732 3751 praedestinatione
752 3681 787 3736 ad
807 3681 928 3748 gloriam
947 3695 998 3748 per
1011 3695 1041 3734 se
1061 3682 1219 3748 spectatam
1237 3692 1315 3731 nnm-

213 3789 298 3842 quam
317 3772 481 3841 disputavit
499 3773 561 3826 628:
578 3774 688 3827 nullam
702 3771 787 3826 aliam
808 3767 1100 3841 praedestinationem
1120 3781 1155 3820 ex
1173 3767 1316 3834 praev1s1s

214 3863 325 3918 meritis
339 3863 439 3916 reieoit
453 3877 536 3930 quam
551 3875 586 3915 ex
598 3861 743 3929 praevisis
755 3861 869 3915 meritis
882 3857 1063 3914 naturalibus
1075 3861 1175 3910 eontra
1187 3855 1317 3921 Pelagia-

214 3969 266 4007 nos
284 3958 314 4006 et
332 3951 576 4018 semipelagianos
598 3951 667 4005 δῦθι
682 3949 881 4006 eontrovsrsia
893 3948 928 4002 de
945 3943 1210 4016 praedestinatione
1233 3959 1317 4012 quam

212 4041 392 4110 Augustinus
410 4040 520 4107 habuit,
543 4039 640 4094 eadem
658 4039 774 4094 tandem
786 4041 832 4093 eat
843 4053 876 4092 ao
887 4035 1085 4092 oontroversia
1098 4033 1131 4087 de
1146 4033 1317 4089 nenessitate

213 4132 326 4198 gratiae
344 4129 562 4200 praevenientis
581 4127 644 4184 teo.

140 4223 321 4290 Augustinus
333 4219 389 4293 (S.)
403 4237 436 4276 sa
454 4219 583 4274 adstruit
595 4223 625 4274 et
638 4223 737 4273 tuetur
756 4215 909 4288 prinoipia‚
924 4229 959 4269 ex
975 4209 1079 4282 quibus
1093 4214 1225 4282 sequitur
1238 4227 1317 4280 prae·

213 4311 371 4367 destinatio
389 4309 424 4366 ad
444 4307 566 4378 gloriam
586 4323 621 4364 ox
639 4308 783 4378 praevisis
802 4306 915 4361 moritis
937 4304 1050 4370 gratiae
1069 4301 1131 4358 834.
1148 4301 1217 4356 ooo:
1239 4303 1317 4356 loous

213 4402 337 4456 omnium
356 4399 542 4455 diffieiliimua
562 4397 641 4454 iuter
659 4415 693 4452 ea
712 4412 784 4467 quae
803 4395 890 4451 obiioi
909 4395 1003 4452 solent
1022 4391 1083 4448 ddi.
