3240 5064
65 447 169 540 ipsius
178 471 188 537 ;
207 448 475 542 unumquodque
489 445 581 516 enim
592 451 709 538 potest
723 467 839 538 egere,
858 445 896 516 in
912 450 1082 538 quantum
1100 449 1155 514 est
1169 467 1230 515 ens

63 564 148 626 ectu.
163 557 206 627 Si
227 557 343 647 igitur
366 557 483 626 anima
505 555 640 626 Christi
654 555 843 624 essentiam
858 553 1064 624 divinitatis
1079 575 1229 646 compre·

62 664 206 734 hendere
227 687 298 732 non
321 663 429 750 velet,
448 667 489 733 ut
512 668 688 733 ostensum
710 668 775 747 est,
802 663 1013 751 impossihile
1035 675 1097 746 cst,
1122 677 1162 728 et
1177 661 1229 730 di·

62 773 171 837 rincm
189 773 353 838 virtatem
375 768 644 859 comprehendet.
665 766 967 861 Comprehenderet
991 783 1115 852 catam,
1132 771 1165 836 ei
1179 793 1229 836 co-

59 893 241 966 proiceret,
255 876 429 970 quidquid
444 878 535 944 Dens
552 877 675 966 fecere
692 891 819 967 potest,
838 891 870 943 et
886 877 1009 970 quitos
1032 877 1230 944 rationibus

60 985 192 1072 effectes
216 985 404 1075 producere
425 987 550 1076 possit.
569 985 646 1053 Hoc
673 999 786 1052 antem
819 983 1122 1075 (comprehendere
1157 984 1229 1054 vir·

61 1099 168 1163 tutem
191 1093 363 1182 divinam)
386 1093 599 1184 impossihile
627 1108 688 1160 cst:
721 1117 790 1160 non
814 1095 928 1184 icitur
955 1095 1073 1160 anime
1096 1092 1231 1162 Otriste'

61 1204 241 1291 copneecit,
259 1201 433 1294 quidquid
451 1203 543 1268 Dens
568 1203 691 1290 facere
711 1215 839 1291 potest,
863 1203 918 1268 vel
932 1202 1057 1294 quidne
1082 1203 1230 1268 rationi-

62 1311 116 1376 bus
132 1313 248 1401 possit
272 1315 411 1400 operari
429 1335 446 1372 r
472 1308 509 1378 S.
525 1309 592 1378 Th.
611 1309 794 1400 Compend.
813 1309 967 1400 theolog.
994 1331 1025 1379 o.
1042 1308 1122 1378 216.
1139 1308 1231 1379 Vide

62 1415 92 1482 1.
106 1441 140 1509 q.
159 1417 217 1486 12.
233 1438 267 1486 a.
286 1419 321 1486 7.
339 1417 467 1488 collato
484 1439 516 1485 a.
535 1417 568 1485 8.
1188 1412 1194 1426 '

517 1643 661 1705 THESIS
682 1643 769 1705 XIX.

207 1785 435 1865 Explicantur
455 1787 652 1863 difficiliores
671 1787 760 1848 modi
781 1787 945 1866 loquendi,
967 1788 1085 1866 quibus

87 1884 141 1946 SS.
157 1887 274 1946 Patres
295 1887 619 1964 comprehensionem,
643 1904 713 1946 non
732 1904 807 1948 vero
828 1889 985 1948 visionem
1007 1889 1205 1948 intuitiecm

409 1985 545 2044 divinae
565 1985 722 2045 essentiae
743 1992 880 2062 necant.

128 2193 142 2221 ι
155 2172 225 2228 Inde
245 2175 281 2228 ab
304 2175 369 2227 orte
395 2173 509 2227 haeresi
536 2173 714 2229 Eunomians
735 2173 784 2228 SS.
802 2175 903 2235 Patres
925 2175 1089 2229 instantius
1117 2173 1232 2243 quidem

71 2261 189 2318 vincere
206 2266 320 2331 solent,
342 2262 378 2317 ad
397 2263 674 2332 comprehensionem
697 2267 750 2319 Dei
770 2266 856 2319 etiam
877 2266 956 2333 ipsos
980 2268 1093 2319 sanctos
1114 2267 1232 2330 angelos

70 2351 253 2417 weringeri
273 2365 330 2404 nou
350 2365 449 2418 poem
472 2351 613 2405 visionem
638 2355 734 2406 umen
755 2351 809 2406 Dei
836 2350 1029 2406 immediatam
1054 2367 1146 2420 nsque
1166 2353 1230 2420 illi,
1281 2347 1283 2353 ’

71 2441 141 2507 aqui
159 2456 219 2494 eam
229 2439 400 2495 distinctius
422 2455 479 2494 uon
500 2441 709 2509 explicuerunt,
719 2457 839 2507 negasse
857 2439 993 2495 censendi
1013 2443 1092 2508 eunt,
1104 2441 1164 2494 nini
1184 2443 1232 2495 vel

71 2543 140 2596 rnre
161 2529 256 2584 stadio
277 2530 366 2584 huius
386 2531 474 2599 vitae,
498 2532 545 2584 vel
565 2547 637 2598 quae
659 2533 737 2584 esset
754 2533 898 2598 tamqnam
917 2529 994 2584 visio
1013 2545 1174 2598 corpores.-

127 2735 271 2806 Gabriel
287 2733 447 2828 Vesqnez
463 2733 553 2824 disp.
566 2734 622 2803 37.
633 2732 769 2804 cah-4.
782 2721 903 2803 contre
919 2754 1130 2803 communem
1146 2733 1231 2803 alio·

70 2867 136 2913 rom
150 2843 395 2933 theologorum
410 2841 733 2932 interpretationem
745 2841 894 2926 censuit,
907 2840 1110 2910 S.Ioenuem
1119 2839 1232 2931 Chry-

70 2957 246 3021 sostcmum
269 2951 429 3034 maxime,
448 2953 523 3017 tum
540 2970 623 3017 vero
646 2947 752 3016 etiem
776 2947 865 3016 alios
888 2947 1011 3017 Patres
1038 2947 1231 3038 complures

71 3063 132 3127 tem
152 3080 298 3150 graecos
321 3078 424 3149 quam
445 3054 576 3123 latinos
598 3053 668 3122 alio
702 3076 806 3124 sensu
828 3053 986 3144 intelligi
1017 3078 1085 3123 non
1108 3076 1229 3144 posse,

71 3168 131 3236 uisi
152 3167 245 3260 quod
261 3165 394 3235 sanctis
416 3163 553 3255 angelis
569 3167 604 3234 et
620 3167 868 3254 consequenter
892 3162 1051 3232 omnibus
1067 3162 1179 3232 beatis
1195 3163 1233 3230 in

72 3273 178 3360 putria
199 3269 414 3362 negaverint
435 3271 605 3341 visionem
627 3269 692 3339 Dei
715 3269 935 3339 intuitivam.
961 3270 1013 3339 Ut
1035 3269 1125 3338 hene
1144 3269 1231 3339 Vas-

72 3379 175 3469 quenii
197 3384 235 3448 et
257 3377 415 3469 plurium
431 3377 661 3447 recentiorum
677 3375 1001 3466 interpretationem
1017 3377 1143 3444 falsam
1159 3397 1232 3445 esee

72 3488 294 3573 ostendamus,
314 3507 354 3555 ee
378 3486 568 3576 genuinum
592 3485 814 3556 SS.Petrum
836 3508 974 3555 sensum
998 3484 1036 3552 iu
1060 3483 1233 3553 obscurio·
1278 3485 1282 3494 '

73 3595 159 3664 n'bus
189 3591 394 3664 huiusmodi
426 3593 662 3663 locutionibus
693 3593 929 3683 explicemus,
963 3592 995 3661 is
1025 3614 1150 3682 scopus
1178 3597 1232 3660 est

73 3705 255 3792 praesentis
279 3701 429 3772 theseos.

127 3811 219 3880 Sunt
233 3815 351 3880 antem
369 3810 541 3900 imprimis
557 3809 737 3900 generalia
761 3809 928 3902 quaedem
951 3807 1127 3899 principia
1150 3830 1233 3898 prae

72 3919 170 3988 oculis
191 3917 363 3987 habende.
379 3923 415 4006 a)
432 3917 600 4002 Quaestio
622 3939 786 4008 praesens
808 3939 871 4008 per
887 3940 923 3986 se
940 3916 1078 4009 quidem
1100 3915 1233 3985 herme-

73 4027 200 4095 neutiea
214 4031 268 4096 est
279 4033 316 4096 et
327 4025 508 4110 historica,
525 4049 592 4094 non
609 4049 692 4096 vero
709 4026 907 4096 immediate
922 4023 1133 4114 dogmatice.
1148 4023 1233 4092 Cum

76 4132 154 4202 enim
167 4133 204 4202 in
218 4129 380 4203 Ecclesia
402 4131 579 4202 catholice
601 4133 705 4203 detur
728 4133 907 4225 profectus
923 4130 1052 4224 aliquis
1068 4130 1106 4199 in
1122 4130 1232 4222 expli-

78 4239 352 4332 cuhonedepositi
364 4240 691 4326 revelati‚ebsolutc
703 4240 873 4334 loquendo
882 4239 959 4309 lieri
967 4239 1095 4330 potuit,
1107 4245 1150 4309 ut
1160 4259 1233 4308 eae-

81 4347 145 4416 culo
152 4350 211 4420 IV.
225 4349 315 4419 etV.
330 4347 491 4418 doctrina
503 4349 544 4417 de
557 4349 655 4422 modo
667 4347 899 4418 beatitudinis
913 4347 1071 4418 coelestis
1082 4347 1233 4417 noudum

83 4453 174 4526 merit
194 4456 282 4528 estis
297 4455 476 4547 explicite;
503 4478 570 4548 quo
585 4454 623 4524 iu
636 4455 749 4526 stadio
760 4453 1005 4546 explicationis
1020 4455 1126 4525 etiam
1138 4455 1234 4523 intra
