3360 5060
952 403 988 418 -
1010 373 1071 432 ote
1094 403 1130 416 -

448 495 537 559 nem,
564 482 604 544 ut
626 475 758 544 dictum
781 483 847 560 est,
872 477 1023 566 gratiae,
1041 498 1109 544 non
1125 473 1406 566 praecedentium
1424 473 1593 538 meritorum

448 605 602 668 suorum,
627 583 711 676 quia
733 581 852 673 gratie
875 582 950 651 illis
972 589 1028 652 est
1049 605 1147 652 omne
1172 583 1345 651 meritum.
1368 609 1383 642 e

514 689 590 758 Iam
605 689 706 758 iuxta
721 689 863 780 regulas
879 691 1040 780 superios
1055 690 1252 781 descriptas
1267 690 1487 760 examinetur
1500 709 1596 756 senem

447 799 555 867 huius
577 797 783 882 testimonii,
809 799 911 890 quod,
938 805 979 866 ut
1002 797 1091 884 dixi,
1116 798 1243 868 ceteris
1266 796 1402 866 clarius
1430 797 1540 863 lavere
1558 793 1595 860 vi·

447 906 550 976 detur
573 906 799 976 adversariis.
824 907 1002 997 Imprimis
1017 907 1054 974 iu
1070 911 1145 975 toto
1161 912 1327 975 contextu
1343 926 1526 996 numquam
1538 923 1596 971 eon·

448 1013 625 1083 sidentur
639 1011 755 1103 glorie
771 1037 833 1104 per
848 1035 884 1082 so
899 1021 935 1082 et
950 1013 1093 1084 seorsim
1110 1021 1279 1104 spectata3
1288 1012 1389 1104 lunda
1405 1013 1507 1080 etiam
1520 1009 1598 1078 nulls

446 1130 501 1191 est
524 1122 652 1190 mentio
676 1119 811 1190 ordinis
834 1121 926 1190 inter
949 1121 1301 1212 praedestinationem
1324 1120 1464 1210 gloriae
1477 1125 1598 1208 etprae

446 1229 713 1300 destinationem
744 1227 883 1319 gratiae
906 1231 974 1318 (cf.
1007 1227 1151 1319 regulas
1181 1253 1215 1298 n.
1243 1229 1312 1316 b.).
1344 1228 1416 1296 Sed
1447 1231 1599 1318 spectetur

446 1345 522 1408 tota
543 1338 651 1408 series
674 1338 1002 1428 praedestinationis
1018 1339 1055 1406 in
1071 1347 1213 1408 aeterua
1229 1337 1464 1428 praescientia
1477 1343 1513 1404 et
1524 1355 1597 1424 pree·

446 1445 626 1536 paratione
637 1445 714 1515 Dei:
733 1475 749 1508 a
763 1447 824 1537 qui
839 1446 976 1535 gratiae
992 1445 1162 1536 largitate
1176 1447 1322 1516 discreti
1334 1453 1433 1534 suut;
1451 1473 1467 1504 e
1483 1441 1599 1532 selegit

446 1575 504 1622 eos
526 1559 607 1622 aute
631 1553 752 1622 mundi
775 1553 1072 1622 constitutionem.
1094 1553 1290 1624 »Ulterius
1307 1553 1404 1622 siout
1418 1549 1599 1622 effectusab
1653 1641 1654 1650 ἵ

445 1669 588 1732 aeterno
610 1662 777 1754 praesciti
801 1669 884 1731 suut
907 1669 943 1731 et
965 1664 1165 1754 praeparati
1188 1663 1260 1748 (1),
1297 1663 1350 1731 ita
1381 1659 1599 1730 infallibiliter
1653 1665 1654 1680 ¹

446 1777 706 1864 consequuntur
728 1771 764 1838 in
788 1771 1010 1840 exsecutione
1030 1771 1254 1862 temporaria:
1276 1801 1293 1834 e
1310 1794 1379 1839 non
1395 1777 1453 1839 est
1467 1769 1598 1846 dubium,

446 1880 537 1972 quod
560 1887 597 1948 et
620 1885 832 1970 procuratur
854 1879 905 1947 eis
928 1879 1141 1948 audiendum
1168 1878 1389 1969 evangelium
1422 1885 1489 1947 etc.
1509 1905 1523 1938 e
1544 1874 1596 1960 (cl.

446 1987 603 2078 regulam
620 1985 653 2055 d.
669 1991 694 2076 ).
715 1986 866 2070 Quinem
880 1987 929 2055 sit
944 1987 1027 2056 ordo
1043 1989 1080 2056 iu
1096 1987 1162 2056 illa
1175 1987 1385 2057 discretione
1402 2010 1465 2078 per
1487 1983 1599 2076 gretie

444 2094 648 2184 largitatem
672 2093 846 2185 complexe
869 2101 1045 2185 spectata;
1070 2102 1190 2164 utrum
1213 2095 1462 2164 anteoedenter
1484 2089 1597 2183 praede

445 2203 553 2272 stinet
569 2203 663 2271 Deus
678 2203 723 2270 ad
741 2222 900 2270 eoronam
916 2208 953 2272 et
967 2209 1215 2294 consequenter
1228 2203 1272 2271 ad
1289 2203 1431 2286 merita,
1446 2225 1490 2270 au
1505 2199 1598 2292 potius

445 2309 565 2379 ordine
588 2311 738 2392 inverso,
757 2309 984 2399 Augustinus
1000 2310 1118 2378 verbis
1133 2309 1272 2402 quidem
1288 2311 1411 2379 citetis
1427 2333 1495 2378 non
1509 2305 1596 2376 deele·

445 2425 515 2486 rat:
542 2417 573 2486 ai
598 2441 680 2487 vero
703 2439 744 2486 ex
768 2417 954 2508 principiis
977 2418 1053 2486 eius
1077 2417 1219 2487 aliunde
1235 2417 1422 2509 compertis
1439 2417 1502 2486 hoo
1517 2435 1595 2506 quae-

446 2533 565 2611 ratur,
598 2531 744 2616 apparet
774 2526 857 2618 quid
888 2525 1069 2594 dioendum
1094 2526 1154 2611 sit,
1180 2549 1222 2594 ex
1246 2525 1497 2595 demonstratis
1517 2519 1595 2590 initio
1652 2599 1653 2604 ἵ

444 2634 553 2704 huius
575 2633 732 2718 theseos,
757 2641 794 2703 et
823 2639 970 2724 apparet
991 2633 1185 2703 clarissime
1206 2657 1248 2703 ex
1269 2627 1593 2726 consequentibnsiu

444 2741 509 2810 hoo
521 2741 596 2831 ipso
609 2741 696 2826 loeo,
711 2761 809 2834 quem
823 2741 1106 2830 interpretamur.
1121 2741 1178 2809 Ad
1192 2743 1502 2831 interrogationem
1512 2737 1593 2812 euim

445 2871 552 2942 quare
576 2849 687 2942 aliqui
710 2849 917 2940 aliquandiu
941 2851 1025 2918 bene
1042 2851 1203 2920 viventes
1225 2873 1293 2918 non
1313 2853 1386 2918 sint
1409 2849 1520 2932 electi,
1544 2866 1594 2911 nou

446 2958 643 3048 respondet:
670 2959 753 3050 quia
775 2957 899 3028 electio
913 2959 958 3028 ad
975 2959 1124 3049 glorium
1140 2959 1236 3029 iacta
1250 2967 1305 3028 est
1319 2957 1538 3029 antecedente
1551 2973 1593 3018 ve

444 3063 597 3151 luntete,
623 3073 660 3136 et
681 3065 758 3134 ideo
781 3088 817 3134 se
840 3066 878 3134 id
900 3068 1051 3154 nescire3
1078 3066 1137 3135 sed
1153 3067 1350 3158 respondet,
1368 3067 1448 3136 ideo
1462 3081 1592 3134 nouesee

444 3173 526 3242 illos
541 3175 636 3244 inter
651 3172 793 3258 eleetos,
811 3174 895 3265 quie
910 3203 927 3238 a
940 3173 1034 3242 Deus
1050 3176 1152 3244 novit
1166 3197 1224 3244 eos
1240 3175 1528 3267 perseverantiam
1541 3190 1590 3238 nou

499 3389 883 3465 annuentemque
908 3395 1089 3460 Augustinus
1112 3395 1257 3461 intelligit
1279 3399 1310 3448 in
1336 3393 1587 3463 praedestinatione.

444 3485 552 3542 elsrlns
574 3487 702 3554 explicat
716 3487 746 3539 ln
761 3487 821 3540 loco
843 3488 958 3541 omuino
982 3487 1121 3554 parsllelo
1133 3487 1178 3562 (ln
1198 3483 1511 3558 Io.trset.45.u.18.l.
1530 3479 1589 3544 .Qri

446 3577 674 3646 perseveraverit
694 3591 782 3644 usqne
803 3578 833 3630 tn
851 3577 949 3644 finem,
970 3579 1017 3632 hic
1035 3580 1134 3632 salsus
1153 3579 1220 3632 erit.
1239 3580 1319 3634 Hanc
1338 3596 1434 3634 rocem
1452 3593 1503 3632 non
1521 3572 1588 3638 nerli-
1651 3647 1652 3650 Ἴ

446 3665 491 3732 glt
513 3667 656 3734 proprius,
678 3681 734 3718 nou
754 3667 837 3719 audit
855 3668 987 3734 alienun
1011 3685 1076 3721 nam
1098 3673 1128 3722 et
1147 3669 1200 3721 llle
1213 3664 1387 3740 (christus)
1406 3671 1459 3724 leco
1475 3671 1500 3721 ei
1517 3661 1588 3736 (enti

445 3753 586 3826 credenti)
604 3755 760 3822 praedicat,
781 3761 814 3810 ut
832 3762 998 3824 perseveret
1015 3759 1089 3826 apud
1108 3759 1201 3826 ipsum
1221 3776 1309 3827 usque
1329 3761 1359 3812 in
1379 3762 1474 3826 finen;
1489 3756 1530 3811 sed
1546 3765 1586 3806 uel

445 3845 520 3913 apud
540 3860 601 3898 eum
621 3845 830 3912 perseverando
849 3863 905 3900 non
925 3847 1007 3900 audit
1020 3847 1093 3902 hane
1106 3864 1233 3902 vocem...
1247 3849 1278 3903 Si
1292 3849 1326 3902 de
1341 3850 1389 3903 his
1404 3855 1456 3916 est,
1472 3849 1515 3915 qui
1526 3855 1586 3912 pret

445 3934 587 3989 destinati
607 3941 691 4002 suut,
713 3945 739 3986 et
759 3953 877 3988 errorem
896 3939 985 4002 ipsius
1004 3939 1078 3990 Deus
1092 3941 1244 4004 praescivit
1263 3949 1289 3990 et
1308 3942 1507 3993 conversiones
1520 3935 1583 4002 fest·

444 4043 521 4091 rum
542 4027 567 4080 ei
587 4027 744 4093 aberravit,
765 4028 842 4081 redit
854 4031 887 4081 ut
906 4027 1006 4081 audiat
1024 4027 1106 4082 illsrn
1126 4045 1221 4084 vocem
1242 4031 1366 4098 psstoris
1380 4035 1411 4084 et
1422 4029 1543 4096 sequetur
1553 4019 1582 4072 dl·

445 4121 568 4170 centem:
592 4119 641 4184 qui
660 4119 892 4184 perseveraverit
910 4125 963 4172 eto.
977 4120 1057 4173 Bous
1071 4135 1137 4188 vox,
1150 4135 1230 4186 vers,
1245 4121 1412 4187 pastoralis,
1426 4121 1484 4187 ipss
1495 4119 1532 4168 est
1542 4123 1581 4162 *οἱ

446 4206 551 4260 uelutis
571 4207 602 4260 lu
621 4209 816 4260 tsberusoulis
835 4209 1009 4262 iustorum...
1027 4211 1158 4264 'l'sutstio
1177 4209 1291 4276 eccidit,
1312 4225 1462 4278 persevera
1478 4199 1580 4270 „queis

444 4295 537 4362 tinem,
559 4297 628 4364 quis
646 4299 770 4352 tentatio
789 4314 845 4351 nou
865 4305 1032 4367 perseveret
1051 4315 1140 4368 usque
1159 4301 1190 4354 lu
1209 4301 1302 4354 duem.
1323 4301 1419 4368 Usque
1437 4302 1465 4354 iu
1482 4287 1579 4364 quenl·

446 4399 510 4439 uem
529 4389 748 4454 perseverabis?
762 4405 907 4458 quousque
921 4391 1005 4445 dulas
1019 4391 1129 4445 sisu...
1142 4390 1262 4455 Quando
1273 4392 1349 4448 enirn
1362 4391 1477 4446 finietur
1487 4387 1535 4448 vis,
1546 4391 1577 4432 ¹*
1650 4443 1651 4446 ,

446 4473 511 4538 suls,
532 4476 579 4528 sed
599 4485 691 4530 tumea
713 4479 765 4530 seit
783 4479 857 4529 ills»
873 4483 926 4534 etc.
