3394 5056
576 354 614 369 -
635 321 677 384 79
698 354 737 370 -

88 427 160 525 quod
180 450 248 495 non
271 426 386 496 solum
409 427 564 514 Iudaeis,
583 429 766 498 sedetiam
783 427 976 519 gentilibus
994 429 1091 498 facta
1106 429 1161 498 est
1176 450 1246 496 ma·

87 537 246 606 uifestatio
269 537 350 605 Dei.
369 537 563 620 Quaeritur
586 539 701 628 qualis
718 539 766 607 sit
783 539 868 608 haec
884 537 1140 606 manifestatio?
1153 538 1245 627 Apo·

88 646 180 714 sulus
200 645 410 734 respondet:
435 645 578 714 Iudaeis
595 669 631 714 se
648 647 892 714 manifestavit
915 669 975 735 per
998 645 1247 715 revelationem

87 753 267 842 positivam,
288 751 381 842 quod
397 757 518 819 uotum
535 753 756 842 supponitur,
772 753 965 842 gentilibus
981 775 1042 842 per
1058 751 1175 820 lumen
1191 774 1246 820 ra·

87 859 174 928 tionis
185 868 226 928 ut
237 881 301 949 per
315 858 526 948 principium
540 881 660 950 agens,
673 884 733 950 per
745 870 926 930 creaturas
942 866 984 928 ut
1000 884 1060 950 per
1076 861 1247 930 obiectum

87 967 305 1036 immediatum
321 965 546 1056 cognitionis:
561 970 682 1036 uDeus
692 969 766 1036 illis
783 968 1037 1054 manifestavit3
1049 965 1249 1037 invisibilia

87 1077 160 1146 enim
174 1077 287 1168 ipsius
305 1101 329 1146 a
341 1085 505 1148 creatura
517 1076 714 1166 mundiper
731 1100 771 1142 aa
782 1099 870 1168 quac
881 1077 987 1164 fusto
1003 1093 1095 1160 cunt,
1113 1078 1248 1144 intelle·

87 1201 129 1250 clu
148 1189 417 1275 cenapiciuatur,
439 1212 455 1248 n
474 1183 686 1253 Adversarii
708 1184 752 1253 ad
770 1185 913 1253 eandem
936 1185 1172 1276 quaestionem
1196 1209 1249 1256 re·

88 1292 246 1381 spondent:
264 1293 411 1362 Iudaeis
427 1293 522 1362 Deus
539 1309 575 1362 se
591 1290 836 1360 manifestavit
852 1313 913 1380 per
925 1291 1174 1360 revelationem
1190 1316 1248 1383 po·

89 1399 208 1466 sitivam
232 1399 438 1484 Mosaicam,
457 1399 623 1490 gentibus
639 1420 701 1488 per
716 1397 965 1466 revelationem
982 1398 1172 1487 positivam
1196 1400 1247 1467 fa·

89 1515 162 1574 cum
182 1507 319 1576 Adamu
342 1516 379 1576 et
397 1508 442 1576 ad
457 1530 516 1576 eas
531 1506 723 1576 traditione
747 1507 956 1591 derivatam,
973 1505 1047 1574 siue
1065 1529 1133 1598 qua
1149 1507 1250 1578 nulla

90 1621 132 1682 a:
148 1615 183 1682 iu
203 1616 381 1684 creaturis
409 1616 454 1684 ad
482 1615 667 1683 humanam
698 1615 867 1682 rationem
899 1613 1138 1684 manifestatio
1168 1615 1248 1685 Dei.
1314 1705 1316 1708 Ι

91 1721 130 1789 At
147 1722 270 1807 sinant,
300 1729 343 1791 ut
366 1723 579 1792 retineamus
601 1723 709 1790 verba
724 1721 899 1811 Apostoli,
918 1730 954 1789 et
969 1723 1020 1789 eis
1035 1745 1104 1790 nou
1121 1724 1249 1792 substi-

92 1835 208 1898 tuamus
229 1831 304 1898 alia
328 1853 398 1898 nou
421 1853 463 1898 ex
487 1829 676 1920 Apostolo,
704 1830 829 1898 sodex
861 1839 1111 1920 praeconcepto
1136 1838 1247 1920 syste-

93 1945 163 2006 mate
184 1937 426 2028 philosophico
449 1938 642 2027 desumpta.
661 1937 781 2028 Neque
805 1936 878 2006 h.l.
898 1960 960 2005 uec
983 1937 1069 2006 alibi
1094 1939 1131 2006 in
1156 1938 1249 2006 Scri·

94 2053 186 2133 ptura,
211 2047 271 2114 ubi
295 2047 422 2135 agitur
445 2046 487 2116 de
511 2045 709 2134 cognitione
729 2044 794 2114 Dei
812 2068 916 2134 peues
931 2045 1079 2114 Iudaeos
1095 2054 1131 2114 et
1146 2067 1250 2135 penes

95 2153 231 2239 gentiles,
256 2154 376 2224 ullum
398 2160 455 2223 est
477 2154 667 2242 vestigium
690 2153 920 2244 oppositionis
942 2153 1039 2222 inter
1065 2155 1250 2222 revelatio·

97 2282 154 2327 uem
174 2261 359 2331 Mosaicam
381 2269 418 2332 ct
440 2261 688 2330 revelationem
718 2261 948 2352 primitivam;
975 2261 1036 2329 sed
1063 2262 1186 2352 agitur
1209 2262 1250 2331 de

96 2369 355 2440 manifestatione
382 2371 535 2439 mediata
568 2393 630 2460 per
664 2376 845 2438 creaturas
875 2369 914 2436 in
948 2369 1165 2458 oppositione
1206 2370 1251 2438 ad

97 2477 389 2548 manifestationem
408 2477 643 2546 immediatam
659 2500 721 2566 per
735 2477 1003 2561 revelationem,
1019 2478 1251 2570 quandocum-

100 2605 148 2672 que
166 2593 199 2654 et
218 2609 280 2676 per
305 2609 555 2678 quemcumque
571 2609 773 2676 praeconem
789 2586 874 2655 haec
891 2587 986 2656 facta
1004 2585 1063 2654 sit.
1082 2586 1151 2654 Ubi
1168 2610 1252 2676 ergo

99 2689 161 2760 huic
181 2695 389 2764 revelationi
413 2694 586 2784 positivae
610 2695 797 2784 opponitur
833 2695 1073 2762 manifestatio
1104 2693 1178 2762 alia
1207 2694 1253 2764 ad

101 2807 208 2886 gentes,
232 2825 305 2893 qua
325 2800 558 2870 «invisibilia
581 2801 646 2870 Dei
669 2823 730 2891 per
753 2823 793 2868 ea
817 2823 905 2892 quaa
922 2801 1130 2884 factasunt,
1148 2799 1252 2868 intel·

101 2902 172 2973 lecta
191 2909 463 3000 conspiciantur,
484 2935 500 2972 u
519 2909 555 2977 in
579 2907 646 2978 hac
669 2907 853 2998 posteriori
882 2907 947 2975 illa
976 2907 1073 2998 prior
1104 2929 1172 2976 non
1200 2907 1252 2976 in·

102 3010 244 3102 cluditur,
268 3017 332 3086 sed
358 3017 395 3086 vi
419 3017 531 3106 ipsius
554 3015 785 3106 oppositionis
808 3015 1026 3085 excluditur.

151 3121 267 3193 Eadem
284 3131 342 3194 cst
357 3125 527 3216 oppositio
539 3125 673 3193 diserta
689 3127 771 3193 Act.
786 3124 885 3193 XIV.
898 3125 953 3193 16.
969 3123 1116 3211 coll.14;
1131 3123 1250 3193 XVII.

104 3223 145 3292 26.
159 3227 207 3298 27.
225 3232 307 3301 οοΙΙ.
326 3233 384 3300 30.
401 3234 495 3301 inter
515 3233 754 3302 testimonium
769 3233 846 3316 Dei,
865 3231 956 3324 quod
974 3255 1036 3321 pro
1054 3230 1254 3300 homiuibus

104 3338 198 3422 posuit
218 3341 258 3410 dc
281 3363 320 3409 se
344 3341 419 3431 ipso
442 3339 481 3408 in
505 3341 690 3426 creaturis,
708 3349 750 3409 ut
774 3347 945 3433 quaerant
967 3341 1091 3425 Deum,
1109 3346 1145 3408 et
1160 3338 1254 3408 inter

106 3445 261 3528 positivam
283 3449 547 3534 revelationem,
566 3471 636 3541 qna
658 3449 893 3517 annuntiatur
908 3449 997 3518 idem
1013 3449 1108 3518 Deus
1131 3448 1251 3534 vivus,

106 3561 214 3621 auctor
235 3555 322 3624 cosli
346 3561 382 3624 et
404 3560 531 3624 terras.
549 3555 633 3624 Pari
656 3557 728 3624 fere
751 3555 850 3624 modo
873 3557 1062 3646 opponitur
1096 3555 1254 3644 cognitio

107 3661 268 3748 sapientiae
292 3663 359 3733 Dei
382 3664 572 3733 relucentis
595 3665 633 3734 in
668 3677 785 3737 creato
814 3667 879 3737 hoc
914 3667 1081 3735 universo
1114 3689 1176 3755 per
1199 3685 1253 3733 sa·

109 3767 247 3853 pientiam
268 3773 489 3859 rationalem,
514 3781 551 3842 et
573 3773 727 3864 cognitio
750 3775 950 3844 divinorum
985 3797 1047 3865 per
1077 3771 1254 3864 praedica·

109 3871 222 3966 tionem,
238 3907 326 3976 quae
350 3883 452 3951 fidem
475 3882 633 3974 postulat
648 3889 728 3952 anta
744 3882 940 3966 scientiam,
959 3887 995 3950 ct
1010 3881 1088 3949 ideo
1112 3879 1254 3950 videtur

111 3982 238 4056 stultitia
258 3991 490 4080 sapientibus,
509 3990 569 4082 qui
586 3989 655 4079 ipsi
672 3989 774 4058 stulti
793 3990 880 4058 facti
897 3997 980 4058 sunt
996 3988 1028 4056 1.
1047 3988 1126 4058 Cor.
1145 3987 1175 4056 Ι.
1194 3986 1252 4056 21:

115 4089 211 4163 ⁸Nam
230 4099 311 4190 quia
335 4099 372 4165 in
395 4096 462 4165 Dei
485 4097 659 4186 sapientia
681 4121 749 4165 nou
776 4098 942 4186 coguovit
957 4096 1107 4164 mundus
1122 4119 1184 4186 per
1200 4117 1254 4164 sa·

114 4195 252 4282 pientiam
271 4207 397 4276 Deum:
423 4204 558 4295 placuit
581 4205 652 4273 Deo
674 4227 737 4296 per
760 4203 952 4274 stultitiam
982 4203 1255 4294 praedicationis

116 4303 206 4378 salvos
220 4313 328 4384 facere
352 4313 532 4383 credentes
549 4313 646 4400 (1).»

162 4451 197 4527 (1)
211 4459 237 4514 8.
247 4461 366 4516 Thomas
378 4463 410 4515 iu
431 4461 462 4514 h.
475 4462 497 4514 1.
510 4461 555 4514 ita
567 4462 789 4515 commentatur:
806 4480 819 4508 s
833 4458 955 4514 Mundus
970 4461 993 4512 i.
1006 4475 1031 4512 a.
1045 4457 1183 4512 mundani
1196 4471 1253 4510 uon
