3224 5068
523 384 561 398 -
582 351 644 414 349
664 383 702 398 -

36 459 119 526 inter
140 456 354 548 Gregorinm
376 455 425 525 Μ.
444 479 545 550 quem
568 455 768 526 andivimus
792 456 981 526 docentem:
1011 484 1027 520 a
1049 475 1205 547 quaeque

36 571 118 648 sunt,
136 587 211 632 non
235 565 272 632 in
295 565 507 633 aeternitate
530 564 606 634 eins
629 565 706 633 ideo
730 563 909 648 videntur,
929 563 1013 655 quia
1029 569 1126 650 snnt;
1145 563 1205 632 sed

35 672 100 740 ideo
121 677 234 756 sunt,
260 671 345 763 qnia
368 671 548 746 videntur.
573 698 589 734 n
616 671 810 761 Gregorius
832 671 925 739 enirn
948 671 1134 739 manifesto
1158 669 1206 738 lo-

34 780 144 871 quitor
168 779 214 848 de
236 778 371 847 actuali
393 779 624 849 coexistentia
636 781 699 869 (1),
724 779 766 848 de
790 801 859 872 qua
882 786 937 848 est
958 802 1001 848 ex
1026 779 1131 848 dictis
1150 801 1208 847 ve·

33 887 215 972 desimam,
241 909 311 954 non
332 887 410 954 ideo
433 909 489 954 res
514 886 628 956 videri
652 909 673 953 a
696 887 780 971 Dec,
803 886 886 977 qnia
908 885 978 953 iam
1002 892 1085 954 actu
1110 892 1205 972 sunt,

33 994 80 1060 sed
94 994 202 1060 immo
218 993 312 1079 inde,
331 993 423 1085 qnod
438 993 535 1062 Deus
557 994 601 1060 ob
624 998 764 1062 aeterno
787 1013 843 1061 res
868 991 976 1076 videt,
996 1014 1207 1084 consequens

32 1107 76 1166 eet
96 1099 296 1176 infallibile,
315 1105 353 1170 et
375 1101 624 1193 consequentia
646 1100 862 1185 necessarie,
889 1105 931 1169 nt
953 1122 1010 1168 res
1033 1121 1097 1189 pro
1119 1104 1204 1167 tem·

33 1207 114 1294 poris
148 1207 357 1276 differentia
387 1214 470 1278 ectu
489 1209 660 1278 -existant
691 1216 729 1277 et
762 1208 814 1276 ita
837 1208 1009 1292 existant,
1035 1228 1099 1297 pro
1135 1229 1204 1298 qua

32 1313 113 1380 Dens
128 1320 167 1382 et
183 1314 281 1384 sicnt
296 1316 392 1385 Dens
414 1339 474 1385 eas
495 1317 686 1386 existentes
702 1315 801 1386 videt
815 1315 879 1404 (2).
897 1315 1022 1385 Patres
1039 1337 1122 1384 vero
1137 1313 1202 1382 elii

86 1568 126 1643 (1)
144 1571 228 1626 Idem
244 1573 298 1627 lnce
314 1572 421 1627 dictum
435 1573 471 1626 ab
484 1571 646 1638 Augustino
660 1573 741 1627 Trin.
753 1573 815 1627 XV.
828 1589 851 1627 c.
860 1573 903 1626 13.
919 1576 949 1625 et
962 1572 1031 1626 eliis
1044 1574 1201 1640 usurpetur

35 1657 191 1716 descientia
204 1664 259 1716 Dei
279 1663 407 1730 practice
426 1667 456 1716 et
473 1663 623 1730 effectrice,
638 1662 671 1716 de
689 1678 746 1731 (μα
764 1663 877 1717 nullum
890 1665 986 1730 potest
999 1659 1199 1728 essedubiurn,

35 1750 91 1814 crin
109 1766 156 1804 res
177 1751 245 1806 ideo
268 1753 339 1820 sint,
362 1753 431 1820 μία
452 1757 619 1806 noscuntur.
637 1753 818 1808 :Universos
837 1757 984 1807 crestcres
1003 1754 1079 1806 Deus
1093 1755 1123 1805 et
1135 1753 1199 1821 spi-

35 1842 141 1894 rituales
162 1847 195 1896 et
214 1844 380 1910 corporales
405 1857 462 1895 non
485 1843 555 1909 (μία
573 1845 650 1908 sunt,
672 1841 736 1894 ideo
756 1841 853 1906 novit;
877 1842 926 1896 sed
948 1840 1012 1894 ideo
1034 1846 1113 1908 suut,
1128 1841 1198 1910 (μία

34 1933 114 1984 norit:
137 1949 197 1986 non
221 1933 298 1986 enirn
322 1933 467 2000 nescivit,
490 1948 563 2000 quse
588 1933 684 1988 iuerat
709 1935 869 1986 creaturus.
897 1932 972 1998 Quia
995 1947 1061 1998 ergo
1090 1932 1196 1998 scivit,

34 2023 139 2089 crearit,
161 2039 221 2077 uon
244 2025 313 2092 quic
332 2026 455 2092 creavit,
476 2025 574 2079 scirit.
588 2047 600 2071 n

84 2110 123 2184 (2)
136 2114 166 2168 S.
175 2115 301 2168 'rhomes
314 2117 415 2169 multis
428 2117 460 2169 in
471 2117 542 2170 locis
553 2116 646 2170 lucide
665 2115 793 2169 declarat
802 2114 997 2181 praesentiam
1007 2127 1101 2166 rernm
1114 2114 1144 2165 ln
1156 2127 1199 2165 ee·

35 2207 101 2255 lerna
114 2205 230 2258 risione
241 2205 294 2258 Dei
306 2205 526 2272 intelligendam
537 2221 600 2258 esse
610 2204 762 2260 secundum
776 2221 830 2256 esee
840 2203 1040 2270 cognoscibile,
1051 2204 1120 2270 (μία
1132 2223 1145 2250 u
1156 2201 1198 2255 di-

36 2293 106 2346 rinus
116 2296 246 2348 intuitus
256 2296 350 2349 iertnr
359 2311 446 2365 snper
457 2311 538 2350 omne
551 2301 692 2364 tempos»
704 2299 792 2363 etque
804 2294 868 2348 ideo
878 2295 967 2347 Deum
978 2309 1023 2346 res
1034 2295 1199 2358 contingen·

35 2387 67 2434 tes
76 2401 127 2438 non
140 2401 322 2454 cognoscere,
337 2391 424 2456 prout
433 2391 503 2441 sunt
512 2387 604 2441 adhuc
616 2389 648 2440 in
658 2402 711 2440 sue
721 2401 807 2440 cansa
815 2387 946 2453 proxima
956 2384 1197 2438 indeterminatae

37 2473 64 2522 cd
74 2491 123 2526 eece
135 2479 182 2530 vel
197 2494 259 2529 non
272 2494 337 2542 ωας
350 2478 400 2536 sed
411 2479 520 2532 visioni
532 2479 586 2532 Dei
604 2479 720 2532 subesse
731 2477 824 2545 ipsum
836 2493 889 2528 sese
901 2491 996 2529 rerum
1007 2474 1198 2528 determinate

36 2563 205 2622 existentium
218 2585 270 2636 pro
283 2572 384 2639 aliqua
395 2573 533 2640 temporis
549 2571 723 2642 differentis.
737 2556 835 2624 «Turio
847 2570 960 2637 aliquid
974 2570 1156 2635 cognoscitur
1165 2573 1199 2622 ut

37 2651 146 2709 irtnrum
160 2663 218 2726 est,
234 2659 348 2727 quando
365 2662 443 2714 inter
455 2663 647 2727 cognitionem
658 2661 855 2726 cognoscentis
870 2662 900 2712 et
912 2661 956 2712 rel
969 2662 1103 2712 eventurn
1117 2659 1197 2711 iove·

37 2741 101 2796 uitur
109 2746 177 2802 crdo
188 2751 344 2815 praeteriti
354 2751 390 2804 sd
400 2751 539 2804 futurum.
551 2753 605 2805 llic
617 2755 712 2805 eutem
725 2749 793 2804 ordo
805 2765 860 2803 noo
871 2753 968 2817 potest
977 2748 1105 2802 inveniri
1119 2748 1197 2800 inter

38 2833 211 2895 cognitionem
242 2838 370 2893 divinam
397 2845 427 2894 et
447 2856 650 2909 quemcumque
673 2857 732 2894 rem
756 2840 986 2905 contingentem
1010 2837 1059 2891 sed
1087 2851 1198 2904 semper

37 2921 90 2976 ordo
108 2926 227 2983 divinae
247 2931 421 2996 cognitionis
442 2932 479 2986 ad
497 2948 556 2986 rem
571 2947 774 3000 quemeumque
794 2936 838 2984 est
853 2933 928 2985 sicut
947 2929 1015 2984 ordc
1035 2929 1198 2996 praesentis

39 3011 401 3080 tiprsesens.»1>eclcrat
419 3022 472 3075 hoc
490 3022 686 3076 similitudine
710 3023 853 3088 bominis,
877 3022 927 3088 qui
947 3019 1062 3073 videret
1090 3020 1196 3072 multos

38 3109 179 3162 successive
198 3113 387 3164 transeuntes
409 3129 459 3178 per
479 3114 565 3166 visin.
587 3114 642 3168 «si
664 3129 717 3165 ena
737 3113 813 3165 risio
833 3115 895 3164 tots
914 3110 1000 3163 simul
1020 3112 1119 3176 posset
1138 3109 1196 3161 exi·

39 3195 108 3260 scre,
128 3199 214 3254 simul
234 3201 471 3267 praesentialiter
483 3203 655 3269 transirent;
671 3203 745 3256 unde
759 3219 820 3256 cum
836 3202 912 3255 visio
925 3201 1043 3254 divinae
1058 3199 1196 3253 scientiae

39 3285 194 3342 caminate
225 3295 416 3358 mensuretur,
444 3307 516 3360 ques
536 3296 582 3345 est
602 3295 665 3346 tote
683 3293 770 3345 simul
790 3297 820 3346 et
839 3296 934 3345 tannen
964 3293 1055 3344 totum
1081 3293 1194 3356 ternpus

38 3369 144 3432 includit
161 3393 214 3433 nec
233 3381 322 3434 alicui
342 3383 422 3449 parti
440 3383 578 3450 temporis
595 3382 686 3450 deest,
709 3382 852 3449 seqnitur,
873 3385 906 3436 ut
925 3379 1067 3449 quidquid
1080 3381 1111 3432 in
1125 3383 1193 3432 tern-

40 3475 90 3524 l⁰r⁰
109 3469 229 3536 geritur,
246 3485 304 3524 non
325 3475 359 3524 ut
376 3472 504 3526 futurum
525 3472 574 3526 sed
591 3477 625 3526 ut
644 3487 780 3540 praesens
800 3471 925 3526 videat»
941 3471 969 3524 S.
981 3471 1034 3524 rh.
1047 3469 1082 3522 de
1104 3469 1192 3524 verit.

40 3552 126 3612 bie.
138 3558 181 3611 12.
202 3559 284 3612 Unde
302 3561 435 3616 inserts.
450 3563 563 3629 Doctor,
578 3576 683 3615 nexum
696 3562 775 3615 inter
793 3562 845 3615 boc
863 3561 983 3614 dictum:
1000 3561 1025 3614 si
1046 3561 1122 3613 Dens
1139 3560 1196 3613 scit

40 3639 142 3711 ‘liquid
152 3648 229 3702 illud
250 3651 316 3718 erit,
340 3667 402 3704 esse
421 3667 524 3706 nexum
545 3653 747 3720 necessarium,
760 3653 830 3706 licet
841 3666 887 3704 rea
900 3652 932 3704 in
950 3666 980 3706 se
994 3651 1195 3716 contingenter

40 3730 75 3781 vel
94 3734 178 3790 libere
196 3737 257 3792 flet.
278 3740 350 3794 Nam
366 3761 379 3788 a
391 3742 460 3794 licet
478 3743 649 3809 contingens
667 3757 724 3795 non
750 3743 792 3795 sit
808 3741 1038 3808 determinatum,
1058 3739 1195 3808 quamdiu

42 3815 146 3880 isurun
164 3833 219 3896 est,
240 3833 335 3883 umen
356 3847 390 3883 ex
416 3847 471 3899 (μο
490 3832 657 3899 productum
679 3837 724 3886 est
740 3833 771 3886 in
788 3847 883 3886 rernm
899 3836 1018 3898 natura,
1041 3831 1194 3885 verlwtem

41 3905 235 3973 determinatam
256 3920 360 3989 bebet;
387 3927 418 3975 et
432 3923 485 3975 hoc
506 3922 586 3975 niodo
605 3938 691 3990 snper
714 3922 789 3976 illud
815 3923 909 3976 fertur
930 3921 1056 3975 intuitus
1076 3919 1195 3974 divinae

43 4005 217 4064 iotuitionis»
232 4011 306 4064 ibid.
321 4011 357 4064 ad
376 4013 570 4065 l.u1ntuitns
598 4012 715 4067 divinae
741 4013 916 4080 cognitionis
945 4012 1039 4066 fertur
1060 4009 1096 4063 ed
1116 4025 1192 4077 rem,

43 4095 169 4152 secundun
189 4100 264 4167 quod
287 4105 332 4154 est
345 4103 376 4154 in
397 4118 449 4156 sne
468 4103 731 4171 praesentialltate,
754 4107 839 4172 prout
860 4106 906 4156 est
925 4102 981 4155 iarn
1003 4100 1195 4155 determinate

45 4175 71 4227 td
86 4197 169 4255 uuum,
187 4193 219 4241 et
237 4191 361 4244 alterins
380 4195 520 4259 quantun
539 4191 576 4245 ad
595 4193 647 4246 hoo
667 4207 723 4245 non
743 4195 840 4258 potest
853 4191 973 4244 variari.
992 4191 1023 4245 Si
1040 4195 1134 4244 eutem
1148 4207 1194 4245 res

44 4263 92 4331 ille
108 4275 187 4332 elisur
208 4278 426 4347 dispositionem
446 4282 579 4349 accipiat,
597 4281 653 4334 illa
671 4282 776 4335 iterum
791 4281 848 4334 erit
859 4279 956 4333 eodem
973 4279 1053 4334 modo
1074 4281 1193 4334 divinae

47 4355 128 4416 risioni
152 4368 297 4435 subiecta,
322 4373 352 4423 et
377 4369 419 4423 sic
438 4371 561 4424 scientia
580 4372 633 4424 Dei
654 4373 736 4424 nullo
758 4369 838 4424 modo
859 4370 1013 4424 verlabilis
1033 4374 1104 4424 est»
1118 4369 1191 4422 ibid.

46 4457 65 4494 ⁸·
75 4448 108 4502 li·
118 4455 207 4521 igitur
228 4457 310 4512 docet
323 4458 489 4528 Angelicus,
510 4459 622 4528 quando
644 4462 743 4528 agitur
768 4459 803 4514 de
825 4460 938 4515 risione
962 4461 1014 4514 Dei
1033 4459 1191 4512 infallibili
