3292 5062
454 377 458 386 .
549 323 670 384 -177
690 355 728 369 -

122 425 185 496 Sed
208 427 242 495 ei
266 427 351 497 baec
381 428 435 496 ita
466 433 573 514 eunt,
600 428 662 521 qui
690 427 753 514 fit,
779 433 821 498 ut
847 428 943 497 Deus
972 433 1088 496 canen
1119 428 1231 518 possit

65 541 245 602 creaturam
283 533 559 605 intellectualem
593 536 912 626 supernaturaliter
938 536 1077 605 elevare
1107 536 1152 604 ad
1176 535 1228 604 in-

64 641 214 708 tuitivam
241 640 411 710 visionem
434 641 524 710 Dei?
542 641 612 711 Gur
634 643 730 712 Dens
753 666 821 710 non
846 649 960 732 potest
983 665 1101 712 creare
1124 641 1227 710 intel-

63 747 173 816 lectum
196 747 257 817 cui
274 748 323 818 eit
338 750 513 818 naturalis
535 749 598 820 ille
615 750 742 820 modus
765 749 1006 840 cognoscendi,
1032 773 1132 842 quem
1153 755 1228 839 pot·

63 860 105 921 cst
119 853 223 922 alteri
246 855 446 926 intellectui
458 864 574 928 creato
589 858 734 928 reddere
746 857 1007 928 connaturalem
1025 880 1085 947 per
1101 856 1228 926 donum

62 962 314 1052 superadditum
336 970 374 1034 et
396 967 685 1056 supernaturale?
701 965 799 1050 Quae
816 967 853 1034 iu
870 965 935 1035 hac
952 965 1159 1036 difficultate
1175 966 1227 1036 di·

61 1077 185 1154 cuntur,
199 1075 345 1160 praeter
367 1070 472 1163 plura
494 1072 567 1142 alia
589 1079 798 1163 argumente
812 1071 937 1141 Ioanni
951 1070 1077 1140 Maiori
1092 1079 1128 1142 et
1143 1095 1226 1141 non·

61 1177 155 1244 nullis
175 1178 434 1248 recentioribus
458 1179 699 1264 Scholasticis,
724 1180 818 1249 inter
841 1203 927 1272 quos
958 1187 1042 1248 snut
1073 1180 1227 1270 Ripalda

63 1283 107 1370 (de
119 1283 209 1354 Ente
226 1284 495 1376 supernaturali
514 1287 555 1356 Τ.
574 1287 606 1357 Ι.
624 1287 714 1378 disp.
732 1287 788 1374 235
801 1287 842 1356 Τ.
855 1287 904 1356 ΙΙ.
922 1287 1055 1378 disput.
1069 1287 1148 1356 ¹132.
1164 1309 1225 1356 seu

62 1391 181 1477 ultima,
199 1400 290 1463 sect.
307 1394 383 1482 40.)
399 1402 436 1463 et
457 1394 616 1465 Becauus
640 1396 691 1484 (in
708 1395 740 1464 1.
764 1397 803 1464 P.
823 1395 943 1465 Tract.
958 1395 988 1463 1.
1008 1419 1038 1464 c.
1057 1395 1090 1464 9.
1109 1419 1142 1487 q.
1159 1395 1222 1483 5.),

63 1506 298 1588 ριιιιιιιιοτιιιιι
320 1501 591 1593 possibilitatem
614 1509 753 1572 creatae
776 1501 995 1572 substantiae
1024 1517 1224 1591 supernata·

62 1606 146 1686 ralis,
163 1614 203 1676 ut
227 1607 300 1698 ipsi
324 1609 561 1698 appellabant;
579 1608 616 1676 h.
634 1631 664 1678 e.
684 1609 904 1679 substantiae
928 1595 1077 1694 creatae,
1097 1609 1154 1679 cui
1172 1610 1224 1678 vi-

63 1714 102 1782 ric
121 1715 182 1784 Dei
206 1717 372 1786 beatifica
393 1724 430 1785 et
452 1723 704 1808 consequenter
726 1717 817 1786 dona
840 1717 990 1808 gratiae,
1016 1739 1105 1810 quae
1130 1739 1223 1787 crea·

61 1822 138 1891 turis
156 1823 194 1892 in
217 1825 399 1915 praesenti
421 1825 542 1896 ordine
566 1827 800 1896 existentibus
825 1832 909 1895 sunt
923 1825 1222 1916 supernaturalia,

63 1931 159 2000 fomnt
180 1939 460 2002 commensurata
488 1939 525 2004 et
555 1934 747 2004 naturalia.
780 1934 889 2003 Nobis
921 1956 1004 2002 vero
1033 1933 1224 2004 difficultas

65 2038 234 2126 proposita,
252 2039 286 2108 si
310 2039 395 2130 quid
418 2039 526 2124 valet,
544 2039 662 2130 potius
685 2040 832 2130 probare
848 2039 1002 2124 videtur,
1021 2040 1131 2130 ipsam
1148 2063 1222 2130 pos·

63 2145 250 2216 abilitatem
273 2147 370 2216 sicut
391 2131 620 2216 exaltationis
642 2147 687 2217 ad
711 2147 879 2217 visionem
901 2148 968 2216 Dei
990 2149 1221 2233 intuitivam,

65 2251 105 2320 iu
122 2253 229 2323 mtius
253 2253 390 2324 ordinis
412 2255 551 2345 gratiae
573 2263 610 2324 et
625 2255 917 2325 sanctificationis
941 2255 1223 2346 supernaturalis

66 2359 122 2428 eolo
141 2361 273 2432 lumina
303 2363 452 2432 rationis
485 2363 646 2453 cognosci
681 2385 722 2432 ac
757 2363 987 2432 demonstrari
1021 2386 1089 2431 non
1124 2385 1223 2454 posse

67 2469 113 2552 (ci.
129 2469 256 2540 Sueten
272 2470 300 2540 l.
318 2469 367 2538 II.
387 2493 416 2540 o.
437 2471 469 2540 7.
488 2494 524 2538 n.
543 2471 628 2559 la).
650 2469 839 2561 Supposita
861 2477 979 2540 autem
1014 2479 1221 2562 supernatu-

67 2575 136 2646 ralis
155 2579 366 2649 elevationis
389 2579 603 2650 revelatione
626 2579 815 2650 difficultas
838 2579 942 2650 facile
966 2579 1130 2649 solvitur.

116 2683 198 2754 llam
213 2687 249 2755 1ο
263 2687 406 2777 proprio
429 2709 533 2756 sensu
555 2693 592 2756 et
614 2685 1073 2774 absoluteaapernctarclis
1095 2691 1150 2755 eet
1170 2709 1221 2754 so-

68 2785 122 2858 lum
141 2791 199 2863 ille
221 2794 309 2864 ordo
331 2794 486 2878 dimone,
501 2794 562 2887 qui
577 2793 715 2864 excedit
729 2793 943 2884 exigentiam
959 2792 1220 2863 connaturalem

68 2905 94 2964 st
111 2900 196 2972 vires
229 2902 385 2972 omnium
417 2909 626 2973 naturarum
657 2907 733 2990 (seu
764 2901 1056 2989 substantiarum)
1087 2901 1221 2970 ordinis

70 3006 166 3074 creati.
184 3007 223 3076 Si
246 3007 341 3076 enim
363 3010 627 3098 supernaturale
649 3009 761 3077 solum
785 3009 961 3078 diceretur
986 3009 1132 3088 relative
1154 3011 1218 3093 ita,

69 3113 189 3203 utquod
211 3115 330 3184 ordini
352 3116 526 3207 superiori
549 3123 791 3185 creaturarum
814 3123 868 3185 est
890 3115 1066 3200 naturale,
1092 3115 1141 3184 sit
1163 3139 1220 3186 su·

71 3221 268 3303 per-naturale
293 3243 376 3312 prae
401 3223 522 3293 ordine
538 3223 717 3308 inferiore,
737 3224 850 3292 multa
866 3224 971 3293 etiam
987 3224 1025 3292 in
1041 3226 1221 3314 praesenti

71 3323 165 3398 ordine
186 3352 277 3421 quae
300 3330 496 3421 theologice
518 3338 556 3401 et
578 3331 787 3422 simpliciter
810 3337 894 3402 sunt
916 3333 1117 3417 naturalia,
1144 3357 1218 3423 pos·

73 3437 132 3498 ent
156 3433 224 3506 dici
255 3437 543 3527 supernaturalia
571 3435 721 3508 r‘elative
743 3461 827 3529 prae
862 3439 1043 3508 ordinibus
1075 3440 1218 3509 inferio·

71 3535 148 3608 ribus
160 3544 203 3628 (e.
221 3569 257 3634 g.
276 3545 501 3614 rationalitas
523 3568 606 3636 prae
629 3546 744 3615 brutis
767 3546 980 3616 animalibus
995 3549 1092 3634 etc.);
1112 3554 1219 3639 atque

74 3641 111 3710 ita
122 3645 189 3737 ipsa
202 3651 300 3720 notio
314 3650 449 3720 ordinis
465 3673 546 3721 vere
561 3653 844 3743 supernaturalis
858 3655 1137 3745 perturbaretur.
1153 3655 1218 3724 Re·

72 3753 148 3820 tenta
166 3763 279 3827 autem
301 3757 499 3848 theologica
516 3765 600 3828 vert
613 3760 753 3829 notione
768 3761 1051 3850 supernaturalis
1069 3761 1215 3846 ordinis,

73 3851 248 3930 ιιιόιιαιιείαΙ
261 3879 378 3932 oeeotc
409 3867 687 3955 supernaturalis
720 3868 875 3938 involvit
906 3868 1217 3939 contradictionem

74 3959 257 4040 internicie
271 3972 369 4058 (vide
383 3971 513 4042 Suareu
531 3973 557 4042 l.
576 3973 626 4043 II.
645 3997 676 4043 c.
695 3973 729 4042 9.
747 3999 782 4044 n.
803 3975 858 4044 14.
878 3975 964 4064 15.).

123 4073 162 4144 2·-
178 4077 383 4150 Substantia
406 4082 508 4150 cuius
529 4089 677 4151 naturae
700 4089 977 4153 commensurata
1000 4089 1093 4154 esset
1126 4084 1218 4154 visio

76 4175 125 4248 Ilei
142 4183 322 4274 intuitiva‚
339 4188 480 4259 deberet
501 4211 576 4260 esse
605 4191 642 4259 in
674 4193 794 4262 ordine
826 4194 919 4263 entis
948 4193 1085 4279 divini,
1111 4199 1217 4286 atque

77 4285 141 4358 odeo
158 4315 219 4364 nou
240 4319 315 4367 esea
337 4303 512 4382 creatura,
526 4304 568 4369 ut
590 4299 827 4389 probavimus:
844 4306 967 4370 utnon
982 4301 1059 4371 ideo
1074 4301 1217 4371 evidens

79 4388 261 4490 intelligitur
283 4404 531 4494 repugnantia,
557 4412 593 4475 et
615 4428 657 4474 ex
679 4407 894 4477 revelatione
917 4409 1143 4498 cognoscitur
1165 4429 1215 4476 rs·

192 4531 342 4585 Interdiu
1042 4535 1076 4590 la
