3280 5070
550 396 587 414 ..
607 364 668 426 503
689 397 726 412 ..

123 474 168 542 2⁹.
195 473 307 544 Sensu
323 473 436 562 magis
452 471 617 540 restricto
633 476 670 541 ot
685 472 856 540 communi
875 493 941 540 usu
956 471 1228 560 praedestinatio

62 604 123 650 non
155 579 286 648 dieitur
317 579 387 646 nisi
411 579 453 648 de
477 577 703 668 dispositione
727 601 868 666 operum
890 578 956 648 Dei
979 579 1016 646 in
1041 581 1160 651 ordine
1183 582 1228 650 ad

61 687 204 756 mlutam
215 693 390 757 aeternam
403 693 646 756 ereaturarum
662 685 901 756 rationalium.
922 687 1169 758 Verumtamen
1186 689 1229 756 ab

60 795 258 884 Augustino
280 801 316 862 et
338 795 421 862 aliie
444 794 612 864 Patribus
635 816 712 862 eum
737 794 869 862 secutis
899 793 993 862 Deus
1024 797 1229 889 quandoque

61 903 188 972 dicitur
210 902 469 994 praedestinare
492 903 598 972 etiam
622 903 667 972 ad
690 901 874 971 interitum
890 910 927 972 et
942 902 986 972 ad
1009 926 1150 993 poenam
1168 928 1229 994 pro

62 1011 227 1102 peccatis,
261 1010 345 1104 quie
374 1033 484 1100 poena
515 1031 597 1078 rane
621 1033 706 1100 opus
730 1009 795 1078 Dei
811 1015 866 1078 est
880 1011 1055 1100 praevisis
1077 1012 1229 1102 peccatis

61 1119 263 1208 dispositum
277 1121 321 1187 ab
336 1125 496 1205 aeterno;
515 1117 616 1186 nulla
632 1140 714 1188 vero
731 1117 867 1186 ratione
882 1117 953 1188 dici
969 1126 1116 1208 possunt
1132 1143 1228 1210 prae·

60 1225 232 1295 destinata
242 1233 396 1316 peecata,
411 1227 495 1317 quia
507 1247 593 1314 opus
609 1224 675 1294 Dei
691 1247 760 1292 non
774 1230 870 1294 eunt:
892 1253 908 1289 c
926 1225 1115 1294 damnandi
1130 1247 1228 1316 prae·

60 1332 222 1402 destinati
246 1339 330 1401 sunt
353 1338 494 1422 propter
511 1331 732 1423 iniquitatem
753 1329 935 1420 superbiae
954 1358 968 1392 n
988 1331 1083 1421 Aug.
1098 1331 1141 1402 de
1154 1355 1228 1422 pee-

60 1448 122 1509 cat.
138 1463 222 1509 mer.
239 1447 275 1510 et
285 1439 420 1508 remiss.
439 1438 464 1506 l.
484 1438 534 1506 11.
552 1461 588 1506 u.
606 1437 663 1506 26.
681 1467 697 1501 a
712 1437 913 1508 infidelitas
929 1461 996 1508 non
1012 1440 1228 1510 credentium

59 1547 238 1639 evangelio
260 1569 477 1640 nequaquam
508 1569 550 1616 ex
575 1545 893 1637 praedestinatione
925 1547 989 1616 Dei
1016 1553 1225 1637 generatum

61 1657 220 1724 bonorum
243 1655 333 1725 euim
349 1656 443 1724 Deus
461 1659 584 1722 auctor
599 1661 736 1722 estnon
752 1651 934 1725 malorum.
951 1653 1229 1725 Praedestinatio

59 1765 168 1854 igitur
190 1765 256 1834 Dei
279 1787 413 1855 semper
435 1764 473 1832 in
495 1764 582 1832 bono
598 1767 662 1850 est,
682 1768 745 1830 eut
767 1762 812 1831 ad
835 1762 1103 1832 retributionem
1126 1764 1228 1834 iasti-

60 1873 124 1942 tiae
146 1877 211 1941 aut
233 1872 278 1940 ad
301 1871 522 1940 donationem
547 1869 726 1960 pertinens
749 1867 922 1958 gratiae»
953 1869 989 1938 S.
1009 1869 1157 1960 Prosper
1186 1869 1229 1938 ad

60 2000 127 2067 cap.
139 1978 229 2048 XIV
241 1977 375 2047 Gallor.
398 2007 413 2042 a
432 1976 602 2046 Dominus
615 1975 753 2066 iniquos
764 1980 802 2044 et
813 1973 937 2064 impios
951 1975 1231 2064 praedestinavit

60 2085 99 2154 ad
120 2085 318 2170 interitmn,
345 2106 444 2177 quem
468 2083 523 2152 ira
545 2083 634 2154 iusti
656 2082 784 2153 iudicis
807 2083 1031 2172 peccantibus
1055 2083 1226 2171 reddidit;

59 2217 120 2263 nou
143 2195 188 2265 ad
212 2193 408 2278 interitum,
427 2215 495 2284 quo
517 2192 554 2260 iu
578 2213 614 2260 ee
638 2193 727 2262 iram
741 2191 808 2262 Dei
823 2192 1041 2282 peccantiam
1057 2193 1229 2284 iniquitas

61 2302 261 2391 provocavit
278 2328 293 2364 e
313 2300 351 2369 S.
365 2299 532 2389 Fulgent.
549 2299 594 2369 ad
606 2299 747 2368 llonim.
762 2299 788 2368 l.
803 2299 833 2368 Ι.
850 2323 880 2369 c.
895 2299 952 2370 26.
972 2300 1027 2368 Ex
1043 2300 1171 2393 quibus
1186 2300 1229 2368 li·

62 2409 298 2500 quidissimum
312 2413 378 2492 est,
396 2407 563 2476 Patribus
578 2431 765 2500 numquam
782 2408 819 2477 iu
838 2415 985 2478 mentem
1003 2407 1138 2478 venisse
1155 2429 1229 2476 eam

61 2515 345 2605 significationem
353 2514 505 2584 nominis
513 2515 801 2603 praedestinatio,
811 2522 851 2584 ut
859 2539 920 2606 per
928 2515 1231 2605 particulamprae

62 2623 247 2693 antecessio
270 2622 472 2712 designetur
497 2623 701 2692 nouaclum
725 2624 769 2693 ad
793 2623 905 2714 operis
936 2623 1051 2692 divini
1078 2623 1228 2695 existen·

61 2731 150 2815 tiam,
177 2731 237 2800 sed
259 2731 365 2799 etiam
387 2729 431 2799 ad
456 2753 587 2800 omnem
611 2733 727 2822 operia
749 2733 893 2801 humani
917 2731 1182 2822 praevisionem.

119 2837 228 2907 Porro
243 2859 309 2906 usa
325 2837 418 2928 apud
433 2838 557 2907 Patres
574 2839 805 2931 frequentiori
821 2845 858 2908 et
873 2839 942 2906 iam
958 2837 1130 2909 communi
1151 2859 1228 2910 eon·

62 2945 195 3014 stitutio
219 2967 345 3036 poenae
361 2945 651 3015 sedamnationis
668 2945 868 3037 appellatur
883 2946 1095 3036 reprobata,-
1107 2967 1229 3019 nomen

62 3073 136 3120 vero
152 3051 487 3140 praedestinationis
510 3043 728 3124 rescirvatum
751 3061 807 3123 est
828 3077 891 3144 pro
909 3053 1135 3143 dispositione
1151 3073 1228 3142 ope·

61 3181 130 3227 rum
145 3160 213 3229 Dei
225 3161 493 3230 conducentium
506 3163 550 3231 ad
568 3163 680 3232 vitam
695 3169 884 3245 aeternam,
903 3168 939 3230 et
955 3161 1052 3231 vitae
1067 3167 1229 3230 aeternae

62 3263 177 3353 ipsius.
205 3267 313 3336 Immo
336 3291 415 3336 oum
438 3268 531 3338 inter
555 3267 640 3337 hace
663 3290 767 3359 opere.
789 3269 911 3361 aliqua
933 3269 1007 3338 sint
1035 3291 1096 3358 per
1127 3291 1163 3338 se
1194 3271 1231 3337 et

63 3375 248 3465 ontologiee
265 3373 455 3459 naturalia,
481 3395 522 3444 ao
545 3373 635 3444 dona
647 3376 785 3465 gratiae
810 3377 921 3471 solum
947 3383 1123 3461 externae,
1142 3396 1230 3467 quae

64 3487 382 3574 praesupponuntur
404 3483 505 3552 donis
529 3484 869 3574 supernaturalibus,
896 3484 1089 3555 cuiusmodi
1106 3483 1228 3554 benefi-

63 3587 108 3654 cia
135 3613 198 3681 per
221 3613 257 3660 se
281 3591 461 3660 naturalia
485 3600 732 3682 computantur
756 3594 886 3664 creatio
909 3593 1008 3683 ipsa,
1034 3600 1171 3683 tempus
1194 3599 1230 3662 et

64 3693 150 3766 locus
171 3698 358 3784 nascendi,
384 3698 537 3769 conditio
560 3706 597 3769 et
620 3721 730 3768 mores
753 3707 958 3790 parentum,
984 3701 1072 3770 bona
1096 3701 1229 3772 indoles

64 3805 229 3873 naturalis
247 3813 283 3876 et
305 3805 378 3874 alia
396 3806 512 3896 plura:
527 3813 711 3897 propterea
723 3829 765 3877 ex
779 3831 845 3877 usu
857 3829 898 3877 ao
912 3808 1010 3877 modo
1022 3808 1228 3897 disputandi

65 3909 251 3980 solemniori
281 3935 386 4002 penes
416 3913 686 4002 Augustinum,
713 3937 812 4006 quem
836 3914 901 3982 alii
924 3914 1047 3983 saltem
1070 3914 1227 4007 plerique

65 4025 258 4106 sequuntur,
277 4018 552 4109 praedestinatio
577 4021 818 4091 consideratur
841 4022 953 4113 quoad
970 4021 1034 4092 illa
1050 4021 1124 4090 sola
1141 4023 1229 4092 bone

65 4127 337 4212 supernaturalia
360 4127 522 4196 ordinata
546 4130 590 4198 ad
614 4129 764 4200 salutem
793 4137 981 4215 aeternam,
999 4151 1088 4221 quae
1104 4153 1228 4222 suppo-

66 4227 134 4299 sitis
155 4237 243 4324 (pro
265 4237 440 4324 praesenti
464 4243 562 4305 statu
577 4243 727 4308 naturae
742 4239 883 4330 lapsae)
900 4239 1123 4329 generalibus
1148 4243 1226 4310 fau·

66 4334 222 4413 donantis
243 4327 503 4434 redemptionis,
528 4345 765 4416 institutionis
788 4347 966 4418 Ecclesiae
982 4356 1018 4418 et
1032 4370 1225 4418 sacramen·

66 4451 177 4536 torum,
203 4456 412 4542 praeparata
435 4459 518 4521 sunt
541 4451 695 4543 siugulis
718 4453 926 4524 homiuibus.
