3262 5076
901 401 939 416 ..
961 369 1023 431 402
1042 401 1080 415 -

406 477 678 549 monstravimus
708 481 850 545 ootuum
887 473 1076 542 liberorum
1112 471 1272 542 obsolute
1301 471 1512 541 futurorum
1542 469 1581 538 od

405 583 586 654 seientiam
609 583 767 662 sistente,
791 579 909 648 eodem
932 575 1119 646 intercedit
1141 575 1236 646 inter
1257 583 1362 645 notus
1385 575 1452 668 qui
1468 576 1584 642 forent

405 690 471 759 sub
494 687 690 758 eruditione
706 695 741 754 et
763 683 856 754 inter
872 683 1053 754 scientium
1069 681 1228 751 mediam.
1246 683 1428 752 videlieet
1448 685 1586 749 ναείωιι

402 799 504 886 prior
526 794 662 884 oouoipi
684 793 784 862 debet
805 798 983 884 tsmqnom
1005 791 1177 861 terminus
1206 790 1374 860 soientise
1405 789 1586 858 obieotivn

405 902 552 986 veritae,
575 900 664 991 quod
680 905 781 969 sotus
796 899 862 967 sub
876 897 944 966 toli
967 897 1165 966 conditione
1181 897 1329 966 futurus
1349 904 1462 981 esset,
1485 916 1585 987 quem

404 1007 606 1080 terminatio
630 1007 772 1076 divinoe
803 1005 972 1076 soientise
994 1007 1039 1075 sd
1069 1005 1182 1096 ipsun
1213 1003 1309 1074 hune
1331 1011 1478 1072 toturn:
1513 1023 1586 1092 pro·

405 1122 526 1208 pterea
546 1135 616 1182 non
638 1111 723 1182 heeo
746 1112 895 1182 eoientie
908 1111 976 1181 Dei
997 1117 1053 1181 eet
1074 1133 1193 1196 osum,
1217 1118 1259 1179 ut
1273 1117 1375 1182 notus
1389 1111 1510 1196 foret;
1529 1108 1585 1176 sed

406 1221 541 1292 verius
559 1219 663 1290 liberi
680 1226 782 1290 eotus
798 1220 862 1288 sub
878 1219 1075 1288 eonditione
1091 1219 1206 1288 futuri
1222 1225 1278 1288 est
1291 1219 1397 1302 ratio,
1416 1239 1489 1286 our
1504 1215 1586 1284 tolie

406 1329 456 1398 sit
484 1327 690 1397 terminatio
721 1325 902 1396 soientiee.
935 1325 1055 1409 Quare
1084 1349 1154 1396 non
1184 1325 1297 1395 solum
1319 1345 1342 1392 e
1363 1345 1444 1393 neo
1476 1323 1586 1392 libere

404 1435 573 1506 eleotione
594 1433 740 1525 pendet,
766 1433 811 1502 ed
834 1433 972 1526 quelom
994 1455 1107 1502 meum
1138 1439 1257 1502 notum
1286 1433 1441 1502 liberum
1465 1432 1586 1519 (inter

404 1563 463 1612 eos
484 1563 619 1626 ornnes,
644 1539 690 1609 od
713 1561 800 1632 quos
832 1540 982 1609 libertos
1012 1540 1088 1610 sive
1116 1561 1180 1631 per
1209 1562 1246 1610 se
1274 1539 1352 1608 sive
1381 1538 1531 1609 elevate
1551 1545 1584 1607 et

405 1649 603 1721 ooniortoto
637 1669 700 1738 per
728 1647 882 1736 gretiam
912 1648 1145 1734 extenditur)
1171 1653 1316 1717 eeterne
1346 1647 1505 1717 scientie
1534 1646 1581 1714 ri·

405 1757 515 1826 sionis
537 1756 766 1844 terminetur;
793 1755 853 1826 sed
876 1757 1003 1847 pendet
1025 1757 1069 1824 ob
1091 1757 1210 1826 eodem
1232 1777 1308 1826 rnen
1330 1755 1517 1839 libertate,
1541 1754 1582 1821 ed

405 1864 541 1958 qualem
564 1869 681 1932 sotum
704 1884 747 1932 ex
770 1864 929 1933 omnibus
951 1863 1039 1932 mihi
1060 1864 1183 1934 liberis
1213 1866 1279 1934 eub
1302 1863 1526 1954 hypothesi,
1553 1859 1581 1928 si

405 1969 638 2040 eonstituerer
660 1967 698 2036 in
720 1967 854 2038 tnlibue
877 1967 1135 2038 conditionibus
1157 1975 1258 2038 ortus
1281 1968 1407 2059 primi,
1434 1967 1582 2038 soienb's

404 2077 519 2148 medio
532 2077 722 2146 referetur.
756 2075 966 2145 Intellibilis
988 2097 1073 2166 ergo
1096 2075 1246 2146 soientio
1267 2075 1346 2162 Dei,
1370 2075 1462 2168 quid
1486 2075 1579 2143 hono

403 2187 470 2257 eub
493 2185 620 2278 quevis
644 2183 855 2268 conditione,
875 2184 959 2253 siin
983 2205 1024 2254 ea
1046 2183 1334 2269 constitueretur,
1359 2191 1513 2254 noturus
1534 2205 1577 2249 ee

404 2301 471 2380 set,
496 2317 564 2362 non
580 2292 695 2382 megis
711 2291 818 2361 officit
832 2291 992 2362 libertati
1016 2314 1119 2385 quern
1142 2291 1348 2362 infallibilis
1370 2292 1480 2378 visio,
1500 2287 1576 2384 quid

403 2402 504 2471 homo
527 2400 711 2470 verifioeto
734 2400 930 2471 oonditione
953 2401 1070 2492 reipss
1090 2407 1238 2471 soturus
1259 2401 1319 2470 sit.

470 2509 593 2578 Posset
615 2507 747 2600 eliquis
770 2529 956 2600 quaerore,
982 2508 1148 2600 quomodo
1175 2514 1278 2578 sotus
1300 2507 1363 2600 qui
1393 2509 1492 2578 toret
1519 2506 1576 2574 snb

405 2615 616 2700 undisono,
641 2615 754 2705 possit
775 2615 847 2684 diei
869 2614 907 2684 in
930 2621 1105 2706 poseo
1126 2615 1231 2685 noers
1252 2615 1417 2700 auimo,
1443 2613 1574 2710 queso

404 2722 463 2793 hio
485 2729 587 2793 notus
609 2727 646 2792 et
662 2722 728 2792 hoo
751 2723 899 2794 liberum
924 2723 1112 2793 arbitrium
1126 2723 1244 2815 reipse
1258 2745 1449 2816 numquam
1465 2729 1571 2809 erunt
1607 2767 1608 2776 η

402 2831 463 2900 sed
485 2837 621 2900 tentum
647 2837 776 2916 essent,
802 2831 834 2900 oi
857 2832 1011 2902 oonditio
1032 2839 1231 2923 poneretur.
1264 2831 1398 2902 Iubeo
1424 2833 1573 2924 spesioso

403 2938 593 3008 obieotione
616 2939 794 3008 fusseoiter
817 2939 1046 3008 ooniunditur
1069 2939 1227 3008 obsolute
1250 2939 1413 3008 futurum
1433 2962 1514 3009 onrn
1527 2961 1569 3018 eo,
1607 2973 1608 2978 1

402 3046 494 3138 quod
517 3046 628 3115 solum
652 3048 745 3116 foret
767 3048 833 3116 sub
856 3047 963 3116 oertis
981 3045 1242 3116 conditionibus
1256 3069 1445 3138 numquam
1463 3043 1569 3117 verifi-

402 3153 534 3224 oendis.
553 3155 758 3224 desumitur
783 3155 920 3225 soilioet
935 3155 973 3224 in
987 3155 1179 3224 obieotione
1201 3161 1356 3245 potestne
1378 3156 1524 3226 arbitrii
1541 3157 1570 3221 et

401 3262 630 3352 dependentia
650 3267 751 3332 sotus
773 3263 917 3332 reeliter
934 3263 1109 3348 existens,
1128 3286 1217 3354 quse
1233 3285 1315 3334 enne
1331 3264 1567 3334 oontredietio

402 3391 479 3438 nem
501 3369 717 3455 involvit,si
738 3369 886 3440 liberum
909 3371 1095 3440 arbitrium
1110 3391 1297 3463 nnmqnern
1313 3372 1394 3440 erit
1414 3373 1469 3440 At
1483 3368 1568 3440 nobie

401 3474 524 3565 egitur
539 3476 581 3545 de
596 3482 768 3567 potestate
784 3477 1054 3562 indifferentiae,
1072 3500 1174 3569 quern
1200 3479 1337 3546 baberet
1357 3479 1511 3548 liberum
1524 3498 1567 3544 er

402 3581 566 3668 binium,
591 3584 623 3654 si
643 3585 812 3655 existeret
840 3591 877 3654 et
907 3584 1181 3654 constitueretur
1210 3584 1249 3653 in
1271 3585 1379 3655 oertie
1401 3581 1566 3656 ediuueb'!

400 3699 502 3762 sotus
524 3691 641 3783 primi;
658 3699 695 3762 et
710 3693 752 3763 de
767 3691 997 3783 dependentis
1018 3699 1131 3779 sotus,
1156 3715 1244 3785 quse
1267 3694 1305 3764 in
1326 3716 1369 3764 es
1389 3689 1566 3787 bypotbsd

401 3817 495 3870 essee.
513 3803 614 3872 Heno
626 3806 831 3892 potestatem
848 3802 986 3870 othone
996 3801 1261 3893 dependentium
1272 3811 1374 3874 eotus
1384 3810 1423 3872 et
1433 3804 1564 3873 liberem
1607 3811 1608 3840 ³

400 3909 602 3980 eleotionem
637 3931 724 4002 quse
748 3915 824 3978 tum
848 3925 955 3992 met,
980 3909 1130 3980 diuinus
1157 3912 1318 4002 eognoeoi
1342 3931 1364 3978 s
1389 3913 1487 3998 Deo,
1510 3931 1564 3980 non

400 4023 516 4085 suam
539 4021 758 4107 potestatem,
784 4015 1060 4107 dependentiern,
1078 4024 1116 4088 et
1137 4019 1338 4089 electionem
1362 4041 1453 4112 quoe
1476 4016 1562 4090 leeli-

399 4127 455 4191 ber
477 4137 528 4189 ert
559 4137 592 4189 et
615 4125 748 4192 mestit.

468 4229 605 4299 Similis
632 4235 687 4300 eet
714 4231 858 4301 follsoio
875 4233 912 4299 in
928 4231 1043 4301 ultore
1057 4232 1285 4318 diffionltete‚
1304 4255 1374 4326 que
1389 4236 1481 4305 solet
1492 4233 1560 4304 diei:

404 4335 606 4406 huiusmodi
628 4343 729 4406 totus
751 4337 841 4408 liber
863 4338 925 4431 qui
949 4339 1042 4408 foret
1056 4339 1121 4409 sub
1135 4339 1345 4426 oonditione,
1362 4341 1457 4411 nibil
1472 4341 1561 4412 estin

402 4465 439 4513 se
460 4451 504 4514 ut
524 4449 642 4535 petet,
667 4444 760 4514 nibil
783 4453 838 4516 est
861 4447 900 4516 in
922 4468 1048 4532 muse,
1072 4447 1144 4517 nisi
1167 4445 1380 4518 admittetur
1402 4449 1558 4520 deorum
