3360 5060
915 403 952 416 -
973 371 1034 432 054
1056 403 1094 415 ..

414 481 482 550 otis
505 485 636 562 sumat,
661 476 846 566 praecipue
862 499 939 546 oum
957 477 1129 545 auxilium
1145 475 1287 545 divinae
1302 475 1441 565 gratiae
1462 476 1566 542 merari

415 611 481 656 non
503 585 626 678 possit,
653 607 714 652 neo
737 585 781 652 ad
802 584 912 654 Deum
930 586 1085 654 eonverti
1101 585 1170 652 nisi
1187 584 1282 652 Dens
1297 605 1376 652 eum
1392 589 1566 665 eonvertai3

415 695 504 764 nulli
537 695 628 762 euim
659 693 876 782 imputatur,
911 693 1003 784 quod
1033 693 1077 759 ab
1108 691 1178 760 alio
1207 692 1390 782 dependet.
1431 691 1569 773 Quodsi

415 803 478 870 hoo
502 801 722 884 oouoedatur‚
750 799 854 889 plura
869 800 1153 868 iuoouvenientia
1169 799 1346 890 consequi,
1366 799 1571 866 manifestum

412 917 467 978 est
470 957 569 976 .......
594 907 650 977 Ad
674 907 782 975 huius
805 907 1039 978 dubitationis
1067 908 1275 975 solutionem
1301 905 1572 975 oonsideraudun

414 1023 479 1100 est,
498 1015 588 1107 quod
612 1015 696 1084 lioet
719 1013 851 1106 uliquis
873 1021 1084 1104 permotum
1106 1014 1209 1082 liberi
1232 1014 1376 1082 arbitrii
1401 1013 1512 1100 (nudi)
1532 1011 1574 1078 di·

417 1123 529 1190 vinam
555 1121 706 1211 gretiam
729 1143 792 1189 neo
815 1123 1006 1210 promereri
1028 1143 1091 1190 neo
1113 1121 1295 1212 anquirere
1319 1123 1456 1212 possit3
1477 1135 1575 1210 potat

415 1247 526 1296 tomen
541 1253 575 1295 ee
588 1231 699 1317 ipsum
715 1227 893 1315 impedire,
910 1252 953 1294 ne
968 1253 1040 1294 eam
1054 1232 1247 1318 recipiat...
1268 1229 1359 1295 Dm
1378 1232 1468 1294 enisa
1482 1251 1575 1318 qaas·

415 1351 486 1402 mm
511 1339 547 1400 ia
570 1357 604 1400 ee
626 1348 688 1415 est,
711 1347 857 1422 paratas
881 1351 931 1400 est
953 1335 1106 1402 omnihus
1127 1339 1284 1424 proriam
1298 1335 1398 1418 dure·
1414 1335 1487 1402 vale
1501 1337 1576 1400 eain

415 1467 525 1510 omnes
541 1444 688 1508 dominer
703 1441 815 1508 solvor
832 1443 916 1529 fieri
931 1457 963 1508 et
979 1441 1025 1508 od
1041 1446 1270 1532 ooqaitionem
1285 1447 1450 1510 evitatis
1463 1445 1575 1518 uenire,

415 1565 453 1616 ae
476 1547 607 1615 dieitur
633 1554 662 1616 1.
691 1547 776 1616 Tim.
802 1548 859 1616 II.
878 1555 912 1617 4.
931 1548 997 1618 sed
1014 1550 1074 1616 illi
1088 1550 1157 1616 soli
1169 1554 1293 1640 pretio
1304 1555 1512 1640 privantur,
1527 1552 1577 1640 psi

417 1661 453 1722 in
476 1681 511 1724 ee
534 1659 620 1745 ipris
641 1657 782 1745 prusiae
807 1657 1081 1746 impedimentum
1088 1673 1272 1747 praestant
1279 1659 1400 1740 ‚·siout
1411 1658 1485 1726 sole
1495 1679 1577 1724 muu-

414 1765 495 1834 dum
519 1763 742 1832 illuminante
765 1763 803 1830 in
826 1763 964 1854 eulpam
988 1765 1186 1854 imputatur
1209 1766 1254 1848 ei,
1281 1766 1480 1858 quioculos
1497 1765 1578 1833 oleu-

414 1873 480 1957 dit,
506 1872 538 1939 si
559 1893 602 1940 ex
619 1869 683 1939 hoe
698 1871 835 1963 aliquid
852 1872 935 1940 mali
951 1879 1132 1964 sequatur,
1149 1873 1234 1943 lieet
1249 1874 1369 1942 videre
1385 1897 1456 1942 uon
1469 1872 1576 1964 pouit,

414 1980 484 2050 nisi
495 1980 626 2048 lumine
642 1978 725 2048 solis
738 1981 987 2069 praeveniatur
1001 2008 1018 2042 u
1034 1982 1070 2050 S.
1089 1981 1157 2050 Th.
1169 1989 1261 2051 cont.
1272 1989 1370 2072 gent.
1380 1981 1454 2048 111.
1471 2004 1501 2048 o.
1511 1978 1576 2046 lue.

414 2089 470 2157 Cf.
496 2088 534 2155 in
556 2075 616 2156 10.'
634 2087 698 2156 VI.
722 2087 749 2155 l.
775 2087 820 2155 V.
848 2087 904 2156 ed.
930 2089 974 2157 de
994 2089 1127 2158 Rubeis
1150 2089 1193 2157 Τ.
1218 2088 1289 2156 ΠΙ.
1316 2115 1350 2180 p.
1385 2089 1467 2158 572.
1501 2085 1578 2156 Vide

414 2197 468 2266 th.
483 2195 617 2266 LVIII.
633 2219 668 2264 u.
682 2197 716 2263 4.

480 2305 527 2371 4⁰.
553 2303 706 2371 Disertis
730 2303 847 2371 verbis
871 2303 908 2373 S.
936 2305 1087 2374 Thomas
1110 2303 1281 2388 dederat,
1299 2305 1337 2372 in
1353 2303 1577 2394 praedestina·

414 2411 508 2480 tione
531 2411 666 2480 ineludi
689 2411 944 2502 praevisionem
967 2435 1121 2502 operum,
1147 2420 1321 2505 qnatenus
1336 2411 1529 2502 disponunt
1542 2409 1577 2476 ed

414 2519 565 2610 gratiam
589 2519 878 2603 sanetideentem‚
904 2526 941 2588 et
963 2528 1136 2612 qnatenus
1151 2526 1329 2589 merentur
1345 2519 1498 2610 gloriam
1518 2540 1577 2586 ooe·

414 2629 555 2714 lestem;
581 2634 687 2719 utque
710 2627 786 2695 ideo
809 2627 846 2694 in
869 2628 1186 2718 praedestinatione
1216 2627 1352 2697 inoludi
1383 2629 1578 2694 volamus

415 2749 676 2828 consequentem,
703 2733 865 2816 Quaerit.
885 2734 917 2802 l.
936 2735 1020 2803 dist.
1036 2733 1093 2802 41.
1109 2759 1142 2826 q.
1159 2735 1192 2804 l.
1206 2757 1240 2804 a.
1257 2735 1291 2820 3,
1312 2763 1329 2799 ι
1348 2741 1473 2804 utrum
1495 2753 1576 2823 prae

414 2843 564 2914 seientia
575 2842 779 2912 meritorum
792 2842 841 2910 eit
857 2864 964 2912 eausa
979 2843 1312 2933 praedestinationis
1329 2869 1346 2904 e
1361 2845 1377 2910 i
1395 2843 1439 2910 In
1456 2862 1577 2930 respou-

414 2953 510 3021 sione
535 2951 684 3042 primum
708 2949 877 3034 declarat,
897 2973 1037 3019 sensum
1051 2949 1268 3042 quaestionis
1281 2973 1350 3019 non
1366 2973 1456 3034 esee,
1476 2955 1577 3018 utrum

414 3060 563 3131 seientia
586 3064 622 3127 et
646 3057 811 3126 voluntas
834 3057 958 3126 divina
972 3057 1009 3125 in
1035 3080 1071 3126 se
1098 3065 1256 3148 speemta
1281 3057 1412 3126 habeat
1431 3077 1574 3138 eausam

414 3168 473 3238 sed
493 3197 510 3232 u
528 3175 646 3235 utrum
669 3165 816 3234 effeetus
839 3164 1037 3234 voluntatis
1061 3166 1203 3235 divinae
1218 3189 1279 3234 seu
1302 3165 1455 3234 volitum
1478 3183 1576 3255 prooe

412 3279 474 3348 dat
496 3299 538 3345 ex
562 3274 683 3366 aliqua
697 3293 815 3358 eausa,
833 3295 935 3366 quam
952 3275 1047 3343 Deus
1062 3275 1254 3365 praescivit
1270 3276 1314 3342 ab
1328 3281 1484 3358 aeterno,
1502 3291 1576 3364 quae

413 3385 506 3455 ratio
529 3381 633 3451 voliti
657 3379 790 3450 dieitur
812 3383 904 3450 ratio
928 3383 1095 3474 quaedem
1120 3382 1316 3452 voluntatis
1338 3405 1379 3451 ex
1412 3388 1510 3474 purte
1535 3379 1575 3447 ei·

414 3494 529 3562 ieotus
547 3489 590 3557 r?
614 3489 704 3558 Tum
719 3489 945 3579 progreditur
961 3491 1006 3558 ad
1022 3490 1230 3560 solutionem
1245 3490 1482 3560 diffioultatis.
1498 3519 1514 3554 ι
1528 3487 1575 3554 Ad

413 3597 588 3689 duplieem
610 3597 772 3665 effaetum
796 3597 1128 3688 praedestinationis
1150 3600 1326 3688 (gretiam
1348 3605 1388 3668 at
1418 3597 1574 3690 gloriam)

413 3705 646 3778 diversimode
670 3727 707 3773 se
730 3705 837 3773 habet
850 3709 973 3773 nostra
988 3705 1158 3796 operatio,
1177 3709 1263 3797 quio
1279 3729 1364 3796 opat
1378 3707 1575 3773 meritoriam

415 3817 643 3906 informatum
663 3816 786 3904 pretio
808 3827 858 3880 eet
882 3837 984 3880 euersa
1013 3815 1192 3880 meritoria
1221 3813 1383 3903 ploriae,·
1413 3815 1474 3884 sed
1502 3831 1573 3903 opus

413 3927 539 3994 bonum
562 3921 770 4014 praeoedere
792 3921 946 4011 gratiam
969 3927 1116 3990 nonest
1145 3942 1252 3990 eausa
1280 3922 1463 3991 meritoria
1489 3924 1571 3998 eius,

413 4031 473 4100 sed
497 4030 608 4099 solum
631 4029 814 4120 dispositio
838 4029 1019 4122 quaedum.
1045 4029 1144 4099 Unde
1160 4035 1270 4120 patet,
1289 4030 1382 4123 quod
1397 4025 1570 4121 praedesti·

414 4139 511 4208 natio
543 4143 660 4226 (aetus
687 4137 831 4206 divinus
861 4137 899 4206 in
923 4143 974 4224 se)
997 4159 1137 4207 onnam
1159 4161 1228 4206 uon
1250 4138 1377 4222 habet,
1409 4135 1468 4205 ssd
1489 4134 1573 4202 iaie!

413 4249 581 4314 rationem
604 4268 646 4312 σω
664 4260 768 4334 parte
791 4245 940 4334 effeetus,
965 4245 1144 4313 secandam
1167 4271 1271 4338 qaam
1285 4247 1474 4314 rationalia
1487 4243 1568 4310 etio·

411 4353 643 4422 eradicitus.»
655 4351 851 4422 Seoundum
863 4353 1206 4424 haeoibidadiiuit:
1220 4383 1237 4418 ι
1247 4355 1285 4422 in
1298 4353 1568 4441 intelleotuprae

412 4461 659 4534 destinationis
682 4461 880 4531 includitur
903 4464 1062 4529 volantes
1084 4485 1305 4552 eomeqm,
1335 4487 1423 4554 quoe
1447 4457 1569 4549 rapiat
