3262 5076
809 347 811 354 “
879 374 917 389 -
939 341 999 404 468
1020 371 1057 388 -

397 459 661 535 carenaturam,
680 477 695 512 n
714 446 960 538 multipliciter
981 453 1097 514 tamen
1121 445 1188 513 PP.
1202 445 1308 514 iidem
1330 443 1480 512 divinam
1500 465 1547 510 vo·

396 559 567 627 luntatem
590 557 816 644 distinguunt
839 575 920 643 prae
943 554 1083 622 diversa
1111 551 1246 622 ratione
1273 550 1490 633 obiectorum,
1512 550 1548 616 sd

396 688 485 758 quae
509 665 573 732 illa
597 663 805 752 porrigitur.

461 772 511 840 II.
539 770 726 838 Potissima
756 776 809 836 est
839 766 931 857 apud
956 791 1003 835 ss.
1022 767 1145 834 Patres
1169 767 1334 858 frequens
1356 771 1393 833 et
1414 765 1456 830 ab
1476 763 1551 852 ipsis

394 879 609 947 lucidissime
632 877 810 946 declarata
832 875 1017 944 distinctio
1033 873 1230 942 voluntatis
1254 871 1480 939 antecedentis
1500 893 1552 939 scu

391 991 537 1073 primae,
562 989 598 1052 et
614 982 811 1051 voluntatis
827 983 1058 1072 consequentis
1076 981 1150 1048 sive
1164 977 1341 1046 secandae.
1358 973 1552 1045 An'tecedene

394 1101 429 1164 et
453 1113 652 1180 canscqnens
666 1089 805 1156 nomina
821 1095 905 1154 sunt
920 1087 1085 1173 relativa;
1104 1087 1307 1156 antecedere
1323 1087 1415 1155 enim
1432 1083 1551 1177 aliquid

390 1199 611 1305 intelligitur
635 1218 717 1286 prae
732 1195 801 1262 alio
831 1195 1026 1283 posteriori,
1044 1201 1081 1262 et
1097 1194 1261 1286 consequi
1278 1195 1391 1264 relate
1408 1189 1552 1262 adalind

392 1309 492 1400 prius
508 1307 582 1374 sive
598 1327 635 1374 re
648 1304 722 1372 sive
738 1303 885 1370 ratione.
902 1301 1094 1384 Quaeritur
1109 1325 1205 1392 ergo,
1220 1303 1300 1394 quis
1315 1303 1365 1370 sit
1380 1301 1551 1382 terminus,

392 1437 475 1504 prae
499 1435 565 1504 quo
582 1411 745 1482 voluntas
772 1410 837 1477 Dei
853 1409 992 1476 dicatur
1008 1407 1204 1476 antecedens
1220 1416 1255 1476 et
1272 1431 1486 1498 consequens.
1503 1405 1552 1474 So·

392 1521 483 1590 lntio
507 1519 612 1587 huius
636 1517 850 1609 quaestionis
874 1517 968 1584 tanti
991 1523 1046 1585 est
1069 1516 1243 1600 momenti,
1270 1521 1311 1585 ut
1334 1518 1379 1584 ab
1403 1537 1445 1584 ea
1467 1515 1553 1584 velut

392 1651 413 1696 a
430 1651 492 1696 suo
509 1626 681 1716 principio
698 1648 737 1694 ae
754 1625 978 1692 fundamento
1005 1623 1153 1714 pendeat
1169 1623 1304 1692 sincera
1319 1619 1554 1712 interpretatio

391 1738 464 1804 lere
479 1734 591 1802 totius
614 1731 792 1801 doctrinae
816 1732 857 1800 de
881 1731 1065 1800 voluntate
1088 1731 1249 1801 salvifica
1264 1741 1301 1800 et
1316 1731 1358 1800 ds
1374 1728 1554 1821 praedesti·
1605 1716 1610 1753 ³

391 1842 531 1910 natione
556 1839 599 1906 ad
623 1837 784 1928 gloriam.
1606 1828 1610 1841 '

457 1950 534 2018 Non
550 1949 739 2016 defuerunt
755 1947 866 2039 aliqui
884 1947 1029 2016 Scholae
1047 1946 1204 2038 theologi
1220 1945 1300 2014 inde
1316 1967 1338 2012 a
1354 1967 1446 2014 saec.
1465 1943 1551 2024 XVI,

390 2059 451 2152 qui
465 2067 505 2124 ut
520 2077 602 2124 snas
617 2055 810 2124 sententias
823 2055 863 2122 de
877 2055 1204 2144 praedestinatione,
1220 2055 1261 2123 de
1278 2052 1552 2145 praedefinitione

390 2153 541 2234 omnium
565 2171 705 2231 actuum
729 2169 925 2230 nostrorum
945 2163 1102 2231 absolute
1125 2163 1348 2231 antecedente
1371 2161 1552 2252 praescien-

389 2272 486 2353 tiam,
513 2279 548 2338 et
572 2269 613 2338 de
638 2269 735 2336 mado
757 2269 1004 2358 praenotionis
1025 2277 1131 2361 atque
1151 2269 1300 2338 efficacis
1322 2269 1464 2358 gratiae
1486 2290 1551 2336 con·

390 2379 553 2448 eiliarent
582 2401 659 2447 cum
690 2377 849 2447 doctriua
879 2378 1054 2447 catholica
1077 2379 1119 2447 de
1150 2377 1365 2446 antecedente
1386 2379 1553 2446 voluntate

389 2487 514 2554 calatis
537 2489 684 2552 omninm
709 2487 890 2566 laminam,
909 2485 1020 2556 coacti
1036 2493 1120 2554 sunt
1143 2487 1327 2556 defendere
1350 2509 1421 2554 uon
1437 2486 1551 2554 liberos

388 2602 489 2664 ectus
504 2599 641 2660 nostros
658 2593 835 2680 praevisos
852 2593 911 2662 sed
928 2593 1029 2683 plane
1045 2593 1154 2662 elium
1170 2615 1245 2662 esse
1260 2593 1462 2676 terminum,
1481 2613 1550 2682 prae

388 2724 454 2794 quo
468 2701 633 2768 voluntas
647 2701 713 2770 Dei
726 2700 921 2768 antecedens
937 2702 1077 2770 dicatur
1089 2711 1124 2771 et
1136 2725 1348 2794 consequens.
1364 2701 1549 2770 Proximam

387 2807 597 2876 occasionem
615 2830 697 2874 suae
719 2806 1022 2896 interpretationis
1038 2816 1261 2898 sumpserunt
1277 2831 1319 2878 ex
1336 2809 1487 2901 quedam
1501 2828 1549 2874 vo·

388 2914 541 2983 luntatis
572 2914 758 3006 utriusque
792 2915 1043 3006 explicatione,
1076 2939 1178 3008 quam
1209 2916 1316 2985 habet
1343 2917 1380 2985 S.
1410 2915 1550 2984 Thomas

387 3019 419 3088 1.
438 3046 470 3111 q.
484 3019 538 3088 19.
551 3043 583 3088 a.
603 3021 635 3089 a.
654 3021 762 3088 Docet
777 3021 827 3088 ibi
842 3023 1048 3112 Angelicue,
1075 3023 1289 3092 voluntatem
1314 3021 1549 3090 antecedentem

386 3151 460 3197 esse
483 3151 573 3212 eam,
593 3151 662 3220 qua
684 3130 778 3196 Deus
802 3129 882 3198 vult
906 3131 1025 3197 bonam
1047 3130 1226 3198 secarrdnm
1241 3156 1276 3198 ee
1297 3131 1548 3198 consideratam·

387 3235 470 3326 quia
493 3246 607 3304 autem
632 3236 820 3328 aliquando
843 3237 891 3320 id,
918 3238 1009 3329 quod
1032 3239 1220 3308 secundum
1243 3262 1279 3308 se
1302 3239 1546 3308 consideratum
1616 3325 1617 3330 ἵ

386 3352 477 3412 esset
500 3345 644 3428 bonurn,
670 3367 710 3410 ex
737 3345 853 3436 aliquo
876 3346 1039 3416 adiuncto
1063 3347 1188 3415 bonum
1211 3370 1286 3417 esse
1308 3347 1452 3434 desinit;
1478 3344 1546 3414 inde

386 3451 439 3520 ait
462 3451 551 3536 fieri,
577 3459 618 3519 ut
642 3452 824 3522 voluntate
855 3469 1089 3546 consequente,
1113 3477 1201 3548 quae
1229 3457 1384 3524 retertur
1414 3456 1459 3524 sd
1489 3477 1545 3524 cen

388 3559 635 3626 aorrsideratam
661 3560 839 3628 secundnm
872 3568 986 3630 amnia
1017 3563 1200 3646 adiuncta,
1230 3565 1323 3633 Deus
1354 3563 1546 3656 quandoque

384 3665 476 3735 nolit
498 3667 546 3752 id,
573 3669 766 3758 quodvult
793 3669 974 3740 voluntate
1004 3672 1240 3742 antecedente.
1258 3673 1353 3742 Haec
1376 3672 1543 3750 adiuncta,
1615 3749 1616 3764 χ

385 3775 578 3866 exquibus
606 3775 688 3860 liat,
715 3785 756 3844 ut
786 3777 879 3845 Deus
909 3777 1092 3848 voluntate
1123 3793 1339 3871 consequente
1369 3802 1439 3848 non
1468 3776 1545 3846 velit
1615 3767 1616 3852 l

383 3883 533 3950 omnium
558 3883 734 3952 hominum
758 3885 919 3970 salutem,
938 3887 1156 3956 affirmarunt
1179 3889 1236 3956 illi
1255 3889 1465 3978 interpretes
1486 3907 1542 3954 uon
1615 3865 1616 3958 l

383 3991 538 4080 intelligi
556 3993 648 4081 apud
667 3992 703 4060 S.
719 3993 884 4061 Thomam
901 4001 1042 4084 peecata
1060 3995 1248 4082 hominum,
1263 3997 1321 4066 sed
1338 3997 1443 4087 longe
1457 3991 1542 4064 alind
1615 3971 1616 4016 ¹

383 4099 518 4166 omuino
537 4100 769 4188 independens
780 4123 802 4168 a
813 4103 924 4171 libere
940 4103 1116 4174 hominurn
1130 4105 1323 4174 voluntate.
1336 4103 1405 4174 Est
1420 4103 1542 4174 scilieet

382 4227 424 4272 ex
442 4227 560 4273 eorum
578 4207 738 4295 opinione
754 4208 971 4294 adiunctum,
987 4233 1054 4303 quo
1068 4213 1164 4282 Deus
1176 4219 1336 4282 movetur
1351 4217 1395 4280 ut
1406 4211 1538 4280 sulutem

381 4311 686 4382 innumerabilium
704 4313 881 4384 hominum
896 4317 997 4402 nolit,
1015 4319 1119 4410 quod,
1137 4320 1167 4387 si
1184 4343 1299 4389 omnes
1314 4319 1536 4395 salvarentur,

362 4419 522 4488 iustitia
550 4419 614 4488 Dei
638 4445 704 4489 nan
729 4423 817 4491 satis
840 4426 1144 4510 manifestaretur,
1168 4435 1207 4496 et
1229 4429 1341 4496 minor
1363 4435 1455 4499 esset
1472 4420 1537 4516 psl·
