3292 5062
934 383 972 398 -
996 351 1055 412 118
1076 383 1114 396 -

434 457 499 526 tie.
516 483 534 520 n
558 456 609 526 Et
630 454 830 525 Alexander
851 455 996 524 Halous.
1018 455 1051 523 3.
1070 455 1110 522 P.
1136 480 1170 547 q.
1195 454 1251 524 68.
1280 477 1326 524 m.
1354 455 1388 522 7.
1408 475 1440 522 a.
1465 453 1502 521 3.
1534 481 1552 517 ι
1572 453 1609 520 in

435 563 651 655 philosopho,
678 563 803 656 iuquit,
829 563 991 634 veniente
1014 563 1059 632 ad
1082 563 1184 632 iidem
1207 563 1298 632 idem
1331 569 1387 631 ast
1421 562 1553 631 scitum
1575 567 1609 627 et

434 673 618 759 creditum,
643 673 703 744 sed
727 673 853 742 scitum
876 695 938 764 per
961 672 1250 764 comparationem
1273 671 1318 740 ad
1333 672 1519 756 rationem,
1539 693 1609 740 cre·

435 781 548 849 ditum
571 805 633 873 per
655 781 944 871 comparationem
966 781 1012 850 ad
1035 781 1181 870 primam
1205 781 1408 866 veritatem,
1435 781 1494 850 cui
1518 779 1610 846 inni·

433 887 525 958 titur
547 895 689 982 propter
712 891 835 980 ipsam;
860 889 988 960 scitum
1005 895 1059 958 est
1074 895 1242 982 quantum
1257 890 1303 960 ud
1319 888 1607 980 speculationem,

434 995 494 1065 sed
517 999 690 1068 creditum
711 1005 880 1092 quantum
903 998 948 1067 ad
971 997 1048 1082 hoc,
1063 997 1154 1090 quod
1176 997 1345 1066 innititur
1366 997 1500 1088 primae
1519 995 1609 1064 veri·

432 1105 537 1172 tati.»
552 1105 683 1176 Eadem
699 1112 754 1176 est
769 1105 943 1175 sententia
959 1105 997 1176 S.
1007 1105 1275 1176 Beneventnrae
1296 1106 1330 1174 3.
1344 1105 1429 1174 dist.
1448 1105 1507 1172 24.
1527 1126 1562 1172 a.
1575 1105 1606 1172 2.

434 1237 468 1304 q.
486 1211 527 1280 3:
549 1213 654 1283 adici
676 1219 792 1306 potest
818 1214 927 1307 quod,
959 1213 1096 1306 quando
1118 1213 1248 1306 aliquis
1274 1219 1328 1282 est
1359 1213 1472 1282 sciens
1502 1209 1607 1282 simul

433 1327 470 1390 et
492 1321 646 1408 credens,
672 1321 817 1391 habitus
839 1321 921 1392 fidei
943 1327 1039 1391 tanet
1065 1321 1103 1390 iu
1125 1344 1164 1392 eo
1187 1321 1435 1414 principatum,
1463 1327 1500 1390 et
1533 1318 1607 1389 ideo

433 1426 501 1496 tali
517 1450 662 1498 assensu
683 1429 766 1498 fidei
787 1429 936 1499 assentit
958 1429 1028 1520 ipsi
1050 1429 1197 1500 veritati
1219 1435 1360 1522 propter
1376 1453 1412 1498 se
1430 1429 1495 1514 ita,
1517 1427 1606 1520 quod

428 1550 573 1626 propter
594 1535 684 1606 dicit
705 1537 875 1608 rationem
897 1537 1143 1629 principaliter
1164 1537 1279 1628 ipsum
1301 1543 1493 1608 moventem
1515 1538 1558 1626 (i.
1576 1561 1603 1605 e.

432 1643 583 1713 assentit
605 1649 746 1736 propter
768 1644 1013 1716 auctoritatem
1024 1646 1091 1716 Dei
1106 1646 1238 1738 primae
1253 1647 1444 1735 veritatis);
1459 1669 1606 1716 assensu

432 1750 538 1820 etiam
560 1751 726 1821 scientiae
748 1753 899 1822 assentit
921 1751 1030 1822 eidem
1052 1759 1194 1844 propter
1216 1754 1388 1823 rationem
1410 1753 1486 1840 ita,
1516 1753 1606 1846 quod

428 1871 572 1946 propter
593 1879 662 1926 non
684 1857 773 1928 dicit
787 1859 957 1929 rationem
972 1859 1216 1950 principaliter
1231 1859 1346 1951 ipsum
1362 1867 1601 1932 moventem...

432 1963 507 2050 ita,
528 1965 619 2058 quod
649 1987 756 2034 unum
778 1967 829 2036 sit
850 1967 1053 2058 principale,
1078 1968 1229 2038 alterum
1252 1969 1524 2038 subserviens.»
1550 1967 1602 2036 cf.

434 2071 582 2162 Gregor.
607 2071 649 2141 de
671 2072 837 2142 Valentia
864 2075 902 2142 in
933 2075 970 2144 S.
989 2075 1056 2144 Tb.
1082 2075 1116 2146 2.
1131 2076 1165 2145 2.
1190 2077 1322 2166 disput.
1352 2075 1383 2145 I.
1408 2076 1547 2146 Puncto
1569 2076 1601 2145 4.

434 2186 467 2264 5.
485 2179 518 2267 25
537 2179 667 2248 Suarez
690 2181 732 2250 de
754 2181 821 2250 fide
837 2181 928 2273 disp.
945 2181 1015 2252 111.
1034 2189 1117 2253 sect.
1137 2183 1170 2272 93
1188 2183 1292 2254 Cerd.
1309 2185 1351 2254 de
1363 2185 1465 2274 Lugo
1477 2185 1523 2254 de
1539 2185 1603 2252 tide

433 2287 523 2378 disp.
542 2287 747 2377 11.sect.2;
773 2288 875 2358 Card.
894 2291 936 2360 de
950 2291 1107 2381 Aguirre
1123 2292 1244 2362 Theol.
1274 2291 1310 2362 S.
1329 2293 1490 2362 Anselmi
1508 2294 1552 2362 Τ.
1572 2293 1599 2360 Ι.

432 2393 523 2486 disp.
543 2395 626 2466 VII.
646 2395 746 2478 Quod
776 2397 928 2487 pertinet
958 2399 1002 2468 ud
1030 2399 1066 2468 S.
1098 2399 1282 2486 Theman,
1313 2399 1417 2470 card.
1446 2401 1600 2490 Aguirre

431 2499 458 2571 l.
476 2525 506 2572 o.
525 2509 608 2573 sect.
628 2504 662 2573 b.
680 2505 858 2575 ostendere
869 2512 1014 2577 conatus
1028 2513 1083 2578 est
1096 2531 1139 2577 ex
1154 2507 1211 2594 iis,
1230 2529 1318 2600 quae
1333 2507 1501 2598 leguntur
1514 2509 1549 2578 2.
1567 2507 1597 2575 2.

431 2633 464 2703 q.
476 2611 509 2680 5.
523 2633 556 2680 a.
569 2611 601 2698 1,
616 2612 798 2682 scientiam
814 2613 962 2684 visionis
978 2617 1015 2684 in
1030 2615 1148 2707 patria
1161 2615 1398 2684 tautummodo
1413 2637 1489 2684 erae
1512 2637 1595 2700 eam,

432 2742 579 2812 quacum
602 2719 639 2790 S.
661 2722 790 2791 Doctor
824 2723 1015 2794 tradiderit
1044 2724 1146 2794 fidem
1176 2725 1364 2794 consistere
1386 2747 1455 2792 nou
1486 2746 1595 2815 posse;

430 2827 564 2921 hacque
585 2828 720 2900 ratione
747 2853 826 2900 eum
856 2831 1087 2922 probabiliter
1119 2833 1290 2923 explicari
1318 2855 1440 2924 posse,
1466 2831 1598 2901 indicat

429 2934 535 3004 etiam
557 2935 660 3006 Card.
679 2937 721 3008 de
743 2937 845 3030 Lugo
860 2939 886 3009 l.
906 2963 936 3009 o.
955 2963 991 3008 n.
1009 2939 1065 3008 59.
1084 2939 1215 3009 Verum
1238 2940 1413 3010 sententia
1434 2937 1598 3028 Argolici

429 3041 462 3110 2.
480 3043 514 3111 2.
533 3068 566 3136 q.
585 3044 619 3112 1.
637 3065 670 3113 a.
699 3045 734 3115 4.
761 3047 793 3117 5.
824 3052 861 3116 et
892 3047 934 3116 de
957 3047 1062 3116 verit.
1088 3071 1122 3140 q.
1149 3045 1204 3116 14.
1228 3067 1262 3117 a.
1289 3045 1322 3116 9.
1352 3046 1496 3116 videtur
1519 3066 1596 3116 sane

430 3150 618 3238 contraria,
643 3173 706 3223 nec
727 3152 766 3222 in
787 3153 863 3223 loco
885 3154 929 3224 ad
953 3175 1054 3246 quem
1072 3153 1251 3245 appellant
1265 3155 1364 3222 ambo
1380 3153 1593 3236 Cardinales‚

429 3257 528 3327 aliud
550 3257 660 3344 docet,
686 3281 789 3351 quam
813 3261 903 3352 quod
927 3260 965 3328 iu
987 3259 1137 3351 Angelis
1159 3261 1198 3329 in
1221 3265 1318 3330 etatu
1341 3259 1420 3330 viue
1443 3257 1597 3350 potuerit

428 3387 503 3434 esse
514 3371 550 3434 et
564 3365 675 3434 fuerit
692 3365 789 3452 tides,
807 3365 892 3436 licet
906 3366 1025 3458 plures
1041 3366 1210 3438 veritates
1224 3371 1262 3435 et
1287 3366 1479 3456 perfectius
1496 3387 1595 3459 quam

427 3493 490 3540 uos
512 3471 764 3561 intelligerent3
789 3495 858 3542 non
880 3479 997 3543 temen
1019 3473 1137 3559 dccet,
1162 3473 1205 3542 de
1226 3471 1349 3542 iisdem
1372 3470 1592 3554 veritatibus,

429 3599 575 3670 quarum
598 3579 636 3648 in
657 3578 806 3669 Angelis
829 3579 973 3652 evidens
994 3587 1072 3651 erat
1105 3579 1275 3665 scientia,
1302 3578 1407 3648 simul
1436 3585 1473 3648 et
1495 3579 1593 3649 fidem

428 3686 549 3772 fuisse,
564 3687 666 3755 immo
689 3687 764 3777 ipso
786 3686 824 3756 iu
845 3687 921 3760 looo
944 3690 1054 3758 citato
1076 3708 1098 3756 a
1119 3687 1223 3758 Card.
1236 3687 1392 3778 Aguirre
1406 3687 1440 3757 2.
1458 3685 1492 3757 2.
1512 3713 1546 3780 q.
1561 3687 1591 3754 5.

427 3813 460 3862 e.
480 3793 513 3863 1.
532 3793 681 3864 Sanctus
696 3795 827 3864 Doctor
842 3797 894 3884 (im
917 3820 1010 3888 corp.
1030 3797 1206 3883 adfinem)
1239 3797 1435 3888 oppositum
1452 3795 1592 3864 inuuere

427 3899 581 3970 videtur.
598 3901 766 3972 Fetemur
782 3925 878 3995 ergo,
896 3927 959 3974 noe
975 3905 1012 3973 iu
1028 3903 1094 3975 bac
1117 3904 1318 3998 quaestione
1340 3903 1385 3976 ad
1407 3903 1593 3973 auotorita-

426 4012 495 4078 tem
511 4008 548 4078 S.
568 4009 718 4080 Thomae
740 4033 809 4080 non
831 4013 970 4082 audere.
982 4013 1173 4104 appellare.
1637 4009 1638 4023 ³

491 4115 562 4187 111.
588 4118 685 4202 Quae
707 4117 886 4210 hucusque
909 4119 1063 4191 diximus
1086 4121 1128 4190 de
1151 4119 1277 4190 ceteris
1292 4118 1449 4188 omnibus
1466 4119 1590 4188 verita·

425 4221 521 4294 tibus
543 4223 601 4312 iis,
627 4247 715 4318 quae
736 4232 812 4296 tum
834 4225 966 4298 lumine
987 4227 1137 4298 rationis
1152 4233 1228 4296 tum
1243 4226 1457 4298 revelatione
1472 4248 1589 4317 cogno
1636 4319 1637 4324 Ἰ

425 4331 476 4400 eci
498 4339 654 4422 possunt,
680 4355 787 4427 eaque
810 4334 931 4406 valent
952 4357 993 4406 ac
1016 4337 1058 4406 da
1080 4335 1269 4406 existentia
1291 4335 1369 4406 Dei.
1396 4335 1448 4404 At
1469 4333 1508 4404 iu
1531 4333 1589 4401 bac

423 4441 581 4534 principe
603 4442 754 4517 veritate
777 4443 966 4516 difficultas
988 4449 1044 4516 eet
1058 4451 1240 4538 praeterea
1252 4443 1493 4537 particularis,
1513 4464 1587 4536 quc
