3280 5070
573 335 751 398 -601-

71 441 166 506 tatae
183 443 469 530 praeparationis
491 463 594 532 quam
617 441 861 511 retributionis
884 444 922 512 in
945 443 1022 534 ipsa
1048 443 1117 512 iam
1147 466 1241 513 exse·

69 548 220 616 cutione.
248 547 394 630 Quando
417 548 455 616 in
478 549 697 618 exsecutione
713 549 855 619 collatio
870 550 1017 640 praemii
1033 557 1088 620 est
1100 557 1242 642 propter

67 656 234 724 meritum
256 663 432 748 tamquam
456 664 598 746 propter
620 660 788 726 motivum
803 657 894 727 illud
911 660 1122 744 conferendi,
1145 681 1241 750 prae·

67 764 208 853 paratio
231 765 377 853 praemii
400 765 437 832 in
460 764 655 834 intentione
677 767 904 836 antecedente
927 767 970 835 ed
988 768 1243 856 praevisionem
1347 832 1351 841 .

66 871 186 940 meriti
218 851 291 939 non.
316 877 432 962 potest
459 895 534 942 esse
557 873 627 940 nisi
651 873 908 960 conditionata,
934 873 1095 942 absolute
1126 879 1242 942 antem

65 985 315 1069 praeparatum
338 979 530 1069 praemium
554 980 665 1048 solum
689 985 805 1072 potest
826 986 1176 1076 esse-consequenter
1198 981 1243 1048 ad

67 1085 323 1176 praevisionem
356 1087 483 1156 meriti.
517 1087 677 1157 Profecto
701 1089 793 1156 enim
817 1088 878 1179 qui
901 1087 1082 1174 declarat,
1117 1111 1152 1157 se
1175 1111 1262 1168 non,

67 1193 176 1262 aliter
199 1193 269 1262 nisi
292 1199 334 1263 ut
356 1193 505 1264 iudicem
528 1218 590 1285 per
613 1201 729 1265 actum
750 1195 911 1264 iustitiae
927 1196 1084 1265 conferre
1099 1217 1243 1288 praepa-

68 1306 189 1368 ratum
212 1300 400 1390 praemium
424 1306 566 1391 propter
589 1303 764 1386 meritum,
790 1325 828 1370 eo
852 1302 927 1391 ipso
951 1303 1056 1371 etiam
1073 1303 1240 1387 declarat,

62 1411 371 1498 praeparationem
396 1407 642 1477 antecedentem
657 1410 767 1479 fuisse
783 1409 1065 1494 conditionatum,
1083 1413 1116 1477 si
1126 1410 1244 1498 faerit

68 1519 244 1596 meritum·
266 1541 333 1583 mom
356 1540 432 1584 aero
456 1517 647 1584 absolutam
669 1521 741 1584 aiei
766 1533 1003 1609 consequenter
1026 1518 1072 1584 ad
1089 1520 1243 1607 supposi-

68 1626 197 1688 tionem
222 1625 360 1702 meriti.
375 1621 434 1692 Ita
455 1624 642 1693 enuntiata
657 1645 763 1693 eausa
779 1626 960 1694 meritoria
975 1647 1043 1694 non
1059 1625 1175 1694 minus
1190 1629 1245 1693 est

66 1729 163 1798 ratio
186 1736 223 1798 et
245 1729 413 1799 motivum
436 1729 615 1800 absolutae
630 1732 908 1822 praeparationis
925 1753 1028 1824 qnam
1044 1732 1244 1802 collationis

67 1859 110 1906 ao
134 1837 251 1906 iustae
274 1838 502 1928 possessionis
528 1839 565 1906 in
588 1837 789 1908 huiusmodi
813 1840 1023 1909 sententiis:
1049 1841 1167 1930 accipe
1191 1862 1242 1910 co·

67 1966 192 2012 ronam
214 1944 282 2013 tibi
304 1951 558 2036 praeparatam,
586 1947 669 2038 quia
692 1968 766 2014 eam
782 1948 929 2016 meritus
946 1971 983 2016 es
998 1947 1158 2037 legitimo
1174 1969 1244 2016 cer·

66 2051 214 2139 tamine
232 2052 350 2143 accipe
364 2057 606 2142 praeparatum
619 2054 686 2122 tibi
699 2054 872 2138 bravium,
890 2054 974 2148 quia
986 2078 1093 2124 eursu
1110 2053 1243 2124 vicisti.

137 2160 240 2230 Unde
262 2158 299 2230 S.
325 2160 459 2228 Paulus
482 2182 642 2230 coronam
658 2163 755 2231 vitae
771 2169 932 2232 aeternae
947 2162 1113 2253 explicito
1129 2163 1244 2252 appel-

67 2268 124 2335 lat
147 2292 305 2335 coronam
327 2271 499 2350 iustitiae,
524 2291 592 2336 non
616 2269 733 2338 minus
755 2276 928 2362 quatenus
950 2273 1103 2360 reposita
1119 2285 1168 2358 est
1184 2293 1245 2339 sau

68 2383 295 2467 praeparata,
323 2397 426 2468 quam
450 2381 624 2468 quatenus
640 2377 678 2444 in
694 2380 912 2447 exsecutione
936 2377 1108 2447 redditur.
1128 2376 1245 2466 Signi·

67 2485 155 2554 ficat
178 2507 273 2574 ergo,
292 2491 408 2554 actum
425 2483 704 2578 praeparationis
720 2508 780 2554 seu
797 2485 1128 2574 praedestinationis
1150 2486 1246 2555 vitae

67 2599 234 2666 aeternae
257 2613 332 2659 esse
355 2597 471 2659 actum
494 2589 655 2659 iustitiae
671 2591 732 2682 qui
749 2597 923 2682 supponat
937 2592 1085 2676 merita,
1104 2613 1171 2660 non
1196 2614 1245 2659 se

38 2705 43 2714 '
66 2720 132 2766 ons
156 2718 199 2766 ac
220 2703 275 2766 est
297 2701 400 2766 actus
423 2695 581 2765 iustitiae
597 2696 748 2766 redditio
764 2703 802 2765 ct
815 2697 1070 2766 collatio‘vitao
1085 2704 1246 2767 aeternae

65 2810 214 2896 propter
238 2803 381 2891 merita,
408 2826 446 2871 eo
470 2802 582 2872 solum
605 2803 818 2890 discrimine,
849 2805 939 2898 qnod
955 2805 1177 2896 praeparatio
1192 2810 1247 2872 est

64 2919 215 2982 aeterna
236 2917 272 2981 et
293 2911 371 2981 ideo
393 2934 461 2979 non
484 2918 637 3002 tempore
660 2913 720 2982 sed
744 2912 864 2982 ordine
887 2933 1099 3004 consequens
1121 2911 1247 2980 merita

65 3019 296 3089 obversantia
318 3027 479 3088 aeternae
510 3019 781 3110 praescientiae,
817 3019 960 3089 collatio
990 3024 1107 3088 autem
1136 3019 1180 3088 fit
1208 3017 1245 3084 in

64 3136 235 3218 tempore,
254 3134 291 3195 et
304 3133 359 3196 eet
374 3127 411 3194 in
427 3127 506 3218 ipsa
520 3127 711 3197 existentia
726 3143 939 3220 consequens
954 3127 1000 3196 ad
1023 3124 1246 3196 existentiam

28 3299 33 3306 .
66 3234 286 3302 meritorum.
307 3262 324 3297 a
341 3233 476 3302 Bonum
500 3239 672 3304 certamen
696 3235 873 3304 certavi...
892 3235 929 3303 in
945 3233 1081 3326 reliquo
1096 3233 1247 3325 reposita

68 3356 123 3410 eet
144 3340 233 3408 mihi
246 3362 372 3410 corona
384 3341 545 3410 iustitiae
563 3338 678 3426 (toraca
703 3337 859 3407 ἂποκειται
884 3319 932 3426 pia
957 3340 1037 3414 ὁτης
1054 3335 1243 3412 deramatam

69 3446 244 3540 στεφανος),
269 3473 371 3540 qaam
393 3446 511 3516 reddet
533 3448 620 3516 mihi
643 3447 812 3518 Dominus
835 3450 873 3516 in
896 3449 962 3518 illa
984 3449 1042 3518 die
1057 3449 1177 3518 iustus
1192 3447 1244 3516 iu·

68 3558 137 3626 dex
157 3583 174 3620 o
193 3556 227 3624 2.
248 3555 339 3625 Tim.
358 3555 422 3626 IV.
441 3557 473 3624 7.
492 3557 525 3624 8.

135 3665 192 3734 Ex
216 3663 273 3732 his
296 3664 454 3733 omnibus
477 3663 728 3749 concludimus,
753 3664 790 3732 in
807 3666 984 3734 sententia
999 3663 1129 3733 iudicis
1144 3685 1248 3752 penes

67 3771 198 3844 Matth.
210 3772 235 3840 1.
248 3795 278 3840 c.
297 3771 567 3863 propositionem
582 3771 755 3841 causalem
773 3801 790 3836 a
807 3772 941 3841 esurivi
955 3771 1045 3840 enim
1060 3798 1076 3832 n
1094 3775 1160 3838 eto.
1179 3787 1248 3859 qua

67 3887 167 3951 carte
177 3879 387 3950 enuntiatur
398 3880 561 3949 meritum
573 3887 615 3948 nt
630 3879 801 3949 motivum
812 3878 1012 3949 conferendi
1022 3898 1180 3966 regnum,
1195 3874 1247 3942 ita

66 3991 254 4059 cohaerere
268 4011 346 4056 cum
363 3987 475 4056 inciso
491 3988 731 4058 antecedente:
745 4016 762 4051 a
778 3987 952 4077 possidete
973 3975 1244 4076 (κληρονομησατε)

64 4111 231 4187 paratam
249 4097 343 4162 ectio
366 4118 508 4184 reprom
530 4115 551 4162 a
575 4094 827 4164 constitutione
851 4093 983 4177 mundi,
1005 4119 1021 4154 o
1041 4096 1083 4160 ut
1098 4112 1168 4158 non
1184 4087 1246 4156 mi·
1336 4177 1338 4182 ι

67 4227 136 4274 uus
149 4225 255 4272 causa
267 4201 437 4272 reddatur
452 4209 614 4270 aeternae
626 4203 827 4290 por-ationis
844 4221 947 4292 qnam
971 4199 1193 4266 aaseeationis
1209 4195 1247 4263 in

69 4317 236 4400 tempore.
254 4308 389 4376 Doceat
410 4306 527 4396 igitur
552 4305 771 4397 Scripturas,
799 4303 908 4373 vitam
931 4309 1108 4372 aeternam
1125 4323 1147 4368 a
1172 4321 1247 4370 oon-

71 4416 257 4486 stitntione
288 4414 431 4498 mundi,
464 4419 605 4483 aeterno
635 4413 772 4482 scilicet
785 4411 867 4520 ‘Dei
895 4411 1062 4494 consilio,
1088 4413 1245 4500 paratam
