<?xml version="1.0" encoding="UTF-8"?>
<!DOCTYPE html PUBLIC "-//W3C//DTD XHTML 1.0 Transitional//EN"
    "http://www.w3.org/TR/xhtml1/DTD/xhtml1-transitional.dtd">
<html xmlns="http://www.w3.org/1999/xhtml" xml:lang="en" lang="en">
 <head>
  <title>
</title>
<meta http-equiv="Content-Type" content="text/html;charset=utf-8" />
  <meta name='ocr-system' content='tesseract 3.04.00' />
  <meta name='ocr-capabilities' content='ocr_page ocr_carea ocr_par ocr_line ocrx_word'/>
</head>
<body>
  <div class='ocr_page' id='page_1' title='image "./ioannisbaptfran01frangoog_0724.png"; bbox 0 0 3360 5060; ppageno 0'>
   <div class='ocr_carea' id='block_1_1' title="bbox 151 377 1329 1541">
    <p class='ocr_par' dir='ltr' id='par_1_1' title="bbox 659 377 838 439">
     <span class='ocr_line' id='line_1_1' title="bbox 659 377 838 439; baseline -0.011 0"><span class='ocrx_word' id='word_1_1' title='bbox 659 412 696 424; x_wconf 89' lang='lat'>-</span> <span class='ocrx_word' id='word_1_2' title='bbox 719 377 779 439; x_wconf 82' lang='lat'><strong>707</strong></span> <span class='ocrx_word' id='word_1_3' title='bbox 801 409 838 422; x_wconf 94' lang='lat'><em>-</em></span> 
     </span>
    </p>

    <p class='ocr_par' dir='ltr' id='par_1_2' title="bbox 151 481 1329 1433">
     <span class='ocr_line' id='line_1_2' title="bbox 151 481 1329 576; baseline -0.003 -21"><span class='ocrx_word' id='word_1_4' title='bbox 151 485 299 576; x_wconf 77' lang='lat' dir='ltr'>gloriam</span> <span class='ocrx_word' id='word_1_5' title='bbox 320 487 460 554; x_wconf 79' lang='lat' dir='ltr'>seorsim</span> <span class='ocrx_word' id='word_1_6' title='bbox 478 491 681 575; x_wconf 65' lang='lat' dir='ltr'><strong>spectatam</strong></span> <span class='ocrx_word' id='word_1_7' title='bbox 698 483 757 551; x_wconf 90' lang='lat' dir='ltr'><strong>sed</strong></span> <span class='ocrx_word' id='word_1_8' title='bbox 775 481 969 551; x_wconf 87' lang='lat' dir='ltr'><strong>necessario</strong></span> <span class='ocrx_word' id='word_1_9' title='bbox 986 489 1039 550; x_wconf 87' lang='lat' dir='ltr'><strong>est</strong></span> <span class='ocrx_word' id='word_1_10' title='bbox 1058 484 1329 573; x_wconf 69' lang='lat' dir='ltr'><strong>praedestinatio</strong></span> 
     </span>
     <span class='ocr_line' id='line_1_3' title="bbox 151 590 1328 680; baseline -0.001 -17"><span class='ocrx_word' id='word_1_11' title='bbox 151 591 410 663; x_wconf 76' lang='lat' dir='ltr'><strong>conformitatis</strong></span> <span class='ocrx_word' id='word_1_12' title='bbox 434 616 510 662; x_wconf 88' lang='lat' dir='ltr'><strong>cum</strong></span> <span class='ocrx_word' id='word_1_13' title='bbox 535 592 675 660; x_wconf 88' lang='lat' dir='ltr'><strong>Christo</strong></span> <span class='ocrx_word' id='word_1_14' title='bbox 700 593 775 659; x_wconf 89' lang='lat' dir='ltr'><strong>sive</strong></span> <span class='ocrx_word' id='word_1_15' title='bbox 801 590 962 680; x_wconf 85' lang='lat' dir='ltr'><strong>partialis</strong></span> <span class='ocrx_word' id='word_1_16' title='bbox 979 591 1022 658; x_wconf 88' lang='lat' dir='ltr'><strong>ad</strong></span> <span class='ocrx_word' id='word_1_17' title='bbox 1040 593 1191 680; x_wconf 84' lang='lat' dir='ltr'><strong>gratiam</strong></span> <span class='ocrx_word' id='word_1_18' title='bbox 1209 598 1244 660; x_wconf 92' lang='lat' dir='ltr'><strong>et</strong></span> <span class='ocrx_word' id='word_1_19' title='bbox 1262 617 1328 663; x_wconf 89' lang='lat' dir='ltr'><strong>ma·</strong></span> 
     </span>
     <span class='ocr_line' id='line_1_4' title="bbox 151 697 1329 790; baseline -0.001 -20"><span class='ocrx_word' id='word_1_20' title='bbox 151 701 235 785; x_wconf 83' lang='lat' dir='ltr'><strong>rita,</strong></span> <span class='ocrx_word' id='word_1_21' title='bbox 254 701 329 768; x_wconf 89' lang='lat' dir='ltr'><strong>sive</strong></span> <span class='ocrx_word' id='word_1_22' title='bbox 353 700 524 790; x_wconf 84' lang='lat' dir='ltr'><strong>completa</strong></span> <span class='ocrx_word' id='word_1_23' title='bbox 546 701 588 767; x_wconf 89' lang='lat' dir='ltr'><strong>ad</strong></span> <span class='ocrx_word' id='word_1_24' title='bbox 614 700 765 789; x_wconf 77' lang='lat' dir='ltr'><strong>gratiam</strong></span> <span class='ocrx_word' id='word_1_25' title='bbox 791 697 895 765; x_wconf 88' lang='lat' dir='ltr'><strong>simul</strong></span> <span class='ocrx_word' id='word_1_26' title='bbox 920 707 955 766; x_wconf 85' lang='lat' dir='ltr'><strong>et</strong></span> <span class='ocrx_word' id='word_1_27' title='bbox 983 699 1144 787; x_wconf 83' lang='lat' dir='ltr'><strong>gloriam.</strong></span> <span class='ocrx_word' id='word_1_28' title='bbox 1163 700 1262 768; x_wconf 87' lang='lat' dir='ltr'><strong>Unde</strong></span> <span class='ocrx_word' id='word_1_29' title='bbox 1279 700 1329 769; x_wconf 92' lang='lat' dir='ltr'><strong>di·</strong></span> 
     </span>
     <span class='ocr_line' id='line_1_5' title="bbox 151 806 1329 901; baseline 0.001 -25"><span class='ocrx_word' id='word_1_30' title='bbox 151 809 257 876; x_wconf 87' lang='lat' dir='ltr'><strong>citnr:</strong></span> <span class='ocrx_word' id='word_1_31' title='bbox 274 808 320 874; x_wconf 87' lang='lat' dir='ltr'><strong>ad</strong></span> <span class='ocrx_word' id='word_1_32' title='bbox 331 806 678 897; x_wconf 75' lang='lat' dir='ltr'><strong>praedestinationem</strong></span> <span class='ocrx_word' id='word_1_33' title='bbox 691 823 862 874; x_wconf 80' lang='lat' dir='ltr'><strong>aeternam</strong></span> <span class='ocrx_word' id='word_1_34' title='bbox 876 807 1090 897; x_wconf 77' lang='lat' dir='ltr'><strong>suppositam</strong></span> <span class='ocrx_word' id='word_1_35' title='bbox 1103 809 1329 901; x_wconf 88' lang='lat' dir='ltr'><strong>consequitur</strong></span> 
     </span>
     <span class='ocr_line' id='line_1_6' title="bbox 151 915 1328 1006; baseline -0.003 -23"><span class='ocrx_word' id='word_1_36' title='bbox 151 917 234 985; x_wconf 87' lang='lat' dir='ltr'><strong>ordo</strong></span> <span class='ocrx_word' id='word_1_37' title='bbox 265 915 497 985; x_wconf 79' lang='lat' dir='ltr'><strong>exsecutionis</strong></span> <span class='ocrx_word' id='word_1_38' title='bbox 528 917 564 984; x_wconf 89' lang='lat' dir='ltr'><strong>iu</strong></span> <span class='ocrx_word' id='word_1_39' title='bbox 596 925 767 1006; x_wconf 89' lang='lat' dir='ltr'><strong>tempore,</strong></span> <span class='ocrx_word' id='word_1_40' title='bbox 788 920 937 996; x_wconf 81' lang='lat' dir='ltr'><strong>occatio,</strong></span> <span class='ocrx_word' id='word_1_41' title='bbox 958 917 1178 1004; x_wconf 65' lang='lat' dir='ltr'><strong>inetttoario,</strong></span> <span class='ocrx_word' id='word_1_42' title='bbox 1196 918 1328 1006; x_wconf 61' lang='lat' dir='ltr'><strong>plot-{tl-</strong></span> 
     </span>
     <span class='ocr_line' id='line_1_7' title="bbox 151 1023 1329 1114; baseline 0.004 -26"><span class='ocrx_word' id='word_1_43' title='bbox 151 1026 253 1090; x_wconf 78' lang='lat' dir='ltr'><strong>catio.</strong></span> <span class='ocrx_word' id='word_1_44' title='bbox 280 1024 352 1092; x_wconf 90' lang='lat' dir='ltr'><strong>Hoc</strong></span> <span class='ocrx_word' id='word_1_45' title='bbox 376 1030 491 1092; x_wconf 87' lang='lat' dir='ltr'><strong>autem</strong></span> <span class='ocrx_word' id='word_1_46' title='bbox 517 1025 552 1092; x_wconf 91' lang='lat' dir='ltr'><strong>in</strong></span> <span class='ocrx_word' id='word_1_47' title='bbox 578 1024 669 1092; x_wconf 92' lang='lat' dir='ltr'><strong>omni</strong></span> <span class='ocrx_word' id='word_1_48' title='bbox 694 1023 868 1093; x_wconf 90' lang='lat' dir='ltr'><strong>sententia</strong></span> <span class='ocrx_word' id='word_1_49' title='bbox 886 1045 994 1114; x_wconf 88' lang='lat' dir='ltr'><strong>aeque</strong></span> <span class='ocrx_word' id='word_1_50' title='bbox 1018 1045 1139 1092; x_wconf 90' lang='lat' dir='ltr'><strong>verum</strong></span> <span class='ocrx_word' id='word_1_51' title='bbox 1162 1029 1232 1110; x_wconf 56' lang='grc' dir='ltr'><strong>θεὴ</strong></span> <span class='ocrx_word' id='word_1_52' title='bbox 1259 1024 1329 1093; x_wconf 90' lang='lat' dir='ltr'><strong>nisi</strong></span> 
     </span>
     <span class='ocr_line' id='line_1_8' title="bbox 152 1129 1329 1220; baseline 0.003 -24"><span class='ocrx_word' id='word_1_53' title='bbox 152 1129 242 1220; x_wconf 83' lang='lat' dir='ltr'><strong>qnod</strong></span> <span class='ocrx_word' id='word_1_54' title='bbox 267 1130 302 1195; x_wconf 93' lang='lat' dir='ltr'><strong>in</strong></span> <span class='ocrx_word' id='word_1_55' title='bbox 329 1135 449 1198; x_wconf 86' lang='lat' dir='ltr'><strong>nostra</strong></span> <span class='ocrx_word' id='word_1_56' title='bbox 474 1130 557 1198; x_wconf 91' lang='lat' dir='ltr'><strong>ordo</strong></span> <span class='ocrx_word' id='word_1_57' title='bbox 580 1129 813 1199; x_wconf 79' lang='lat' dir='ltr'><strong>exsecutionis</strong></span> <span class='ocrx_word' id='word_1_58' title='bbox 837 1130 1023 1220; x_wconf 86' lang='lat' dir='ltr'><strong>respondet</strong></span> <span class='ocrx_word' id='word_1_59' title='bbox 1051 1129 1166 1198; x_wconf 90' lang='lat' dir='ltr'><strong>ordini</strong></span> <span class='ocrx_word' id='word_1_60' title='bbox 1190 1131 1329 1220; x_wconf 88' lang='lat' dir='ltr'><strong>praede·</strong></span> 
     </span>
     <span class='ocr_line' id='line_1_9' title="bbox 151 1235 1328 1327; baseline 0.003 -25"><span class='ocrx_word' id='word_1_61' title='bbox 151 1235 355 1304; x_wconf 86' lang='lat' dir='ltr'><strong>stinationis</strong></span> <span class='ocrx_word' id='word_1_62' title='bbox 390 1235 468 1321; x_wconf 87' lang='lat' dir='ltr'><strong>(th.</strong></span> <span class='ocrx_word' id='word_1_63' title='bbox 487 1236 639 1324; x_wconf 83' lang='lat' dir='ltr'><strong>LVII.),</strong></span> <span class='ocrx_word' id='word_1_64' title='bbox 666 1244 770 1327; x_wconf 87' lang='lat' dir='ltr'><strong>atque</strong></span> <span class='ocrx_word' id='word_1_65' title='bbox 804 1235 868 1303; x_wconf 89' lang='lat' dir='ltr'><strong>hoo</strong></span> <span class='ocrx_word' id='word_1_66' title='bbox 903 1235 1007 1304; x_wconf 89' lang='lat' dir='ltr'><strong>etiam</strong></span> <span class='ocrx_word' id='word_1_67' title='bbox 1042 1237 1177 1304; x_wconf 90' lang='lat' dir='ltr'><strong>nomine</strong></span> <span class='ocrx_word' id='word_1_68' title='bbox 1213 1237 1328 1306; x_wconf 89' lang='lat' dir='ltr'><strong>verbis</strong></span> 
     </span>
     <span class='ocr_line' id='line_1_10' title="bbox 152 1342 676 1433; baseline -0.002 -21"><span class='ocrx_word' id='word_1_69' title='bbox 152 1343 188 1412; x_wconf 88' lang='lat' dir='ltr'><strong>S.</strong></span> <span class='ocrx_word' id='word_1_70' title='bbox 210 1343 311 1411; x_wconf 88' lang='lat' dir='ltr'><strong>Pauli</strong></span> <span class='ocrx_word' id='word_1_71' title='bbox 336 1342 475 1433; x_wconf 89' lang='lat' dir='ltr'><strong>plenius</strong></span> <span class='ocrx_word' id='word_1_72' title='bbox 500 1344 676 1433; x_wconf 87' lang='lat' dir='ltr'><strong>congruit.</strong></span> 
     </span>
    </p>

    <p class='ocr_par' dir='ltr' id='par_1_3' title="bbox 220 1449 1326 1541">
     <span class='ocr_line' id='line_1_11' title="bbox 220 1449 1326 1541; baseline 0 -23"><span class='ocrx_word' id='word_1_73' title='bbox 220 1449 388 1540; x_wconf 83' lang='lat' dir='ltr'><strong>Superest</strong></span> <span class='ocrx_word' id='word_1_74' title='bbox 411 1450 459 1534; x_wconf 93' lang='lat' dir='ltr'><strong>id,</strong></span> <span class='ocrx_word' id='word_1_75' title='bbox 487 1450 576 1541; x_wconf 89' lang='lat' dir='ltr'><strong>qnod</strong></span> <span class='ocrx_word' id='word_1_76' title='bbox 600 1457 654 1518; x_wconf 89' lang='lat' dir='ltr'><strong>est</strong></span> <span class='ocrx_word' id='word_1_77' title='bbox 678 1451 862 1517; x_wconf 88' lang='lat' dir='ltr'><strong>maximum</strong></span> <span class='ocrx_word' id='word_1_78' title='bbox 887 1456 923 1516; x_wconf 90' lang='lat' dir='ltr'><strong>et</strong></span> <span class='ocrx_word' id='word_1_79' title='bbox 951 1473 1056 1518; x_wconf 87' lang='lat' dir='ltr'><strong>unum</strong></span> <span class='ocrx_word' id='word_1_80' title='bbox 1083 1450 1326 1535; x_wconf 88' lang='lat' dir='ltr'><strong>necessarium,</strong></span> 
     </span>
    </p>
   </div>
   <div class='ocr_carea' id='block_1_2' title="bbox 148 1557 1328 1976">
    <p class='ocr_par' dir='ltr' id='par_1_4' title="bbox 148 1557 1328 1976">
     <span class='ocr_line' id='line_1_12' title="bbox 150 1557 1327 1650; baseline 0 -25"><span class='ocrx_word' id='word_1_81' title='bbox 150 1557 241 1649; x_wconf 90' lang='lat' dir='ltr'><strong>quod</strong></span> <span class='ocrx_word' id='word_1_82' title='bbox 273 1558 304 1625; x_wconf 91' lang='lat' dir='ltr'><strong>si</strong></span> <span class='ocrx_word' id='word_1_83' title='bbox 336 1559 539 1642; x_wconf 83' lang='lat' dir='ltr'><strong>fecerimus,</strong></span> <span class='ocrx_word' id='word_1_84' title='bbox 566 1557 666 1626; x_wconf 90' lang='lat' dir='ltr'><strong>nulla</strong></span> <span class='ocrx_word' id='word_1_85' title='bbox 690 1581 778 1650; x_wconf 91' lang='lat' dir='ltr'><strong>quae</strong></span> <span class='ocrx_word' id='word_1_86' title='bbox 801 1557 967 1626; x_wconf 82' lang='lat' dir='ltr'><strong>videntur</strong></span> <span class='ocrx_word' id='word_1_87' title='bbox 999 1557 1102 1642; x_wconf 89' lang='lat' dir='ltr'><strong>mala,</strong></span> <span class='ocrx_word' id='word_1_88' title='bbox 1129 1559 1271 1646; x_wconf 86' lang='lat' dir='ltr'><strong>obsunt;</strong></span> <span class='ocrx_word' id='word_1_89' title='bbox 1297 1559 1327 1627; x_wconf 90' lang='lat' dir='ltr'><strong>si</strong></span> 
     </span>
     <span class='ocr_line' id='line_1_13' title="bbox 149 1665 1328 1757; baseline 0 -24"><span class='ocrx_word' id='word_1_90' title='bbox 149 1665 417 1755; x_wconf 79' lang='lat' dir='ltr'><strong>neglexerimus,</strong></span> <span class='ocrx_word' id='word_1_91' title='bbox 444 1665 542 1734; x_wconf 88' lang='lat' dir='ltr'><strong>nulla</strong></span> <span class='ocrx_word' id='word_1_92' title='bbox 567 1688 653 1757; x_wconf 89' lang='lat' dir='ltr'><strong>quae</strong></span> <span class='ocrx_word' id='word_1_93' title='bbox 679 1665 845 1734; x_wconf 86' lang='lat' dir='ltr'><strong>videntur</strong></span> <span class='ocrx_word' id='word_1_94' title='bbox 863 1666 962 1752; x_wconf 86' lang='lat' dir='ltr'><strong>bona,</strong></span> <span class='ocrx_word' id='word_1_95' title='bbox 982 1673 1144 1756; x_wconf 87' lang='lat' dir='ltr'><strong>prosnnt;</strong></span> <span class='ocrx_word' id='word_1_96' title='bbox 1172 1671 1212 1734; x_wconf 91' lang='lat' dir='ltr'><strong>ut</strong></span> <span class='ocrx_word' id='word_1_97' title='bbox 1236 1668 1328 1734; x_wconf 88' lang='lat' dir='ltr'><strong>obse·</strong></span> 
     </span>
     <span class='ocr_line' id='line_1_14' title="bbox 148 1772 1325 1866; baseline 0.001 -26"><span class='ocrx_word' id='word_1_98' title='bbox 148 1795 296 1866; x_wconf 73' lang='lat' dir='ltr'><strong>quamue·</strong></span> <span class='ocrx_word' id='word_1_99' title='bbox 311 1773 475 1841; x_wconf 88' lang='lat' dir='ltr'><strong>nimirum</strong></span> <span class='ocrx_word' id='word_1_100' title='bbox 494 1773 623 1842; x_wconf 92' lang='lat' dir='ltr'><strong>monito</strong></span> <span class='ocrx_word' id='word_1_101' title='bbox 647 1772 820 1863; x_wconf 86' lang='lat' dir='ltr'><strong>Apostoli:</strong></span> <span class='ocrx_word' id='word_1_102' title='bbox 842 1803 857 1837; x_wconf 80' lang='lat' dir='ltr'><strong>e</strong></span> <span class='ocrx_word' id='word_1_103' title='bbox 876 1775 1006 1841; x_wconf 87' lang='lat' dir='ltr'><strong>fratres</strong></span> <span class='ocrx_word' id='word_1_104' title='bbox 1031 1773 1143 1864; x_wconf 90' lang='lat' dir='ltr'><strong>magis</strong></span> <span class='ocrx_word' id='word_1_105' title='bbox 1160 1773 1325 1862; x_wconf 86' lang='lat' dir='ltr'><strong>satagite,</strong></span> 
     </span>
     <span class='ocr_line' id='line_1_15' title="bbox 148 1879 1328 1976; baseline -0.001 -28"><span class='ocrx_word' id='word_1_106' title='bbox 148 1887 188 1948; x_wconf 86' lang='lat' dir='ltr'><strong>ut</strong></span> <span class='ocrx_word' id='word_1_107' title='bbox 204 1903 264 1970; x_wconf 91' lang='lat' dir='ltr'><strong>per</strong></span> <span class='ocrx_word' id='word_1_108' title='bbox 288 1881 376 1948; x_wconf 89' lang='lat' dir='ltr'><strong>bona</strong></span> <span class='ocrx_word' id='word_1_109' title='bbox 400 1903 504 1971; x_wconf 88' lang='lat' dir='ltr'><strong>opera</strong></span> <span class='ocrx_word' id='word_1_110' title='bbox 521 1886 651 1975; x_wconf 77' lang='lat' dir='ltr'><strong>certam</strong></span> <span class='ocrx_word' id='word_1_111' title='bbox 669 1887 822 1949; x_wconf 89' lang='lat' dir='ltr'><strong>vestram</strong></span> <span class='ocrx_word' id='word_1_112' title='bbox 841 1879 1054 1976; x_wconf 83' lang='lat' dir='ltr'><strong>vocationem</strong></span> <span class='ocrx_word' id='word_1_113' title='bbox 1073 1887 1110 1948; x_wconf 88' lang='lat' dir='ltr'><strong>et</strong></span> <span class='ocrx_word' id='word_1_114' title='bbox 1127 1880 1328 1949; x_wconf 87' lang='lat' dir='ltr'><strong>electionem</strong></span> 
     </span>
    </p>
   </div>
   <div class='ocr_carea' id='block_1_3' title="bbox 138 1984 1328 4434">
    <p class='ocr_par' dir='ltr' id='par_1_5' title="bbox 138 1984 1328 4434">
     <span class='ocr_line' id='line_1_16' title="bbox 148 1984 1326 2076; baseline -0.006 -22"><span class='ocrx_word' id='word_1_115' title='bbox 148 1984 310 2072; x_wconf 83' lang='lat' dir='ltr'><strong>faciatis;</strong></span> <span class='ocrx_word' id='word_1_116' title='bbox 347 1985 428 2054; x_wconf 87' lang='lat' dir='ltr'><strong>haec</strong></span> <span class='ocrx_word' id='word_1_117' title='bbox 461 1986 550 2054; x_wconf 91' lang='lat' dir='ltr'><strong>enim</strong></span> <span class='ocrx_word' id='word_1_118' title='bbox 587 1986 755 2054; x_wconf 84' lang='lat' dir='ltr'><strong>facientes</strong></span> <span class='ocrx_word' id='word_1_119' title='bbox 787 2007 854 2052; x_wconf 91' lang='lat' dir='ltr'><strong>non</strong></span> <span class='ocrx_word' id='word_1_120' title='bbox 886 1985 1075 2074; x_wconf 88' lang='lat' dir='ltr'><strong>peccabitis</strong></span> <span class='ocrx_word' id='word_1_121' title='bbox 1107 1986 1326 2076; x_wconf 70' lang='lat' dir='ltr'><strong>aliquando»</strong></span> 
     </span>
     <span class='ocr_line' id='line_1_17' title="bbox 147 2092 1328 2181; baseline 0.001 -21"><span class='ocrx_word' id='word_1_122' title='bbox 147 2093 195 2181; x_wconf 75' lang='lat'><strong>(2.</strong></span> <span class='ocrx_word' id='word_1_123' title='bbox 216 2093 289 2161; x_wconf 90' lang='lat' dir='ltr'><strong>Pet.</strong></span> <span class='ocrx_word' id='word_1_124' title='bbox 309 2093 339 2160; x_wconf 94' lang='lat' dir='ltr'><strong>I.</strong></span> <span class='ocrx_word' id='word_1_125' title='bbox 360 2092 445 2178; x_wconf 82' lang='lat'><strong>10.).</strong></span> <span class='ocrx_word' id='word_1_126' title='bbox 465 2093 522 2160; x_wconf 89' lang='lat' dir='ltr'><strong>Ad</strong></span> <span class='ocrx_word' id='word_1_127' title='bbox 546 2092 610 2162; x_wconf 89' lang='lat' dir='ltr'><strong>hoc</strong></span> <span class='ocrx_word' id='word_1_128' title='bbox 635 2100 750 2161; x_wconf 85' lang='lat' dir='ltr'><strong>autem</strong></span> <span class='ocrx_word' id='word_1_129' title='bbox 776 2112 938 2180; x_wconf 88' lang='lat' dir='ltr'><strong>magnum</strong></span> <span class='ocrx_word' id='word_1_130' title='bbox 954 2094 1135 2181; x_wconf 89' lang='lat' dir='ltr'><strong>negotium</strong></span> <span class='ocrx_word' id='word_1_131' title='bbox 1151 2092 1328 2161; x_wconf 86' lang='lat' dir='ltr'><strong>firmemur</strong></span> 
     </span>
     <span class='ocr_line' id='line_1_18' title="bbox 147 2200 1328 2293; baseline 0 -23"><span class='ocrx_word' id='word_1_132' title='bbox 147 2224 250 2270; x_wconf 86' lang='lat' dir='ltr'><strong>sensu</strong></span> <span class='ocrx_word' id='word_1_133' title='bbox 267 2202 330 2270; x_wconf 92' lang='lat' dir='ltr'><strong>illo</strong></span> <span class='ocrx_word' id='word_1_134' title='bbox 348 2225 413 2270; x_wconf 89' lang='lat' dir='ltr'><strong>non</strong></span> <span class='ocrx_word' id='word_1_135' title='bbox 433 2204 547 2270; x_wconf 89' lang='lat' dir='ltr'><strong>minus</strong></span> <span class='ocrx_word' id='word_1_136' title='bbox 565 2203 729 2272; x_wconf 88' lang='lat' dir='ltr'><strong>veritatis</strong></span> <span class='ocrx_word' id='word_1_137' title='bbox 758 2201 973 2271; x_wconf 88' lang='lat' dir='ltr'><strong>certissimae</strong></span> <span class='ocrx_word' id='word_1_138' title='bbox 990 2225 1092 2293; x_wconf 88' lang='lat' dir='ltr'><strong>quam</strong></span> <span class='ocrx_word' id='word_1_139' title='bbox 1110 2200 1328 2271; x_wconf 87' lang='lat' dir='ltr'><strong>humilitatis</strong></span> 
     </span>
     <span class='ocr_line' id='line_1_19' title="bbox 146 2309 1328 2401; baseline -0.002 -21"><span class='ocrx_word' id='word_1_140' title='bbox 146 2317 182 2380; x_wconf 87' lang='lat' dir='ltr'><strong>et</strong></span> <span class='ocrx_word' id='word_1_141' title='bbox 205 2311 278 2400; x_wconf 92' lang='lat' dir='ltr'><strong>spei</strong></span> <span class='ocrx_word' id='word_1_142' title='bbox 303 2311 340 2378; x_wconf 93' lang='lat' dir='ltr'><strong>in</strong></span> <span class='ocrx_word' id='word_1_143' title='bbox 364 2311 435 2378; x_wconf 91' lang='lat' dir='ltr'><strong>Deo</strong></span> <span class='ocrx_word' id='word_1_144' title='bbox 458 2311 670 2393; x_wconf 88' lang='lat' dir='ltr'><strong>tutissimae,</strong></span> <span class='ocrx_word' id='word_1_145' title='bbox 691 2309 779 2401; x_wconf 92' lang='lat' dir='ltr'><strong>quod</strong></span> <span class='ocrx_word' id='word_1_146' title='bbox 806 2335 825 2376; x_wconf 88' lang='lat' dir='ltr'><strong>a</strong></span> <span class='ocrx_word' id='word_1_147' title='bbox 849 2309 972 2378; x_wconf 88' lang='lat' dir='ltr'><strong>divina</strong></span> <span class='ocrx_word' id='word_1_148' title='bbox 995 2310 1114 2399; x_wconf 88' lang='lat' dir='ltr'><strong>gratia</strong></span> <span class='ocrx_word' id='word_1_149' title='bbox 1141 2317 1178 2378; x_wconf 90' lang='lat' dir='ltr'><strong>et</strong></span> <span class='ocrx_word' id='word_1_150' title='bbox 1195 2310 1328 2378; x_wconf 88' lang='lat' dir='ltr'><strong>miseri·</strong></span> 
     </span>
     <span class='ocr_line' id='line_1_20' title="bbox 146 2417 1328 2508; baseline -0.003 -21"><span class='ocrx_word' id='word_1_151' title='bbox 146 2418 347 2500; x_wconf 69' lang='lat' dir='ltr'><strong>cardinem,</strong></span> <span class='ocrx_word' id='word_1_152' title='bbox 366 2425 407 2486; x_wconf 90' lang='lat' dir='ltr'><strong>ut</strong></span> <span class='ocrx_word' id='word_1_153' title='bbox 423 2418 613 2503; x_wconf 79' lang='lat' dir='ltr'><strong>selvemnr3</strong></span> <span class='ocrx_word' id='word_1_154' title='bbox 634 2419 779 2503; x_wconf 90' lang='lat' dir='ltr'><strong>anobis,</strong></span> <span class='ocrx_word' id='word_1_155' title='bbox 801 2417 830 2484; x_wconf 87' lang='lat' dir='ltr'><strong>si</strong></span> <span class='ocrx_word' id='word_1_156' title='bbox 855 2417 1069 2486; x_wconf 85' lang='lat' dir='ltr'><strong>damnemur.</strong></span> <span class='ocrx_word' id='word_1_157' title='bbox 1093 2417 1195 2486; x_wconf 81' lang='lat' dir='ltr'><strong>eVos</strong></span> <span class='ocrx_word' id='word_1_158' title='bbox 1213 2417 1328 2508; x_wconf 84' lang='lat' dir='ltr'><strong>itaque</strong></span> 
     </span>
     <span class='ocr_line' id='line_1_21' title="bbox 144 2525 1325 2616; baseline -0.003 -22"><span class='ocrx_word' id='word_1_159' title='bbox 144 2525 249 2594; x_wconf 89' lang='lat' dir='ltr'><strong>etiam</strong></span> <span class='ocrx_word' id='word_1_160' title='bbox 273 2526 383 2614; x_wconf 89' lang='lat' dir='ltr'><strong>ipsam</strong></span> <span class='ocrx_word' id='word_1_161' title='bbox 408 2526 588 2594; x_wconf 88' lang='lat' dir='ltr'><strong>obediendi</strong></span> <span class='ocrx_word' id='word_1_162' title='bbox 622 2525 918 2616; x_wconf 86' lang='lat' dir='ltr'><strong>perseverantiam</strong></span> <span class='ocrx_word' id='word_1_163' title='bbox 948 2547 969 2591; x_wconf 93' lang='lat' dir='ltr'><strong>a</strong></span> <span class='ocrx_word' id='word_1_164' title='bbox 1000 2526 1104 2594; x_wconf 89' lang='lat' dir='ltr'><strong>Patre</strong></span> <span class='ocrx_word' id='word_1_165' title='bbox 1135 2525 1325 2606; x_wconf 88' lang='lat' dir='ltr'><strong>luminum,</strong></span> 
     </span>
     <span class='ocr_line' id='line_1_22' title="bbox 144 2631 1328 2723; baseline -0.002 -23"><span class='ocrx_word' id='word_1_166' title='bbox 144 2653 250 2723; x_wconf 86' lang='lat' dir='ltr'><strong>aquo</strong></span> <span class='ocrx_word' id='word_1_167' title='bbox 273 2631 451 2701; x_wconf 85' lang='lat' dir='ltr'><strong>descendit</strong></span> <span class='ocrx_word' id='word_1_168' title='bbox 475 2654 573 2700; x_wconf 89' lang='lat' dir='ltr'><strong>omne</strong></span> <span class='ocrx_word' id='word_1_169' title='bbox 597 2632 716 2701; x_wconf 87' lang='lat' dir='ltr'><strong>datum</strong></span> <span class='ocrx_word' id='word_1_170' title='bbox 744 2632 916 2721; x_wconf 25' lang='lat' dir='ltr'><strong>optimum,</strong></span> <span class='ocrx_word' id='word_1_171' title='bbox 936 2638 972 2700; x_wconf 91' lang='lat' dir='ltr'><strong>et</strong></span> <span class='ocrx_word' id='word_1_172' title='bbox 986 2654 1083 2699; x_wconf 91' lang='lat' dir='ltr'><strong>omne</strong></span> <span class='ocrx_word' id='word_1_173' title='bbox 1109 2632 1233 2699; x_wconf 87' lang='lat' dir='ltr'><strong>donum</strong></span> <span class='ocrx_word' id='word_1_174' title='bbox 1252 2653 1328 2720; x_wconf 87' lang='lat' dir='ltr'><strong>per·</strong></span> 
     </span>
     <span class='ocr_line' id='line_1_23' title="bbox 144 2738 1324 2831; baseline -0.001 -24"><span class='ocrx_word' id='word_1_175' title='bbox 144 2740 289 2824; x_wconf 79' lang='lat' dir='ltr'><strong>lectum,</strong></span> <span class='ocrx_word' id='word_1_176' title='bbox 316 2762 455 2830; x_wconf 87' lang='lat' dir='ltr'><strong>sperare</strong></span> <span class='ocrx_word' id='word_1_177' title='bbox 480 2739 613 2808; x_wconf 88' lang='lat' dir='ltr'><strong>debetis</strong></span> <span class='ocrx_word' id='word_1_178' title='bbox 638 2745 674 2807; x_wconf 90' lang='lat' dir='ltr'><strong>et</strong></span> <span class='ocrx_word' id='word_1_179' title='bbox 700 2738 916 2831; x_wconf 89' lang='lat' dir='ltr'><strong>quotidianis</strong></span> <span class='ocrx_word' id='word_1_180' title='bbox 933 2738 1150 2807; x_wconf 87' lang='lat' dir='ltr'><strong>orationibus</strong></span> <span class='ocrx_word' id='word_1_181' title='bbox 1174 2761 1324 2829; x_wconf 86' lang='lat' dir='ltr'><strong>poscere,</strong></span> 
     </span>
     <span class='ocr_line' id='line_1_24' title="bbox 143 2845 1324 2937; baseline -0.002 -23"><span class='ocrx_word' id='word_1_182' title='bbox 143 2854 247 2937; x_wconf 88' lang='lat' dir='ltr'><strong>atque</strong></span> <span class='ocrx_word' id='word_1_183' title='bbox 271 2845 336 2914; x_wconf 91' lang='lat' dir='ltr'><strong>hoo</strong></span> <span class='ocrx_word' id='word_1_184' title='bbox 360 2846 519 2915; x_wconf 89' lang='lat' dir='ltr'><strong>faciendo</strong></span> <span class='ocrx_word' id='word_1_185' title='bbox 543 2847 731 2930; x_wconf 88' lang='lat' dir='ltr'><strong>confidere,</strong></span> <span class='ocrx_word' id='word_1_186' title='bbox 760 2869 826 2914; x_wconf 90' lang='lat' dir='ltr'><strong>non</strong></span> <span class='ocrx_word' id='word_1_187' title='bbox 852 2869 915 2914; x_wconf 89' lang='lat' dir='ltr'><strong>vos</strong></span> <span class='ocrx_word' id='word_1_188' title='bbox 946 2869 1020 2914; x_wconf 91' lang='lat' dir='ltr'><strong>esse</strong></span> <span class='ocrx_word' id='word_1_189' title='bbox 1045 2869 1066 2913; x_wconf 87' lang='lat' dir='ltr'><strong>a</strong></span> <span class='ocrx_word' id='word_1_190' title='bbox 1090 2846 1324 2937; x_wconf 84' lang='lat' dir='ltr'><strong>praedestina·</strong></span> 
     </span>
     <span class='ocr_line' id='line_1_25' title="bbox 142 2952 1325 3046; baseline 0.001 -24"><span class='ocrx_word' id='word_1_191' title='bbox 142 2952 238 3022; x_wconf 91' lang='lat' dir='ltr'><strong>tione</strong></span> <span class='ocrx_word' id='word_1_192' title='bbox 262 2953 381 3044; x_wconf 88' lang='lat' dir='ltr'><strong>populi</strong></span> <span class='ocrx_word' id='word_1_193' title='bbox 405 2954 482 3022; x_wconf 90' lang='lat' dir='ltr'><strong>eius</strong></span> <span class='ocrx_word' id='word_1_194' title='bbox 506 2953 651 3038; x_wconf 86' lang='lat' dir='ltr'><strong>alienos,</strong></span> <span class='ocrx_word' id='word_1_195' title='bbox 678 2953 889 3046; x_wconf 85' lang='lat' dir='ltr'><strong>quinetiam</strong></span> <span class='ocrx_word' id='word_1_196' title='bbox 915 2953 978 3022; x_wconf 91' lang='lat' dir='ltr'><strong>hoe</strong></span> <span class='ocrx_word' id='word_1_197' title='bbox 1004 2959 1047 3021; x_wconf 91' lang='lat' dir='ltr'><strong>ut</strong></span> <span class='ocrx_word' id='word_1_198' title='bbox 1070 2954 1224 3036; x_wconf 86' lang='lat' dir='ltr'><strong>faciatis,</strong></span> <span class='ocrx_word' id='word_1_199' title='bbox 1250 2955 1325 3045; x_wconf 89' lang='lat' dir='ltr'><strong>ipse</strong></span> 
     </span>
     <span class='ocr_line' id='line_1_26' title="bbox 142 3059 1324 3155; baseline 0.003 -28"><span class='ocrx_word' id='word_1_200' title='bbox 142 3059 310 3151; x_wconf 86' lang='lat' dir='ltr'><strong>largitur.</strong></span> <span class='ocrx_word' id='word_1_201' title='bbox 330 3061 436 3129; x_wconf 89' lang='lat' dir='ltr'><strong>Absit</strong></span> <span class='ocrx_word' id='word_1_202' title='bbox 460 3067 576 3129; x_wconf 89' lang='lat' dir='ltr'><strong>autem</strong></span> <span class='ocrx_word' id='word_1_203' title='bbox 594 3085 615 3129; x_wconf 93' lang='lat' dir='ltr'><strong>a</strong></span> <span class='ocrx_word' id='word_1_204' title='bbox 632 3062 730 3130; x_wconf 87' lang='lat' dir='ltr'><strong>vobis</strong></span> <span class='ocrx_word' id='word_1_205' title='bbox 748 3061 824 3129; x_wconf 91' lang='lat' dir='ltr'><strong>ideo</strong></span> <span class='ocrx_word' id='word_1_206' title='bbox 848 3061 1034 3150; x_wconf 86' lang='lat' dir='ltr'><strong>desperare</strong></span> <span class='ocrx_word' id='word_1_207' title='bbox 1057 3061 1099 3129; x_wconf 91' lang='lat' dir='ltr'><strong>de</strong></span> <span class='ocrx_word' id='word_1_208' title='bbox 1117 3061 1228 3144; x_wconf 89' lang='lat' dir='ltr'><strong>vobis,</strong></span> <span class='ocrx_word' id='word_1_209' title='bbox 1247 3085 1324 3155; x_wconf 92' lang='lat' dir='ltr'><strong>quo-</strong></span> 
     </span>
     <span class='ocr_line' id='line_1_27' title="bbox 142 3167 1320 3259; baseline 0.002 -23"><span class='ocrx_word' id='word_1_210' title='bbox 142 3167 236 3237; x_wconf 85' lang='lat' dir='ltr'><strong>niam</strong></span> <span class='ocrx_word' id='word_1_211' title='bbox 261 3191 355 3259; x_wconf 91' lang='lat' dir='ltr'><strong>spem</strong></span> <span class='ocrx_word' id='word_1_212' title='bbox 372 3173 524 3236; x_wconf 85' lang='lat' dir='ltr'><strong>vestram</strong></span> <span class='ocrx_word' id='word_1_213' title='bbox 541 3169 576 3236; x_wconf 90' lang='lat' dir='ltr'><strong>in</strong></span> <span class='ocrx_word' id='word_1_214' title='bbox 594 3169 669 3258; x_wconf 88' lang='lat' dir='ltr'><strong>ipso</strong></span> <span class='ocrx_word' id='word_1_215' title='bbox 694 3169 819 3236; x_wconf 89' lang='lat' dir='ltr'><strong>habere</strong></span> <span class='ocrx_word' id='word_1_216' title='bbox 843 3167 1014 3236; x_wconf 90' lang='lat' dir='ltr'><strong>iubemini</strong></span> <span class='ocrx_word' id='word_1_217' title='bbox 1041 3191 1108 3235; x_wconf 93' lang='lat' dir='ltr'><strong>non</strong></span> <span class='ocrx_word' id='word_1_218' title='bbox 1127 3169 1163 3235; x_wconf 89' lang='lat' dir='ltr'><strong>in</strong></span> <span class='ocrx_word' id='word_1_219' title='bbox 1181 3168 1320 3238; x_wconf 85' lang='lat' dir='ltr'><strong>vobis...</strong></span> 
     </span>
     <span class='ocr_line' id='line_1_28' title="bbox 144 3273 1324 3366; baseline 0 -22"><span class='ocrx_word' id='word_1_220' title='bbox 144 3277 243 3345; x_wconf 87' lang='lat' dir='ltr'><strong>Hanc</strong></span> <span class='ocrx_word' id='word_1_221' title='bbox 267 3299 360 3366; x_wconf 89' lang='lat' dir='ltr'><strong>spem</strong></span> <span class='ocrx_word' id='word_1_222' title='bbox 383 3281 542 3344; x_wconf 89' lang='lat' dir='ltr'><strong>tenentes</strong></span> <span class='ocrx_word' id='word_1_223' title='bbox 574 3273 704 3344; x_wconf 87' lang='lat' dir='ltr'><strong>servite</strong></span> <span class='ocrx_word' id='word_1_224' title='bbox 730 3273 874 3342; x_wconf 91' lang='lat' dir='ltr'><strong>Domino</strong></span> <span class='ocrx_word' id='word_1_225' title='bbox 899 3273 933 3340; x_wconf 90' lang='lat' dir='ltr'><strong>in</strong></span> <span class='ocrx_word' id='word_1_226' title='bbox 959 3273 1084 3342; x_wconf 88' lang='lat' dir='ltr'><strong>timore</strong></span> <span class='ocrx_word' id='word_1_227' title='bbox 1107 3281 1143 3342; x_wconf 90' lang='lat' dir='ltr'><strong>et</strong></span> <span class='ocrx_word' id='word_1_228' title='bbox 1165 3274 1324 3344; x_wconf 85' lang='lat' dir='ltr'><strong>exultata</strong></span> 
     </span>
     <span class='ocr_line' id='line_1_29' title="bbox 143 3379 1323 3474; baseline -0.001 -22"><span class='ocrx_word' id='word_1_229' title='bbox 143 3382 175 3452; x_wconf 92' lang='lat' dir='ltr'><strong>ei</strong></span> <span class='ocrx_word' id='word_1_230' title='bbox 200 3405 277 3451; x_wconf 89' lang='lat' dir='ltr'><strong>cum</strong></span> <span class='ocrx_word' id='word_1_231' title='bbox 300 3389 460 3466; x_wconf 89' lang='lat' dir='ltr'><strong>tremore,</strong></span> <span class='ocrx_word' id='word_1_232' title='bbox 488 3381 649 3474; x_wconf 90' lang='lat' dir='ltr'><strong>qnoniam</strong></span> <span class='ocrx_word' id='word_1_233' title='bbox 674 3379 715 3450; x_wconf 93' lang='lat' dir='ltr'><strong>de</strong></span> <span class='ocrx_word' id='word_1_234' title='bbox 740 3381 817 3449; x_wconf 87' lang='lat' dir='ltr'><strong>vita</strong></span> <span class='ocrx_word' id='word_1_235' title='bbox 839 3388 995 3466; x_wconf 88' lang='lat' dir='ltr'><strong>aeterna,</strong></span> <span class='ocrx_word' id='word_1_236' title='bbox 1014 3403 1115 3473; x_wconf 91' lang='lat' dir='ltr'><strong>qnam</strong></span> <span class='ocrx_word' id='word_1_237' title='bbox 1145 3381 1231 3450; x_wconf 89' lang='lat' dir='ltr'><strong>filiis</strong></span> <span class='ocrx_word' id='word_1_238' title='bbox 1247 3404 1323 3473; x_wconf 92' lang='lat' dir='ltr'><strong>pro-</strong></span> 
     </span>
     <span class='ocr_line' id='line_1_30' title="bbox 143 3487 1318 3578; baseline 0.002 -22"><span class='ocrx_word' id='word_1_239' title='bbox 143 3489 320 3558; x_wconf 87' lang='lat' dir='ltr'><strong>missionis</strong></span> <span class='ocrx_word' id='word_1_240' title='bbox 344 3488 504 3578; x_wconf 88' lang='lat' dir='ltr'><strong>promisit</strong></span> <span class='ocrx_word' id='word_1_241' title='bbox 521 3511 589 3556; x_wconf 90' lang='lat' dir='ltr'><strong>non</strong></span> <span class='ocrx_word' id='word_1_242' title='bbox 615 3487 759 3556; x_wconf 86' lang='lat' dir='ltr'><strong>mendax</strong></span> <span class='ocrx_word' id='word_1_243' title='bbox 789 3487 882 3556; x_wconf 90' lang='lat' dir='ltr'><strong>Deus</strong></span> <span class='ocrx_word' id='word_1_244' title='bbox 898 3495 978 3557; x_wconf 88' lang='lat' dir='ltr'><strong>ante</strong></span> <span class='ocrx_word' id='word_1_245' title='bbox 993 3495 1149 3578; x_wconf 88' lang='lat' dir='ltr'><strong>tempora</strong></span> <span class='ocrx_word' id='word_1_246' title='bbox 1167 3496 1318 3573; x_wconf 88' lang='lat' dir='ltr'><strong>aeterna,</strong></span> 
     </span>
     <span class='ocr_line' id='line_1_31' title="bbox 142 3594 1319 3685; baseline 0.001 -22"><span class='ocrx_word' id='word_1_247' title='bbox 142 3617 240 3664; x_wconf 92' lang='lat' dir='ltr'><strong>nemo</strong></span> <span class='ocrx_word' id='word_1_248' title='bbox 264 3599 469 3685; x_wconf 89' lang='lat' dir='ltr'><strong>potestesse</strong></span> <span class='ocrx_word' id='word_1_249' title='bbox 494 3617 637 3664; x_wconf 88' lang='lat' dir='ltr'><strong>securus</strong></span> <span class='ocrx_word' id='word_1_250' title='bbox 660 3594 729 3662; x_wconf 87' lang='lat' dir='ltr'><strong>nisi</strong></span> <span class='ocrx_word' id='word_1_251' title='bbox 755 3601 991 3664; x_wconf 86' lang='lat' dir='ltr'><strong>consummata</strong></span> <span class='ocrx_word' id='word_1_252' title='bbox 1016 3596 1128 3665; x_wconf 86' lang='lat' dir='ltr'><strong>fuerit</strong></span> <span class='ocrx_word' id='word_1_253' title='bbox 1145 3596 1214 3664; x_wconf 89' lang='lat' dir='ltr'><strong>ista</strong></span> <span class='ocrx_word' id='word_1_254' title='bbox 1231 3597 1319 3680; x_wconf 87' lang='lat' dir='ltr'><strong>vita,</strong></span> 
     </span>
     <span class='ocr_line' id='line_1_32' title="bbox 142 3701 1320 3794; baseline 0 -24"><span class='ocrx_word' id='word_1_255' title='bbox 142 3723 230 3794; x_wconf 87' lang='lat' dir='ltr'><strong>quaa</strong></span> <span class='ocrx_word' id='word_1_256' title='bbox 254 3701 404 3770; x_wconf 86' lang='lat' dir='ltr'><strong>tentatio</strong></span> <span class='ocrx_word' id='word_1_257' title='bbox 427 3708 483 3770; x_wconf 90' lang='lat' dir='ltr'><strong>est</strong></span> <span class='ocrx_word' id='word_1_258' title='bbox 506 3723 612 3792; x_wconf 88' lang='lat' dir='ltr'><strong>snper</strong></span> <span class='ocrx_word' id='word_1_259' title='bbox 635 3709 777 3788; x_wconf 89' lang='lat' dir='ltr'><strong>terram;</strong></span> <span class='ocrx_word' id='word_1_260' title='bbox 796 3703 856 3771; x_wconf 89' lang='lat' dir='ltr'><strong>sed</strong></span> <span class='ocrx_word' id='word_1_261' title='bbox 881 3703 987 3771; x_wconf 87' lang='lat' dir='ltr'><strong>faciet</strong></span> <span class='ocrx_word' id='word_1_262' title='bbox 1015 3725 1076 3770; x_wconf 92' lang='lat' dir='ltr'><strong>nos</strong></span> <span class='ocrx_word' id='word_1_263' title='bbox 1100 3724 1320 3792; x_wconf 87' lang='lat' dir='ltr'><strong>perseverare</strong></span> 
     </span>
     <span class='ocr_line' id='line_1_33' title="bbox 140 3807 1320 3900; baseline 0 -24"><span class='ocrx_word' id='word_1_264' title='bbox 140 3809 178 3876; x_wconf 89' lang='lat' dir='ltr'><strong>in</strong></span> <span class='ocrx_word' id='word_1_265' title='bbox 201 3830 237 3876; x_wconf 89' lang='lat' dir='ltr'><strong>sa</strong></span> <span class='ocrx_word' id='word_1_266' title='bbox 261 3831 370 3900; x_wconf 89' lang='lat' dir='ltr'><strong>nsque</strong></span> <span class='ocrx_word' id='word_1_267' title='bbox 394 3808 431 3876; x_wconf 89' lang='lat' dir='ltr'><strong>in</strong></span> <span class='ocrx_word' id='word_1_268' title='bbox 455 3807 532 3877; x_wconf 90' lang='lat' dir='ltr'><strong>eius</strong></span> <span class='ocrx_word' id='word_1_269' title='bbox 558 3809 653 3878; x_wconf 87' lang='lat' dir='ltr'><strong>vitae</strong></span> <span class='ocrx_word' id='word_1_270' title='bbox 677 3810 800 3894; x_wconf 89' lang='lat' dir='ltr'><strong>finem,</strong></span> <span class='ocrx_word' id='word_1_271' title='bbox 826 3809 883 3878; x_wconf 90' lang='lat' dir='ltr'><strong>cui</strong></span> <span class='ocrx_word' id='word_1_272' title='bbox 907 3809 1061 3900; x_wconf 91' lang='lat' dir='ltr'><strong>quotidie</strong></span> <span class='ocrx_word' id='word_1_273' title='bbox 1086 3809 1252 3893; x_wconf 88' lang='lat' dir='ltr'><strong>dicimus,</strong></span> <span class='ocrx_word' id='word_1_274' title='bbox 1278 3831 1320 3876; x_wconf 90' lang='lat' dir='ltr'><strong>na</strong></span> 
     </span>
     <span class='ocr_line' id='line_1_34' title="bbox 139 3913 1321 4004; baseline 0.001 -22"><span class='ocrx_word' id='word_1_275' title='bbox 139 3935 202 3982; x_wconf 85' lang='lat' dir='ltr'><strong>nos</strong></span> <span class='ocrx_word' id='word_1_276' title='bbox 225 3913 357 3982; x_wconf 88' lang='lat' dir='ltr'><strong>inferas</strong></span> <span class='ocrx_word' id='word_1_277' title='bbox 380 3913 417 3982; x_wconf 90' lang='lat' dir='ltr'><strong>in</strong></span> <span class='ocrx_word' id='word_1_278' title='bbox 445 3914 674 3982; x_wconf 83' lang='lat' dir='ltr'><strong>tentationem</strong></span> <span class='ocrx_word' id='word_1_279' title='bbox 691 3941 707 3976; x_wconf 81' lang='lat' dir='ltr'><strong>n</strong></span> <span class='ocrx_word' id='word_1_280' title='bbox 726 3917 835 4004; x_wconf 86' lang='lat' dir='ltr'><strong>(Aug.</strong></span> <span class='ocrx_word' id='word_1_281' title='bbox 855 3915 943 3982; x_wconf 93' lang='lat' dir='ltr'><strong>Don.</strong></span> <span class='ocrx_word' id='word_1_282' title='bbox 963 3935 1098 4003; x_wconf 88' lang='lat' dir='ltr'><strong>persev.</strong></span> <span class='ocrx_word' id='word_1_283' title='bbox 1117 3937 1152 3982; x_wconf 92' lang='lat' dir='ltr'><strong>n.</strong></span> <span class='ocrx_word' id='word_1_284' title='bbox 1172 3913 1257 4000; x_wconf 61' lang='lat'><strong>62),</strong></span> <span class='ocrx_word' id='word_1_285' title='bbox 1283 3921 1321 3983; x_wconf 89' lang='lat' dir='ltr'><strong>et</strong></span> 
     </span>
     <span class='ocr_line' id='line_1_35' title="bbox 140 4018 1316 4111; baseline 0.001 -22"><span class='ocrx_word' id='word_1_286' title='bbox 140 4020 197 4090; x_wconf 91' lang='lat' dir='ltr'><strong>cni</strong></span> <span class='ocrx_word' id='word_1_287' title='bbox 221 4043 283 4111; x_wconf 92' lang='lat' dir='ltr'><strong>pro</strong></span> <span class='ocrx_word' id='word_1_288' title='bbox 307 4018 405 4088; x_wconf 89' lang='lat' dir='ltr'><strong>nobis</strong></span> <span class='ocrx_word' id='word_1_289' title='bbox 429 4021 582 4088; x_wconf 92' lang='lat' dir='ltr'><strong>omnium</strong></span> <span class='ocrx_word' id='word_1_290' title='bbox 606 4029 763 4089; x_wconf 89' lang='lat' dir='ltr'><strong>nostrum</strong></span> <span class='ocrx_word' id='word_1_291' title='bbox 797 4021 909 4090; x_wconf 86' lang='lat' dir='ltr'><strong>Mater</strong></span> <span class='ocrx_word' id='word_1_292' title='bbox 933 4020 1110 4111; x_wconf 87' lang='lat' dir='ltr'><strong>supplicat</strong></span> <span class='ocrx_word' id='word_1_293' title='bbox 1139 4020 1316 4105; x_wconf 86' lang='lat' dir='ltr'><strong>Ecclesia,</strong></span> 
     </span>
     <span class='ocr_line' id='line_1_36' title="bbox 142 4125 1318 4217; baseline 0.005 -26"><span class='ocrx_word' id='word_1_294' title='bbox 142 4133 214 4194; x_wconf 79' lang='lat' dir='ltr'><strong>ent</strong></span> <span class='ocrx_word' id='word_1_295' title='bbox 237 4125 389 4194; x_wconf 87' lang='lat' dir='ltr'><strong>omnium</strong></span> <span class='ocrx_word' id='word_1_296' title='bbox 414 4125 568 4194; x_wconf 88' lang='lat' dir='ltr'><strong>fidelium</strong></span> <span class='ocrx_word' id='word_1_297' title='bbox 592 4127 733 4195; x_wconf 86' lang='lat' dir='ltr'><strong>nomina</strong></span> <span class='ocrx_word' id='word_1_298' title='bbox 748 4127 868 4196; x_wconf 86' lang='lat' dir='ltr'><strong>beatae</strong></span> <span class='ocrx_word' id='word_1_299' title='bbox 884 4126 1214 4217; x_wconf 87' lang='lat' dir='ltr'><strong>praedestinationis</strong></span> <span class='ocrx_word' id='word_1_300' title='bbox 1230 4127 1318 4197; x_wconf 89' lang='lat' dir='ltr'><strong>liber</strong></span> 
     </span>
     <span class='ocr_line' id='line_1_37' title="bbox 138 4231 1316 4325; baseline 0.003 -25"><span class='ocrx_word' id='word_1_301' title='bbox 138 4231 319 4322; x_wconf 76' lang='lat' dir='ltr'><strong>adscripta</strong></span> <span class='ocrx_word' id='word_1_302' title='bbox 342 4231 504 4301; x_wconf 87' lang='lat' dir='ltr'><strong>retineat.</strong></span> <span class='ocrx_word' id='word_1_303' title='bbox 524 4259 539 4294; x_wconf 82' lang='lat' dir='ltr'><strong>n</strong></span> <span class='ocrx_word' id='word_1_304' title='bbox 558 4232 669 4322; x_wconf 87' lang='lat' dir='ltr'><strong>Signa</strong></span> <span class='ocrx_word' id='word_1_305' title='bbox 685 4233 805 4325; x_wconf 86' lang='lat' dir='ltr'><strong>itaque</strong></span> <span class='ocrx_word' id='word_1_306' title='bbox 828 4233 1161 4324; x_wconf 86' lang='lat' dir='ltr'><strong>praedestinationis</strong></span> <span class='ocrx_word' id='word_1_307' title='bbox 1176 4243 1316 4304; x_wconf 89' lang='lat' dir='ltr'><strong>nostrae</strong></span> 
     </span>
     <span class='ocr_line' id='line_1_38' title="bbox 140 4340 1315 4434; baseline 0.005 -26"><span class='ocrx_word' id='word_1_308' title='bbox 140 4340 232 4432; x_wconf 82' lang='lat' dir='ltr'><strong>apud</strong></span> <span class='ocrx_word' id='word_1_309' title='bbox 248 4341 370 4426; x_wconf 68' lang='lat' dir='ltr'><strong>Deum</strong></span> <span class='ocrx_word' id='word_1_310' title='bbox 388 4340 448 4433; x_wconf 88' lang='lat' dir='ltr'><strong>qni</strong></span> <span class='ocrx_word' id='word_1_311' title='bbox 464 4363 573 4410; x_wconf 78' lang='lat' dir='ltr'><strong>asuos</strong></span> <span class='ocrx_word' id='word_1_312' title='bbox 591 4343 658 4412; x_wconf 88' lang='lat' dir='ltr'><strong>fide</strong></span> <span class='ocrx_word' id='word_1_313' title='bbox 674 4348 710 4412; x_wconf 88' lang='lat' dir='ltr'><strong>et</strong></span> <span class='ocrx_word' id='word_1_314' title='bbox 726 4365 826 4432; x_wconf 89' lang='lat' dir='ltr'><strong>opere</strong></span> <span class='ocrx_word' id='word_1_315' title='bbox 843 4345 985 4412; x_wconf 83' lang='lat' dir='ltr'><strong>futuros</strong></span> <span class='ocrx_word' id='word_1_316' title='bbox 1000 4365 1074 4413; x_wconf 88' lang='lat' dir='ltr'><strong>esse</strong></span> <span class='ocrx_word' id='word_1_317' title='bbox 1091 4345 1315 4434; x_wconf 72' lang='lat' dir='ltr'><strong>praenoscite</strong></span> 
     </span>
    </p>
   </div>
   <div class='ocr_carea' id='block_1_4' title="bbox 141 4447 1317 4597">
    <p class='ocr_par' dir='ltr' id='par_1_6' title="bbox 141 4447 1317 4597">
     <span class='ocr_line' id='line_1_39' title="bbox 141 4447 1317 4542; baseline 0.003 -26"><span class='ocrx_word' id='word_1_318' title='bbox 141 4447 178 4516; x_wconf 91' lang='lat' dir='ltr'><strong>in</strong></span> <span class='ocrx_word' id='word_1_319' title='bbox 203 4447 349 4517; x_wconf 85' lang='lat' dir='ltr'><strong>scientia</strong></span> <span class='ocrx_word' id='word_1_320' title='bbox 374 4449 670 4534; x_wconf 87' lang='lat' dir='ltr'><strong>incommutabili,</strong></span> <span class='ocrx_word' id='word_1_321' title='bbox 696 4449 794 4518; x_wconf 88' lang='lat' dir='ltr'><strong>nobis</strong></span> <span class='ocrx_word' id='word_1_322' title='bbox 818 4450 861 4518; x_wconf 91' lang='lat' dir='ltr'><strong>ad</strong></span> <span class='ocrx_word' id='word_1_323' title='bbox 886 4473 978 4541; x_wconf 88' lang='lat' dir='ltr'><strong>spem</strong></span> <span class='ocrx_word' id='word_1_324' title='bbox 1005 4451 1124 4518; x_wconf 89' lang='lat' dir='ltr'><strong>bonam</strong></span> <span class='ocrx_word' id='word_1_325' title='bbox 1155 4459 1237 4520; x_wconf 87' lang='lat' dir='ltr'><strong>sunt</strong></span> <span class='ocrx_word' id='word_1_326' title='bbox 1261 4473 1317 4542; x_wconf 89' lang='lat' dir='ltr'><strong>ge·</strong></span> 
     </span>
     <span class='ocr_line' id='line_1_40' title="bbox 1181 4559 1200 4597; baseline 0 -2"><span class='ocrx_word' id='word_1_327' title='bbox 1181 4559 1200 4597; x_wconf 68' lang='lat'><em>0</em></span> 
     </span>
    </p>
   </div>
   <div class='ocr_carea' id='block_1_5' title="bbox 0 0 1684 5060">
    <p class='ocr_par' dir='ltr' id='par_1_7' title="bbox 0 0 1684 5060">
     <span class='ocr_line' id='line_1_41' title="bbox 0 0 1684 5060; baseline 0 3"><span class='ocrx_word' id='word_1_328' title='bbox 0 0 1684 5060; x_wconf 95' lang='lat' dir='ltr'><strong> </strong></span> 
     </span>
    </p>
   </div>
  </div>
 </body>
</html>
