3230 5072
886 343 1065 404 ιι-

390 447 521 518 hibent.
539 449 730 538 Propterea
752 452 828 517 tota
844 445 909 515 illa
930 449 1023 518 ratio
1047 449 1288 538 permissionis
1302 471 1346 518 ne
1367 471 1570 541 consequens
1601 437 1602 508 l

391 555 529 648 quidem
555 554 799 644 praedefinitio
834 559 977 625 eotonm
1001 555 1073 625 diei
1106 561 1241 648 potest3
1267 557 1433 648 quamvis
1456 577 1572 626 oense·
1601 551 1602 632 ἶ

391 668 538 756 quanter
561 661 605 731 ad
628 661 884 754 praevisionem
910 660 1155 753 praedefinitio
1176 665 1439 756 permissionis,
1464 665 1500 732 ai
1523 663 1572 730 its

390 769 568 860 appellare
591 769 725 860 plomb,
750 769 863 860 possit
893 769 1053 857 admitti,
1080 795 1168 862 quae
1199 777 1316 842 nmen
1342 771 1474 841 melius
1498 795 1573 840 eum

391 875 558 946 Suarezio
582 875 724 966 (Opnso.
750 875 792 944 de
816 875 891 945 div.
916 875 1067 946 motione
1090 876 1117 946 l.
1139 877 1190 946 H.
1208 900 1238 946 o.
1257 878 1292 946 7.
1310 900 1347 946 n.
1366 877 1443 964 10.)
1466 876 1574 946 nomi·
1601 863 1602 916 l

391 989 538 1053 naretur
552 983 712 1050 voluntas
732 985 980 1072 permissionis.
1001 984 1250 1076 Proedefissitio
1266 985 1395 1078 quippe
1412 985 1486 1054 dici
1502 989 1574 1074 pos-

391 1095 445 1160 est
473 1089 682 1182 duplioiter,
708 1089 857 1159 maxime
879 1091 1020 1181 proprie
1050 1090 1190 1183 quidem
1213 1091 1381 1161 voluntas
1411 1091 1575 1160 absoluta

391 1197 596 1267 antecedens
610 1196 863 1288 praevisionem
879 1204 1023 1267 aotnum
1038 1197 1229 1268 liberorum
1245 1205 1445 1284 creaturae,
1458 1197 1573 1267 minus

393 1305 519 1375 strioto
543 1327 647 1374 sensu
670 1303 836 1375 voluntas
859 1304 1121 1396 approbationis
1145 1329 1357 1399 consequens
1380 1305 1573 1398 praevisio

392 1438 471 1483 nem
493 1419 530 1484 et
559 1413 671 1482 solum
701 1411 909 1482 antecedens
937 1413 1161 1483 existentiam
1192 1421 1335 1484 aotuum
1365 1415 1571 1483 liberorum.

392 1523 504 1592 Sensu
527 1521 638 1613 priori
660 1543 723 1590 neo
745 1527 846 1590 aetus
869 1521 1004 1612 peooati
1028 1544 1091 1592 neo
1113 1523 1190 1592 eins
1222 1524 1408 1613 permissio
1432 1521 1572 1613 praede-

392 1630 528 1718 finitum
553 1651 659 1698 sensu
682 1627 794 1697 altero
817 1649 886 1696 non
910 1629 1049 1721 quidem
1072 1635 1174 1700 aetus
1196 1631 1342 1721 peceati,
1369 1629 1431 1700 sed
1455 1639 1569 1698 tamen

395 1739 471 1807 eins
494 1736 676 1828 permissio
699 1735 771 1806 dioi
794 1741 911 1826 potest
922 1735 1163 1828 praedefiniri.

460 1847 513 1914 3¹⁰.
538 1843 624 1913 Alia
646 1843 749 1932 longe
765 1844 858 1912 ratio
872 1849 928 1913 est
942 1851 1085 1914 aotnnm
1102 1846 1268 1914 bonorum
1282 1846 1493 1936 praesertim
1519 1867 1572 1912 sn·

394 1953 686 2044 permaturalium‚
705 1975 792 2045 qnos
807 1955 902 2024 Dens
926 1955 1111 2025 voluntate
1133 1955 1396 2046 approbationis
1419 1955 1515 2039 vult,
1533 1959 1570 2020 nt

394 2065 482 2131 fiant
503 2083 525 2129 a
548 2061 661 2130 libera
683 2067 859 2146 ereatura,
877 2067 914 2130 et
937 2061 1121 2133 voluntate
1144 2047 1351 2134 efficientiae
1373 2084 1451 2132 eam
1473 2084 1568 2152 prae·

395 2167 494 2237 venit
515 2171 552 2236 et
574 2165 724 2236 adiuvat
746 2166 820 2235 sois
844 2165 992 2234 auxiliis
1016 2188 1148 2259 suaque
1171 2167 1310 2257 gratia,
1336 2172 1438 2235 utet
1459 2165 1568 2256 possit

393 2283 430 2346 et
453 2275 575 2344 faeiat.
594 2273 637 2351 In
652 2272 709 2341 his
730 2295 816 2364 ergo
832 2273 1153 2364 praedefinitionem
1177 2297 1283 2344 sensu
1303 2271 1422 2364 aliquo
1444 2296 1486 2342 ex
1512 2273 1564 2354 iis,

395 2405 482 2475 quos
506 2381 844 2471 supramemoravi,
872 2379 1123 2450 admittendam
1146 2403 1221 2450 esse
1243 2403 1312 2448 non
1335 2385 1391 2449 est
1413 2379 1565 2448 dubium.

395 2488 494 2558 Unde
515 2494 589 2558 tam
604 2488 769 2577 frequens
785 2487 878 2578 apud
894 2487 962 2556 PP.
981 2488 1189 2578 praesertim
1212 2486 1305 2577 apud
1327 2486 1566 2576 Augustinum

394 2597 539 2688 eiusque
562 2595 754 2686 discipulos
783 2595 986 2680 distinotio‚
1012 2595 1102 2685 quod
1125 2595 1221 2664 Dens
1240 2597 1394 2684 proserit
1416 2599 1454 2664 et
1482 2593 1565 2660 bons

394 2709 431 2772 et
452 2701 556 2787 mula,
570 2699 812 2792 praedestinat
830 2723 913 2772 vero
929 2723 998 2769 uon
1022 2699 1116 2768 mala
1138 2701 1199 2770 sed
1222 2701 1322 2770 bona.
1344 2727 1362 2764 s
1375 2699 1564 2769 Praedesti·

395 2809 491 2879 natio
513 2813 587 2894 est,
613 2827 701 2899 quae
732 2807 807 2878 sins
837 2807 1072 2898 praeseientia
1099 2830 1170 2876 non
1201 2812 1320 2900 potest
1340 2829 1434 2895 esse;
1459 2809 1565 2898 potest

395 2923 511 2988 onum
534 2938 609 2986 esse
625 2916 699 2984 sine
721 2914 1042 3006 praedestinatione
1064 2915 1314 3006 praeseientia.
1329 2913 1563 2984 Praedestina·

396 3025 490 3094 tione
513 3023 642 3115 qnippe
664 3021 760 3090 Deus
783 3043 824 3091 ea
847 3021 1057 3111 praemisit,
1083 3043 1173 3114 quae
1203 3022 1324 3090 fuerat
1353 3019 1430 3111 ipse
1461 3021 1562 3088 iaetu·

397 3155 460 3201 rus
463 3181 532 3200 .....
559 3128 732 3220 preesoire
762 3134 879 3198 antem
908 3135 1032 3220 potens
1056 3134 1111 3198 est
1132 3128 1258 3215 etiam,
1284 3149 1373 3220 quae
1403 3128 1479 3218 ipse
1505 3147 1562 3195 non
1601 3159 1602 3234 l

397 3240 498 3324 feeit,
516 3237 611 3308 siout
633 3257 867 3328 quaeonmque
881 3241 1054 3327 peoeatas
1073 3235 1170 3328 Aug.
1187 3237 1230 3306 de
1245 3235 1371 3305 Praed.
1391 3236 1458 3305 SS.
1472 3257 1501 3304 o.
1515 3233 1560 3301 10.

398 3371 433 3416 ιι.
448 3345 503 3414 19.
517 3351 554 3414 et
568 3366 611 3414 ex
626 3365 666 3412 eo
681 3343 850 3433 Fulgent.
867 3343 912 3412 ad
927 3343 1069 3412 Monim.
1084 3343 1111 3414 l.
1125 3343 1156 3412 I.
1173 3365 1204 3411 e.
1222 3342 1279 3412 29.
1294 3343 1450 3412 Dubium
1465 3343 1561 3432 igitur

398 3453 509 3523 solnm
524 3473 599 3522 esse
615 3455 742 3543 potest,
762 3449 957 3520 eninsmodi
972 3451 1021 3520 sit
1038 3450 1122 3521 haee
1137 3457 1279 3521 aotuum
1296 3451 1465 3520 bonorum
1480 3471 1561 3540 prae·

399 3558 570 3630 definitio.

467 3663 714 3756 Proedefinitio
737 3667 838 3732 aetus
853 3663 934 3732 boni
957 3686 1035 3734 oum
1058 3661 1108 3732 sit
1130 3664 1292 3734 absoluta
1306 3664 1373 3733 Dei
1397 3665 1558 3746 voluntas,

401 3781 442 3844 nt
464 3777 628 3844 ereatura
649 3770 755 3840 talem
778 3777 894 3840 aetum
916 3769 1049 3858 alioiat,
1067 3771 1263 3841 necessario
1286 3771 1443 3842 inolndit
1464 3773 1559 3841 deere-

399 3889 476 3950 tnm
506 3877 706 3951 conferendi
738 3876 930 3963 auxilinm,
963 3900 1111 3970 qnoonm
1142 3877 1387 3948 infallibiliter
1417 3885 1560 3949 neotetnr
1601 3897 1602 3968 l

400 3993 519 4074 aetus,
545 4009 647 4080 quem
669 3985 766 4054 Dens
789 3985 867 4055 lieri
889 3983 981 4054 vult.
1008 3984 1109 4054 Unde
1133 3984 1165 4054 si
1187 3985 1390 4056 huiusmodi
1413 3986 1560 4057 voluntas
1601 3975 1602 4030 1

400 4095 466 4163 Dei
483 4094 644 4164 absoluta
659 4091 836 4163 anteoedit
853 4095 928 4162 tum
945 4093 1127 4163 seientiam
1143 4093 1474 4180 conditionatornm,
1490 4087 1557 4183 qnid
1601 4059 1602 4112 ¹

402 4207 558 4271 ereetum
580 4200 770 4270 arbitrium
793 4199 858 4270 snb
873 4199 1001 4292 quavis
1024 4199 1223 4270 eonditione
1245 4206 1282 4270 et
1303 4201 1370 4270 snb
1393 4197 1556 4294 quibusvis

403 4308 549 4378 auxiliis
575 4314 667 4378 esser
695 4305 909 4394 eleoturum,
941 4314 1018 4376 tum
1048 4305 1222 4380 visionem
1251 4308 1433 4380 oleotionis
1461 4305 1555 4397 ipsius

403 4417 438 4484 in
467 4440 523 4504 se;
556 4417 631 4484 sine
655 4415 760 4484 dnbio
789 4415 826 4482 in
849 4437 891 4484 ea
920 4415 1208 4506 praedefinitione
1237 4415 1435 4486 inelnditnr
1460 4413 1552 4483 deere-

1601 4519 1602 4574 l
