3292 5062
905 383 943 396 ..
968 351 1025 410 166
1047 383 1084 396 ..

409 455 483 524 Col.
508 456 539 524 Ι.
566 458 606 543 5;
640 485 657 520 ι
686 455 901 540 immortali,
933 455 1128 540 invisibili,
1161 455 1228 523 soli
1258 455 1330 524 Deo
1361 455 1507 524 bonore
1533 457 1588 542 (1)

410 563 442 632 1.
462 563 553 631 Tim.
571 563 602 632 I.
621 564 676 651 17;
698 565 793 656 equi
816 563 913 632 solus
934 563 1041 632 habet
1062 563 1363 632 immortalitatem
1398 571 1436 631 et
1469 563 1587 632 lucem

408 671 587 740 inhabitat
608 672 893 756 inaccessibilem,
919 695 1019 764 quem
1041 671 1164 739 nullus
1187 671 1364 739 hominum
1396 671 1492 739 vidit
1525 671 1587 738 sed

408 802 471 848 nec
499 780 617 849 videre
648 785 796 870 potesta
834 779 882 847 ib.
900 779 965 848 VI.
992 780 1046 848 16.
1064 779 1107 847 In
1138 779 1339 848 huiusmodi
1373 779 1464 847 enim
1495 779 1587 846 locis

409 887 617 976 simpliciter
647 887 832 956 enuntiata
855 887 1086 956 invisibilitas
1109 887 1176 956 Dei
1197 887 1282 956 licet
1304 886 1467 955 includat
1489 887 1587 954 iuvi·

407 994 613 1064 nihilitatem
636 995 741 1064 etiam
764 1019 826 1086 pro
849 995 987 1066 viribus
1011 995 1213 1064 intellectus
1236 995 1358 1078 creati,
1377 993 1516 1062 directe
1532 1001 1586 1060 ta-

407 1125 483 1171 men
506 1111 543 1172 et
565 1103 810 1197 quodammodo
834 1129 856 1169 a
880 1104 1033 1192 fortiori
1058 1111 1113 1172 est
1139 1103 1294 1172 exclusio
1327 1101 1477 1170 visionis
1510 1123 1586 1170 cor-

407 1235 540 1300 porcae.
550 1213 592 1280 Ιιι
604 1213 950 1283 doctriueEoclesiae
959 1219 996 1282 et
1008 1213 1046 1280 iu
1057 1211 1289 1302 explicatione
1297 1211 1442 1278 Petrum
1454 1209 1587 1298 dogma

405 1317 470 1386 hoc
492 1341 625 1408 semper
649 1321 759 1388 fuisse
782 1321 1018 1388 indubitatum
1043 1319 1075 1388 si
1097 1342 1185 1408 opus
1207 1323 1300 1387 esset
1314 1318 1583 1400 demonstrare,

404 1425 577 1515 appellari
607 1435 723 1517 posset
752 1427 797 1496 ad
827 1429 1083 1518 disputationes
1110 1428 1254 1494 Petrum
1284 1427 1456 1494 adversus
1488 1424 1585 1492 Gno-

404 1531 512 1602 sticos
523 1541 559 1602 et
572 1534 805 1620 Manichaeos,
824 1532 1392 1624 adversusAnthropomorphitas,
1406 1533 1585 1600 adversus

402 1639 567 1726 Arianos,
594 1641 655 1732 qui
677 1665 746 1710 non
768 1643 955 1710 essentiam
979 1641 1118 1733 quidem
1142 1663 1223 1710 vere
1246 1641 1423 1726 divinam,
1443 1640 1505 1708 sed
1524 1639 1584 1706 Fi·

403 1747 489 1816 lium
512 1757 549 1818 et
572 1750 744 1840 Spiritum
761 1753 927 1822 Sanctum
942 1749 1124 1820 inferioris
1139 1757 1287 1819 naturae
1303 1749 1480 1818 visibilem
1507 1771 1584 1817 esse

403 1855 462 1924 vel
485 1856 563 1924 fieri
585 1880 684 1947 posse
707 1859 937 1928 affirmarunt.

468 1963 511 2032 In
534 1988 638 2034 sensu
661 1967 772 2036 altero
795 1967 1025 2036 invisibilitas
1047 1966 1125 2050 Dei,
1151 1966 1241 2058 quod
1264 1965 1430 2034 nimirum
1454 1963 1584 2033 oculus

402 2091 586 2159 corporeus
609 2095 676 2140 nou
700 2075 812 2165 possit
833 2075 967 2145 elevari
989 2073 1034 2142 ad
1057 2074 1226 2143 visionem
1249 2073 1468 2142 substantiae
1486 2071 1582 2140 divi-

400 2198 477 2260 nae,
502 2179 727 2270 consequitur
757 2204 799 2251 ex
830 2183 981 2251 veritate
1010 2181 1094 2250 fidei
1123 2204 1216 2250 nuuc
1245 2180 1441 2264 declarata,
1467 2187 1507 2248 et
1538 2203 1580 2249 ex

402 2285 553 2354 veritate
577 2296 684 2373 certa,
711 2290 802 2380 quod
825 2291 981 2382 potentia
1003 2314 1072 2359 non
1094 2297 1211 2382 potest
1233 2291 1321 2360 ferri
1343 2297 1446 2358 extra
1474 2313 1579 2358 suum

401 2391 572 2463 obiectum
596 2419 669 2481 seu,
694 2419 756 2487 pro
779 2422 817 2467 re
841 2399 1028 2490 praesenti,
1055 2399 1145 2490 quod
1168 2421 1290 2468 sensus
1306 2420 1494 2487 corporeus
1509 2420 1579 2466 non

400 2507 515 2592 potest
544 2503 678 2572 elevari
701 2505 745 2574 sd
769 2506 1002 2596 operationem
1032 2505 1245 2576 intrinsecus
1274 2505 1575 2590 intellectualem

399 2632 462 2700 per
486 2611 552 2679 hoc
574 2611 666 2680 enim
696 2613 811 2703 ipsum
844 2614 913 2682 iam
945 2637 1070 2705 corpus
1099 2637 1167 2683 uon
1197 2620 1289 2683 esset
1319 2615 1378 2684 sed
1410 2613 1575 2703 spiritus.

403 2715 606 2808 «Quisquis
629 2725 745 2788 autem
769 2719 852 2789 vult
874 2743 1090 2810 cognoscere,
1117 2721 1244 2812 quibus
1268 2720 1380 2790 oculis
1402 2719 1501 2789 Deus
1525 2719 1577 2788 vi·

398 2825 535 2910 deutur,
556 2827 669 2916 ipsum
692 2829 803 2896 Deum
827 2827 970 2918 cogitet,
986 2829 1070 2920 quie
1085 2829 1258 2918 sapientie
1273 2835 1339 2914 est,
1354 2829 1491 2897 veritas
1507 2837 1573 2912 est,

398 2932 556 3002 charitas
578 2939 633 3002 est
648 2934 937 3022 (substantialis).
953 2935 1125 3018 Quocirca
1148 2937 1274 3028 quibus
1297 2935 1408 3006 oculis
1430 2935 1576 3004 videtur

398 3041 594 3131 sapientia,
624 3043 779 3128 veritas,
805 3044 984 3130 charites,
1010 3047 1096 3137 ipsis
1127 3045 1237 3116 oculis
1260 3045 1403 3114 videtur
1430 3043 1497 3111 illa
1522 3067 1575 3112 se-
1640 3097 1641 3108 ,

397 3147 496 3237 piens
530 3171 681 3241 veraque
711 3149 896 3220 diviuitas.
926 3153 1003 3222 Non
1026 3153 1146 3244 itaque
1181 3154 1333 3244 corporis
1371 3151 1431 3220 sed
1460 3151 1575 3220 oculis

397 3253 532 3324 animae
543 3257 638 3325 Deus
650 3279 748 3326 suem
764 3259 931 3328 visionem
946 3261 1132 3350 promittit,
1148 3283 1251 3352 quam
1263 3281 1422 3350 capacem
1435 3259 1573 3348 sepien-

394 3363 485 3446 tiae,
512 3357 689 3452 veiitetis,
713 3365 968 3460 charitatisque
995 3369 1216 3438 constituito
1235 3368 1401 3457 Fulgeut.
1420 3365 1466 3435 ed
1489 3367 1575 3437 Fer·
1639 3405 1640 3423 ι

395 3471 496 3539 rand.
515 3493 569 3561 ep.
589 3471 644 3542 14.
663 3481 795 3564 quaest.
816 3475 849 3542 3.
868 3499 903 3544 n.
922 3475 978 3544 31.
995 3475 1050 3546 cf.
1067 3477 1163 3567 Aug.
1178 3475 1430 3568 ep.147.n.4e.
1450 3475 1510 3546 44.

462 3579 701 3649 Nihilominus
725 3584 862 3652 saeculo
885 3583 930 3654 V.
945 3593 1048 3654 erent
1070 3585 1182 3678 aliqui
1204 3585 1390 3670 Catholici,
1417 3585 1480 3676 qui
1503 3610 1572 3655 non

396 3685 494 3754 modo
516 3686 594 3755 fieri
616 3711 727 3777 posse,
740 3689 799 3758 sed
821 3713 860 3760 re
882 3691 959 3782 ipsa
982 3695 1143 3762 futurum
1165 3716 1239 3764 esse
1262 3693 1502 3778 affirmabant,
1531 3702 1572 3764 ut
1638 3709 1639 3729 l

395 3803 474 3888 post
496 3798 783 3868 resurrectionem
803 3800 926 3869 oculus
941 3803 1097 3892 corporis
1113 3801 1304 3891 glorificati
1320 3803 1441 3873 videat
1457 3805 1570 3875 Deum

395 3907 433 3974 in
456 3929 520 3976 sue
546 3908 746 3978 substantie
760 3909 823 3998 (2).
842 3907 880 3978 S.
899 3911 1125 4002 Augustinus
1141 3913 1178 3980 in
1193 3936 1248 4003 ep.
1269 3913 1324 3982 92.
1342 3913 1388 3982 ed
1402 3911 1570 3982 Italicam

457 4087 499 4162 (1)
519 4096 559 4158 Ta
579 4093 686 4155 βασιλιι
707 4117 754 4150 sur
773 4096 875 4158 αἰωιωι,
891 4097 1023 4170 ἄςὸαρτῳ.
1042 4097 1150 4168 clepere.
1164 4119 1233 4168 μοιςι
1248 4111 1319 4167 coppi
1336 4097 1385 4168 3³91
1399 4119 1463 4169 τιμη
1478 4121 1501 4152 ιι.
1511 4105 1535 4152 λ.

456 4179 498 4252 (2)
518 4183 604 4234 Immo
623 4185 709 4238 etiem
733 4188 886 4240 recentiori
908 4191 1033 4254 tempore
1050 4190 1107 4242 Leo
1123 4189 1253 4242 Alletius
1272 4189 1303 4239 in
1317 4188 1390 4240 hauc
1408 4187 1569 4241 absurdita-

395 4273 451 4322 tem
472 4271 600 4338 offendit,
624 4279 656 4326 ut
674 4277 789 4340 putaret
811 4275 991 4342 splendorem
1012 4279 1044 4330 iu
1064 4283 1159 4330 monte
1172 4277 1285 4332 'l'hebor
1305 4278 1396 4330 luisse
1416 4279 1508 4346 ipsam
1530 4277 1568 4330 di-
1636 4297 1637 4339 i

393 4359 557 4426 viritatem,
573 4360 609 4413 ed
628 4377 710 4428 quem
728 4362 880 4416 videndam
901 4366 975 4418 oculi
995 4366 1123 4432 corporei
1134 4367 1335 4434 Apostolorum
1349 4367 1460 4422 luerint
1472 4383 1566 4435 super·

393 4451 569 4504 naturaliter
579 4452 715 4518 roboreti;
728 4455 895 4522 pariterque
909 4455 941 4508 B.
951 4457 1099 4520 Virginem
1112 4473 1187 4512 nunc
1203 4459 1234 4511 in
1243 4461 1322 4513 coelo
1336 4459 1446 4522 videre,
1459 4473 1565 4512 omnes·
