<?xml version="1.0" encoding="UTF-8"?>
<!DOCTYPE html PUBLIC "-//W3C//DTD XHTML 1.0 Transitional//EN"
    "http://www.w3.org/TR/xhtml1/DTD/xhtml1-transitional.dtd">
<html xmlns="http://www.w3.org/1999/xhtml" xml:lang="en" lang="en">
 <head>
  <title>
</title>
<meta http-equiv="Content-Type" content="text/html;charset=utf-8" />
  <meta name='ocr-system' content='tesseract 3.04.00' />
  <meta name='ocr-capabilities' content='ocr_page ocr_carea ocr_par ocr_line ocrx_word'/>
</head>
<body>
  <div class='ocr_page' id='page_1' title='image "./ioannisbaptfran01frangoog_0406.png"; bbox 0 0 3230 5072; ppageno 0'>
   <div class='ocr_carea' id='block_1_1' title="bbox 67 342 1231 2144">
    <p class='ocr_par' dir='ltr' id='par_1_1' title="bbox 74 342 1229 861">
     <span class='ocr_line' id='line_1_1' title="bbox 553 342 731 404; baseline 0 -18"><span class='ocrx_word' id='word_1_1' title='bbox 553 373 590 386; x_wconf 90' lang='lat'><strong>..</strong></span> <span class='ocrx_word' id='word_1_2' title='bbox 612 342 672 404; x_wconf 75' lang='lat'><strong>339</strong></span> <span class='ocrx_word' id='word_1_3' title='bbox 693 373 731 386; x_wconf 89' lang='lat'><em>-</em></span> 
     </span>
     <span class='ocr_line' id='line_1_2' title="bbox 80 441 1229 538; baseline 0.006 -30"><span class='ocrx_word' id='word_1_4' title='bbox 80 457 212 510; x_wconf 74' lang='lat' dir='ltr'><strong>temne</strong></span> <span class='ocrx_word' id='word_1_5' title='bbox 226 444 288 510; x_wconf 80' lang='lat' dir='ltr'><strong>seb</strong></span> <span class='ocrx_word' id='word_1_6' title='bbox 304 441 510 526; x_wconf 81' lang='lat' dir='ltr'><strong>conditione,</strong></span> <span class='ocrx_word' id='word_1_7' title='bbox 527 443 685 538; x_wconf 77' lang='lat' dir='ltr'><strong>hancque</strong></span> <span class='ocrx_word' id='word_1_8' title='bbox 700 467 766 515; x_wconf 91' lang='lat' dir='ltr'><strong>non</strong></span> <span class='ocrx_word' id='word_1_9' title='bbox 794 445 1004 516; x_wconf 89' lang='lat' dir='ltr'><strong>incommode</strong></span> <span class='ocrx_word' id='word_1_10' title='bbox 1029 447 1101 516; x_wconf 90' lang='lat' dir='ltr'><strong>dici</strong></span> <span class='ocrx_word' id='word_1_11' title='bbox 1123 448 1229 515; x_wconf 84' lang='lat' dir='ltr'><strong>scien·</strong></span> 
     </span>
     <span class='ocr_line' id='line_1_3' title="bbox 79 549 1229 646; baseline 0.009 -34"><span class='ocrx_word' id='word_1_12' title='bbox 79 551 148 616; x_wconf 79' lang='lat' dir='ltr'><strong>tien</strong></span> <span class='ocrx_word' id='word_1_13' title='bbox 167 549 312 618; x_wconf 71' lang='lat' dir='ltr'><strong>inedium</strong></span> <span class='ocrx_word' id='word_1_14' title='bbox 335 550 398 640; x_wconf 88' lang='grc'><strong>(1).</strong></span> <span class='ocrx_word' id='word_1_15' title='bbox 416 551 577 622; x_wconf 85' lang='lat' dir='ltr'><strong>Ceterum</strong></span> <span class='ocrx_word' id='word_1_16' title='bbox 608 552 879 644; x_wconf 72' lang='lat' dir='ltr'><strong>disputationem</strong></span> <span class='ocrx_word' id='word_1_17' title='bbox 903 554 1103 625; x_wconf 84' lang='lat' dir='ltr'><strong>denomino</strong></span> <span class='ocrx_word' id='word_1_18' title='bbox 1126 554 1229 646; x_wconf 82' lang='lat' dir='ltr'><strong>perui</strong></span> 
     </span>
     <span class='ocr_line' id='line_1_4' title="bbox 76 655 1229 752; baseline 0.006 -28"><span class='ocrx_word' id='word_1_19' title='bbox 76 655 121 726; x_wconf 77' lang='lat' dir='ltr'><strong>sel</strong></span> <span class='ocrx_word' id='word_1_20' title='bbox 140 657 273 727; x_wconf 91' lang='lat' dir='ltr'><strong>nullius</strong></span> <span class='ocrx_word' id='word_1_21' title='bbox 296 659 471 744; x_wconf 82' lang='lat' dir='ltr'><strong>momenti,</strong></span> <span class='ocrx_word' id='word_1_22' title='bbox 497 659 539 728; x_wconf 92' lang='lat' dir='ltr'><strong>de</strong></span> <span class='ocrx_word' id='word_1_23' title='bbox 561 681 599 730; x_wconf 88' lang='lat' dir='ltr'><strong>re</strong></span> <span class='ocrx_word' id='word_1_24' title='bbox 621 659 700 750; x_wconf 85' lang='lat' dir='ltr'><strong>ipse</strong></span> <span class='ocrx_word' id='word_1_25' title='bbox 722 660 865 730; x_wconf 77' lang='lat' dir='ltr'><strong>maximi</strong></span> <span class='ocrx_word' id='word_1_26' title='bbox 886 683 961 730; x_wconf 89' lang='lat' dir='ltr'><strong>esse</strong></span> <span class='ocrx_word' id='word_1_27' title='bbox 983 669 1159 752; x_wconf 85' lang='lat' dir='ltr'><strong>putemus.</strong></span> <span class='ocrx_word' id='word_1_28' title='bbox 1178 661 1229 731; x_wconf 87' lang='lat' dir='ltr'><strong>De</strong></span> 
     </span>
     <span class='ocr_line' id='line_1_5' title="bbox 74 761 1151 861; baseline 0.007 -31"><span class='ocrx_word' id='word_1_29' title='bbox 74 761 125 832; x_wconf 90' lang='lat' dir='ltr'><strong>illo</strong></span> <span class='ocrx_word' id='word_1_30' title='bbox 144 787 227 856; x_wconf 78' lang='lat' dir='ltr'><strong>ergo</strong></span> <span class='ocrx_word' id='word_1_31' title='bbox 248 765 341 836; x_wconf 87' lang='lat' dir='ltr'><strong>nihil</strong></span> <span class='ocrx_word' id='word_1_32' title='bbox 364 767 526 858; x_wconf 89' lang='lat' dir='ltr'><strong>amplius,</strong></span> <span class='ocrx_word' id='word_1_33' title='bbox 552 768 594 838; x_wconf 88' lang='lat' dir='ltr'><strong>de</strong></span> <span class='ocrx_word' id='word_1_34' title='bbox 616 767 682 838; x_wconf 88' lang='lat' dir='ltr'><strong>heo</strong></span> <span class='ocrx_word' id='word_1_35' title='bbox 704 791 782 837; x_wconf 87' lang='lat' dir='ltr'><strong>mox</strong></span> <span class='ocrx_word' id='word_1_36' title='bbox 803 769 965 861; x_wconf 88' lang='lat' dir='ltr'><strong>pluribus</strong></span> <span class='ocrx_word' id='word_1_37' title='bbox 986 767 1151 839; x_wconf 89' lang='lat' dir='ltr'><strong>dicemus.</strong></span> 
     </span>
    </p>

    <p class='ocr_par' dir='ltr' id='par_1_2' title="bbox 67 872 1231 2144">
     <span class='ocr_line' id='line_1_6' title="bbox 128 872 1230 968; baseline 0.005 -28"><span class='ocrx_word' id='word_1_38' title='bbox 128 872 173 941; x_wconf 70' lang='lat'><strong>2⁶.</strong></span> <span class='ocrx_word' id='word_1_39' title='bbox 197 876 328 944; x_wconf 86' lang='lat' dir='ltr'><strong>Rerum</strong></span> <span class='ocrx_word' id='word_1_40' title='bbox 340 875 510 946; x_wconf 80' lang='lat' dir='ltr'><strong>essentiae</strong></span> <span class='ocrx_word' id='word_1_41' title='bbox 522 875 559 944; x_wconf 91' lang='lat' dir='ltr'><strong>in</strong></span> <span class='ocrx_word' id='word_1_42' title='bbox 572 881 669 945; x_wconf 83' lang='lat' dir='ltr'><strong>stetu</strong></span> <span class='ocrx_word' id='word_1_43' title='bbox 676 875 924 966; x_wconf 76' lang='lat' dir='ltr'><strong>possibilitatis</strong></span> <span class='ocrx_word' id='word_1_44' title='bbox 933 876 1230 968; x_wconf 82' lang='lat' dir='ltr'><strong>essentiarumque</strong></span> 
     </span>
     <span class='ocr_line' id='line_1_7' title="bbox 74 981 1230 1075; baseline 0.006 -29"><span class='ocrx_word' id='word_1_45' title='bbox 74 981 192 1049; x_wconf 79' lang='lat' dir='ltr'><strong>vetites</strong></span> <span class='ocrx_word' id='word_1_46' title='bbox 215 981 296 1051; x_wconf 91' lang='lat' dir='ltr'><strong>inde</strong></span> <span class='ocrx_word' id='word_1_47' title='bbox 318 981 430 1053; x_wconf 90' lang='lat' dir='ltr'><strong>solum</strong></span> <span class='ocrx_word' id='word_1_48' title='bbox 457 989 551 1068; x_wconf 89' lang='lat' dir='ltr'><strong>sunt,</strong></span> <span class='ocrx_word' id='word_1_49' title='bbox 570 983 661 1075; x_wconf 89' lang='lat' dir='ltr'><strong>quod</strong></span> <span class='ocrx_word' id='word_1_50' title='bbox 677 982 800 1051; x_wconf 90' lang='lat' dir='ltr'><strong>divine</strong></span> <span class='ocrx_word' id='word_1_51' title='bbox 815 983 969 1052; x_wconf 79' lang='lat' dir='ltr'><strong>essentia</strong></span> <span class='ocrx_word' id='word_1_52' title='bbox 983 989 1037 1052; x_wconf 88' lang='lat' dir='ltr'><strong>est</strong></span> <span class='ocrx_word' id='word_1_53' title='bbox 1051 982 1116 1052; x_wconf 91' lang='lat' dir='ltr'><strong>hoc</strong></span> <span class='ocrx_word' id='word_1_54' title='bbox 1132 983 1230 1053; x_wconf 93' lang='lat' dir='ltr'><strong>modo</strong></span> 
     </span>
     <span class='ocr_line' id='line_1_8' title="bbox 72 1089 1229 1183; baseline 0.003 -27"><span class='ocrx_word' id='word_1_55' title='bbox 72 1089 243 1158; x_wconf 74' lang='lat' dir='ltr'><strong>imitabilis</strong></span> <span class='ocrx_word' id='word_1_56' title='bbox 261 1091 401 1160; x_wconf 88' lang='lat' dir='ltr'><strong>entibus</strong></span> <span class='ocrx_word' id='word_1_57' title='bbox 421 1095 459 1160; x_wconf 88' lang='lat' dir='ltr'><strong>et</strong></span> <span class='ocrx_word' id='word_1_58' title='bbox 474 1091 747 1182; x_wconf 74' lang='lat' dir='ltr'><strong>perfectionibus</strong></span> <span class='ocrx_word' id='word_1_59' title='bbox 768 1090 928 1180; x_wconf 83' lang='lat' dir='ltr'><strong>enelogis</strong></span> <span class='ocrx_word' id='word_1_60' title='bbox 947 1112 1133 1183; x_wconf 88' lang='lat' dir='ltr'><strong>eorumque</strong></span> <span class='ocrx_word' id='word_1_61' title='bbox 1156 1113 1229 1159; x_wconf 92' lang='lat' dir='ltr'><strong>mu·</strong></span> 
     </span>
     <span class='ocr_line' id='line_1_9' title="bbox 71 1197 1227 1284; baseline 0.003 -20"><span class='ocrx_word' id='word_1_62' title='bbox 71 1199 134 1265; x_wconf 86' lang='lat' dir='ltr'><strong>tuis</strong></span> <span class='ocrx_word' id='word_1_63' title='bbox 144 1197 386 1269; x_wconf 82' lang='lat' dir='ltr'><strong>relationibus.</strong></span> <span class='ocrx_word' id='word_1_64' title='bbox 404 1199 499 1269; x_wconf 86' lang='lat' dir='ltr'><strong>Haec</strong></span> <span class='ocrx_word' id='word_1_65' title='bbox 515 1205 630 1268; x_wconf 86' lang='lat' dir='ltr'><strong>eutem</strong></span> <span class='ocrx_word' id='word_1_66' title='bbox 647 1199 868 1269; x_wconf 85' lang='lat' dir='ltr'><strong>imitebilites</strong></span> <span class='ocrx_word' id='word_1_67' title='bbox 883 1205 938 1270; x_wconf 87' lang='lat' dir='ltr'><strong>eet</strong></span> <span class='ocrx_word' id='word_1_68' title='bbox 951 1199 1024 1268; x_wconf 93' lang='lat' dir='ltr'><strong>Deo</strong></span> <span class='ocrx_word' id='word_1_69' title='bbox 1039 1197 1227 1284; x_wconf 77' lang='lat' dir='ltr'><strong>naturalis,</strong></span> 
     </span>
     <span class='ocr_line' id='line_1_10' title="bbox 69 1305 1229 1398; baseline 0.003 -28"><span class='ocrx_word' id='word_1_70' title='bbox 69 1307 265 1391; x_wconf 86' lang='lat' dir='ltr'><strong>neoeeeerie,</strong></span> <span class='ocrx_word' id='word_1_71' title='bbox 283 1313 319 1376; x_wconf 89' lang='lat' dir='ltr'><strong>et</strong></span> <span class='ocrx_word' id='word_1_72' title='bbox 341 1307 575 1398; x_wconf 80' lang='lat' dir='ltr'><strong>independens</strong></span> <span class='ocrx_word' id='word_1_73' title='bbox 590 1329 612 1374; x_wconf 88' lang='lat' dir='ltr'><strong>e</strong></span> <span class='ocrx_word' id='word_1_74' title='bbox 634 1307 746 1376; x_wconf 90' lang='lat' dir='ltr'><strong>libere</strong></span> <span class='ocrx_word' id='word_1_75' title='bbox 773 1307 966 1393; x_wconf 79' lang='lat' dir='ltr'><strong>volrmtete,</strong></span> <span class='ocrx_word' id='word_1_76' title='bbox 985 1329 1063 1376; x_wconf 94' lang='lat' dir='ltr'><strong>cum</strong></span> <span class='ocrx_word' id='word_1_77' title='bbox 1084 1305 1229 1374; x_wconf 78' lang='lat' dir='ltr'><strong>realiter</strong></span> 
     </span>
     <span class='ocr_line' id='line_1_11' title="bbox 70 1411 1231 1506; baseline 0.002 -28"><span class='ocrx_word' id='word_1_78' title='bbox 70 1411 150 1480; x_wconf 87' lang='lat' dir='ltr'><strong>nihil</strong></span> <span class='ocrx_word' id='word_1_79' title='bbox 172 1413 220 1482; x_wconf 91' lang='lat' dir='ltr'><strong>sit</strong></span> <span class='ocrx_word' id='word_1_80' title='bbox 242 1412 341 1482; x_wconf 88' lang='lat' dir='ltr'><strong>eliud</strong></span> <span class='ocrx_word' id='word_1_81' title='bbox 364 1437 467 1506; x_wconf 85' lang='lat' dir='ltr'><strong>quem</strong></span> <span class='ocrx_word' id='word_1_82' title='bbox 490 1414 570 1506; x_wconf 86' lang='lat' dir='ltr'><strong>ipse</strong></span> <span class='ocrx_word' id='word_1_83' title='bbox 590 1414 743 1484; x_wconf 85' lang='lat' dir='ltr'><strong>essentie</strong></span> <span class='ocrx_word' id='word_1_84' title='bbox 765 1415 831 1484; x_wconf 90' lang='lat' dir='ltr'><strong>Dei</strong></span> <span class='ocrx_word' id='word_1_85' title='bbox 848 1415 912 1485; x_wconf 90' lang='lat' dir='ltr'><strong>sub</strong></span> <span class='ocrx_word' id='word_1_86' title='bbox 924 1414 1060 1484; x_wconf 89' lang='lat' dir='ltr'><strong>reticne</strong></span> <span class='ocrx_word' id='word_1_87' title='bbox 1075 1413 1182 1504; x_wconf 88' lang='lat' dir='ltr'><strong>primi</strong></span> <span class='ocrx_word' id='word_1_88' title='bbox 1193 1419 1231 1483; x_wconf 87' lang='lat' dir='ltr'><strong>et</strong></span> 
     </span>
     <span class='ocr_line' id='line_1_12' title="bbox 68 1518 1226 1613; baseline 0.005 -29"><span class='ocrx_word' id='word_1_89' title='bbox 68 1518 208 1590; x_wconf 80' lang='lat' dir='ltr'><strong>absoluti</strong></span> <span class='ocrx_word' id='word_1_90' title='bbox 219 1521 319 1603; x_wconf 84' lang='lat' dir='ltr'><strong>Esse,</strong></span> <span class='ocrx_word' id='word_1_91' title='bbox 333 1521 486 1591; x_wconf 77' lang='lat' dir='ltr'><strong>absoluti</strong></span> <span class='ocrx_word' id='word_1_92' title='bbox 499 1521 587 1607; x_wconf 88' lang='lat' dir='ltr'><strong>veri,</strong></span> <span class='ocrx_word' id='word_1_93' title='bbox 599 1528 635 1592; x_wconf 90' lang='lat' dir='ltr'><strong>et</strong></span> <span class='ocrx_word' id='word_1_94' title='bbox 646 1521 855 1612; x_wconf 79' lang='lat' dir='ltr'><strong>exemplaris</strong></span> <span class='ocrx_word' id='word_1_95' title='bbox 867 1521 977 1590; x_wconf 87' lang='lat' dir='ltr'><strong>omnis</strong></span> <span class='ocrx_word' id='word_1_96' title='bbox 989 1520 1226 1613; x_wconf 83' lang='lat' dir='ltr'><strong>perfectionis.</strong></span> 
     </span>
     <span class='ocr_line' id='line_1_13' title="bbox 69 1623 1230 1719; baseline 0.003 -25"><span class='ocrx_word' id='word_1_97' title='bbox 69 1623 157 1696; x_wconf 87' lang='lat' dir='ltr'><strong>Unde</strong></span> <span class='ocrx_word' id='word_1_98' title='bbox 171 1628 306 1698; x_wconf 83' lang='lat' dir='ltr'><strong>veritus</strong></span> <span class='ocrx_word' id='word_1_99' title='bbox 320 1629 551 1698; x_wconf 80' lang='lat' dir='ltr'><strong>essentiarum</strong></span> <span class='ocrx_word' id='word_1_100' title='bbox 566 1628 604 1698; x_wconf 94' lang='lat' dir='ltr'><strong>in</strong></span> <span class='ocrx_word' id='word_1_101' title='bbox 621 1636 719 1698; x_wconf 88' lang='lat' dir='ltr'><strong>stetu</strong></span> <span class='ocrx_word' id='word_1_102' title='bbox 736 1629 984 1719; x_wconf 82' lang='lat' dir='ltr'><strong>possibilitatis</strong></span> <span class='ocrx_word' id='word_1_103' title='bbox 1001 1635 1057 1698; x_wconf 89' lang='lat' dir='ltr'><strong>est</strong></span> <span class='ocrx_word' id='word_1_104' title='bbox 1072 1629 1230 1697; x_wconf 76' lang='lat' dir='ltr'><strong>absolute</strong></span> 
     </span>
     <span class='ocr_line' id='line_1_14' title="bbox 67 1734 1229 1806; baseline 0.003 -6"><span class='ocrx_word' id='word_1_105' title='bbox 67 1735 264 1804; x_wconf 70' lang='lat' dir='ltr'><strong>necessarie.</strong></span> <span class='ocrx_word' id='word_1_106' title='bbox 279 1734 419 1805; x_wconf 87' lang='lat' dir='ltr'><strong>Omnem</strong></span> <span class='ocrx_word' id='word_1_107' title='bbox 435 1745 551 1806; x_wconf 87' lang='lat' dir='ltr'><strong>eutem</strong></span> <span class='ocrx_word' id='word_1_108' title='bbox 568 1736 755 1806; x_wconf 78' lang='lat' dir='ltr'><strong>veritatem</strong></span> <span class='ocrx_word' id='word_1_109' title='bbox 770 1736 892 1806; x_wconf 88' lang='lat' dir='ltr'><strong>divine</strong></span> <span class='ocrx_word' id='word_1_110' title='bbox 906 1735 1100 1806; x_wconf 88' lang='lat' dir='ltr'><strong>intellectio</strong></span> <span class='ocrx_word' id='word_1_111' title='bbox 1116 1757 1229 1804; x_wconf 91' lang='lat' dir='ltr'><strong>neces·</strong></span> 
     </span>
     <span class='ocr_line' id='line_1_15' title="bbox 68 1841 1231 1934; baseline 0.003 -25"><span class='ocrx_word' id='word_1_112' title='bbox 68 1841 150 1910; x_wconf 85' lang='lat' dir='ltr'><strong>serio</strong></span> <span class='ocrx_word' id='word_1_113' title='bbox 164 1844 436 1934; x_wconf 84' lang='lat' dir='ltr'><strong>comprehendit.</strong></span> <span class='ocrx_word' id='word_1_114' title='bbox 451 1843 607 1914; x_wconf 87' lang='lat' dir='ltr'><strong>Scientie</strong></span> <span class='ocrx_word' id='word_1_115' title='bbox 621 1866 706 1934; x_wconf 82' lang='lat' dir='ltr'><strong>ergo</strong></span> <span class='ocrx_word' id='word_1_116' title='bbox 721 1844 892 1933; x_wconf 81' lang='lat' dir='ltr'><strong>simplicis</strong></span> <span class='ocrx_word' id='word_1_117' title='bbox 905 1843 1162 1933; x_wconf 78' lang='lat' dir='ltr'><strong>intellipentice</strong></span> <span class='ocrx_word' id='word_1_118' title='bbox 1176 1847 1231 1912; x_wconf 85' lang='lat' dir='ltr'><strong>est</strong></span> 
     </span>
     <span class='ocr_line' id='line_1_16' title="bbox 68 1950 1231 2043; baseline 0.003 -26"><span class='ocrx_word' id='word_1_119' title='bbox 68 1950 170 2040; x_wconf 86' lang='lat' dir='ltr'><strong>qnoed</strong></span> <span class='ocrx_word' id='word_1_120' title='bbox 181 1959 291 2022; x_wconf 80' lang='lat' dir='ltr'><strong>tutem</strong></span> <span class='ocrx_word' id='word_1_121' title='bbox 304 1953 430 2022; x_wconf 87' lang='lat' dir='ltr'><strong>obiecti</strong></span> <span class='ocrx_word' id='word_1_122' title='bbox 438 1951 704 2043; x_wconf 62' lang='lat' dir='ltr'><strong>amplitudinem</strong></span> <span class='ocrx_word' id='word_1_123' title='bbox 712 1951 870 2022; x_wconf 85' lang='lat' dir='ltr'><strong>obsolute</strong></span> <span class='ocrx_word' id='word_1_124' title='bbox 880 1951 1087 2022; x_wconf 84' lang='lat' dir='ltr'><strong>necessarie.</strong></span> <span class='ocrx_word' id='word_1_125' title='bbox 1100 1951 1231 2020; x_wconf 88' lang='lat' dir='ltr'><strong>Contre</strong></span> 
     </span>
     <span class='ocr_line' id='line_1_17' title="bbox 69 2057 1230 2144; baseline 0.004 -19"><span class='ocrx_word' id='word_1_126' title='bbox 69 2079 141 2126; x_wconf 85' lang='lat' dir='ltr'><strong>vero</strong></span> <span class='ocrx_word' id='word_1_127' title='bbox 152 2060 340 2131; x_wconf 71' lang='lat' dir='ltr'><strong>exmtentie</strong></span> <span class='ocrx_word' id='word_1_128' title='bbox 351 2061 416 2131; x_wconf 86' lang='lat' dir='ltr'><strong>Dei</strong></span> <span class='ocrx_word' id='word_1_129' title='bbox 430 2059 538 2131; x_wconf 89' lang='lat' dir='ltr'><strong>soline</strong></span> <span class='ocrx_word' id='word_1_130' title='bbox 549 2067 604 2130; x_wconf 85' lang='lat' dir='ltr'><strong>est</strong></span> <span class='ocrx_word' id='word_1_131' title='bbox 615 2059 824 2144; x_wconf 78' lang='lat' dir='ltr'><strong>necessarie,</strong></span> <span class='ocrx_word' id='word_1_132' title='bbox 834 2059 1024 2130; x_wconf 83' lang='lat' dir='ltr'><strong>existentis</strong></span> <span class='ocrx_word' id='word_1_133' title='bbox 1035 2059 1108 2128; x_wconf 89' lang='lat' dir='ltr'><strong>elie</strong></span> <span class='ocrx_word' id='word_1_134' title='bbox 1119 2057 1230 2130; x_wconf 87' lang='lat' dir='ltr'><strong>omnis</strong></span> 
     </span>
    </p>
   </div>
   <div class='ocr_carea' id='block_1_2' title="bbox 64 2273 1234 4322">
    <p class='ocr_par' dir='ltr' id='par_1_3' title="bbox 64 2273 1234 4322">
     <span class='ocr_line' id='line_1_18' title="bbox 123 2273 1231 2355; baseline -0.002 -21"><span class='ocrx_word' id='word_1_135' title='bbox 123 2277 165 2353; x_wconf 81' lang='lat'><strong>(1)</strong></span> <span class='ocrx_word' id='word_1_136' title='bbox 181 2281 257 2346; x_wconf 76' lang='lat' dir='ltr'><strong>Quis</strong></span> <span class='ocrx_word' id='word_1_137' title='bbox 275 2280 438 2336; x_wconf 61' lang='lat' dir='ltr'><strong>leudoricus</strong></span> <span class='ocrx_word' id='word_1_138' title='bbox 455 2282 564 2337; x_wconf 82' lang='lat' dir='ltr'><strong>liuline</strong></span> <span class='ocrx_word' id='word_1_139' title='bbox 581 2279 730 2355; x_wconf 75' lang='lat' dir='ltr'><strong>(donccrd.</strong></span> <span class='ocrx_word' id='word_1_140' title='bbox 746 2297 775 2350; x_wconf 91' lang='lat' dir='ltr'><strong>p.</strong></span> <span class='ocrx_word' id='word_1_141' title='bbox 786 2281 849 2334; x_wconf 83' lang='grc'><strong>489.</strong></span> <span class='ocrx_word' id='word_1_142' title='bbox 864 2279 908 2334; x_wconf 89' lang='lat' dir='ltr'><strong>ed.</strong></span> <span class='ocrx_word' id='word_1_143' title='bbox 920 2273 1071 2350; x_wconf 81' lang='lat' dir='ltr'><strong>Ulyslpp.)</strong></span> <span class='ocrx_word' id='word_1_144' title='bbox 1083 2282 1114 2332; x_wconf 88' lang='lat' dir='ltr'><strong>et</strong></span> <span class='ocrx_word' id='word_1_145' title='bbox 1127 2280 1231 2334; x_wconf 83' lang='lat' dir='ltr'><strong>Petrus</strong></span> 
     </span>
     <span class='ocr_line' id='line_1_19' title="bbox 67 2367 1229 2443; baseline -0.002 -19"><span class='ocrx_word' id='word_1_146' title='bbox 67 2371 181 2426; x_wconf 76' lang='lat' dir='ltr'><strong>ionsees</strong></span> <span class='ocrx_word' id='word_1_147' title='bbox 198 2369 337 2443; x_wconf 75' lang='lat' dir='ltr'><strong>(Ietepb.</strong></span> <span class='ocrx_word' id='word_1_148' title='bbox 352 2388 381 2440; x_wconf 87' lang='lat' dir='ltr'><strong>q.</strong></span> <span class='ocrx_word' id='word_1_149' title='bbox 393 2372 420 2426; x_wconf 84' lang='lat' dir='ltr'><strong>ti.</strong></span> <span class='ocrx_word' id='word_1_150' title='bbox 434 2376 505 2426; x_wconf 85' lang='lat' dir='ltr'><strong>sect.</strong></span> <span class='ocrx_word' id='word_1_151' title='bbox 513 2373 541 2425; x_wconf 86' lang='grc'><strong>8.</strong></span> <span class='ocrx_word' id='word_1_152' title='bbox 556 2375 590 2426; x_wconf 87' lang='lat' dir='ltr'><strong>ut</strong></span> <span class='ocrx_word' id='word_1_153' title='bbox 608 2373 681 2426; x_wconf 84' lang='lat' dir='ltr'><strong>citet</strong></span> <span class='ocrx_word' id='word_1_154' title='bbox 700 2371 797 2438; x_wconf 68' lang='lat' dir='ltr'><strong>smy,</strong></span> <span class='ocrx_word' id='word_1_155' title='bbox 819 2373 865 2424; x_wconf 86' lang='lat' dir='ltr'><strong>eet</strong></span> <span class='ocrx_word' id='word_1_156' title='bbox 882 2367 1229 2438; x_wconf 71' lang='lat' dir='ltr'><strong>euteml.V1.c.2.q.d.</strong></span> 
     </span>
     <span class='ocr_line' id='line_1_20' title="bbox 67 2455 1232 2531; baseline 0.001 -20"><span class='ocrx_word' id='word_1_157' title='bbox 67 2463 127 2513; x_wconf 80' lang='lat' dir='ltr'><strong>sert</strong></span> <span class='ocrx_word' id='word_1_158' title='bbox 137 2455 177 2531; x_wconf 85' lang='grc'><strong>8.)</strong></span> <span class='ocrx_word' id='word_1_159' title='bbox 195 2461 336 2528; x_wconf 80' lang='lat' dir='ltr'><strong>scribunt,</strong></span> <span class='ocrx_word' id='word_1_160' title='bbox 358 2461 530 2528; x_wconf 77' lang='lat' dir='ltr'><strong>diligentius</strong></span> <span class='ocrx_word' id='word_1_161' title='bbox 550 2459 688 2529; x_wconf 73' lang='lat' dir='ltr'><strong>quaedem</strong></span> <span class='ocrx_word' id='word_1_162' title='bbox 707 2459 862 2528; x_wconf 80' lang='lat' dir='ltr'><strong>principie,</strong></span> <span class='ocrx_word' id='word_1_163' title='bbox 874 2460 952 2513; x_wconf 86' lang='lat' dir='ltr'><strong>inter</strong></span> <span class='ocrx_word' id='word_1_164' title='bbox 964 2473 1037 2526; x_wconf 86' lang='lat' dir='ltr'><strong>ques</strong></span> <span class='ocrx_word' id='word_1_165' title='bbox 1050 2461 1096 2512; x_wconf 92' lang='lat' dir='ltr'><strong>est</strong></span> <span class='ocrx_word' id='word_1_166' title='bbox 1108 2457 1232 2512; x_wconf 81' lang='lat' dir='ltr'><strong>scientis</strong></span> 
     </span>
     <span class='ocr_line' id='line_1_21' title="bbox 67 2549 1232 2620; baseline 0 -17"><span class='ocrx_word' id='word_1_167' title='bbox 67 2549 326 2618; x_wconf 80' lang='lat' dir='ltr'><strong>conditionstorum,</strong></span> <span class='ocrx_word' id='word_1_168' title='bbox 347 2567 364 2604; x_wconf 88' lang='lat' dir='ltr'><strong>e</strong></span> <span class='ocrx_word' id='word_1_169' title='bbox 382 2567 412 2604; x_wconf 87' lang='lat' dir='ltr'><strong>se</strong></span> <span class='ocrx_word' id='word_1_170' title='bbox 431 2565 573 2620; x_wconf 82' lang='lat' dir='ltr'><strong>perpense</strong></span> <span class='ocrx_word' id='word_1_171' title='bbox 591 2554 622 2604; x_wconf 87' lang='lat' dir='ltr'><strong>ct</strong></span> <span class='ocrx_word' id='word_1_172' title='bbox 639 2550 772 2605; x_wconf 73' lang='lat' dir='ltr'><strong>adhibite</strong></span> <span class='ocrx_word' id='word_1_173' title='bbox 790 2550 881 2604; x_wconf 80' lang='lat' dir='ltr'><strong>inleso</strong></span> <span class='ocrx_word' id='word_1_174' title='bbox 901 2549 936 2604; x_wconf 84' lang='lat' dir='ltr'><strong>ed</strong></span> <span class='ocrx_word' id='word_1_175' title='bbox 956 2549 1154 2616; x_wconf 76' lang='lat' dir='ltr'><strong>explicandam</strong></span> <span class='ocrx_word' id='word_1_176' title='bbox 1168 2563 1232 2603; x_wconf 82' lang='lat' dir='ltr'><strong>con·</strong></span> 
     </span>
     <span class='ocr_line' id='line_1_22' title="bbox 66 2640 1231 2709; baseline 0.002 -17"><span class='ocrx_word' id='word_1_177' title='bbox 66 2640 178 2695; x_wconf 78' lang='lat' dir='ltr'><strong>erotem</strong></span> <span class='ocrx_word' id='word_1_178' title='bbox 197 2641 376 2709; x_wconf 67' lang='lat' dir='ltr'><strong>operationis</strong></span> <span class='ocrx_word' id='word_1_179' title='bbox 394 2643 506 2708; x_wconf 69' lang='lat' dir='ltr'><strong>gretiee</strong></span> <span class='ocrx_word' id='word_1_180' title='bbox 525 2656 588 2695; x_wconf 85' lang='lat' dir='ltr'><strong>cum</strong></span> <span class='ocrx_word' id='word_1_181' title='bbox 609 2641 746 2698; x_wconf 89' lang='lat' dir='ltr'><strong>iibertete</strong></span> <span class='ocrx_word' id='word_1_182' title='bbox 765 2641 900 2708; x_wconf 79' lang='lat' dir='ltr'><strong>arbitrii,</strong></span> <span class='ocrx_word' id='word_1_183' title='bbox 923 2643 1018 2694; x_wconf 85' lang='lat' dir='ltr'><strong>solent</strong></span> <span class='ocrx_word' id='word_1_184' title='bbox 1036 2641 1121 2693; x_wconf 88' lang='lat' dir='ltr'><strong>multi</strong></span> <span class='ocrx_word' id='word_1_185' title='bbox 1140 2641 1231 2708; x_wconf 88' lang='lat' dir='ltr'><strong>impu·</strong></span> 
     </span>
     <span class='ocr_line' id='line_1_23' title="bbox 65 2729 1232 2799; baseline 0 -16"><span class='ocrx_word' id='word_1_186' title='bbox 65 2735 188 2794; x_wconf 73' lang='lat' dir='ltr'><strong>restores</strong></span> <span class='ocrx_word' id='word_1_187' title='bbox 206 2747 254 2786; x_wconf 90' lang='lat' dir='ltr'><strong>eos</strong></span> <span class='ocrx_word' id='word_1_188' title='bbox 272 2732 305 2785; x_wconf 92' lang='lat' dir='ltr'><strong>in</strong></span> <span class='ocrx_word' id='word_1_189' title='bbox 322 2732 430 2786; x_wconf 88' lang='lat' dir='ltr'><strong>crimen</strong></span> <span class='ocrx_word' id='word_1_190' title='bbox 449 2745 570 2799; x_wconf 75' lang='lat' dir='ltr'><strong>cocere,</strong></span> <span class='ocrx_word' id='word_1_191' title='bbox 597 2731 672 2799; x_wconf 84' lang='lat' dir='ltr'><strong>quod</strong></span> <span class='ocrx_word' id='word_1_192' title='bbox 691 2732 872 2797; x_wconf 72' lang='lat' dir='ltr'><strong>glorientur,</strong></span> <span class='ocrx_word' id='word_1_193' title='bbox 893 2745 923 2784; x_wconf 88' lang='lat' dir='ltr'><strong>se</strong></span> <span class='ocrx_word' id='word_1_194' title='bbox 943 2731 1049 2798; x_wconf 85' lang='lat' dir='ltr'><strong>primos</strong></span> <span class='ocrx_word' id='word_1_195' title='bbox 1072 2729 1232 2783; x_wconf 78' lang='lat' dir='ltr'><strong>inventores</strong></span> 
     </span>
     <span class='ocr_line' id='line_1_24' title="bbox 66 2817 1231 2890; baseline -0.001 -17"><span class='ocrx_word' id='word_1_196' title='bbox 66 2817 146 2874; x_wconf 85' lang='lat' dir='ltr'><strong>luisse</strong></span> <span class='ocrx_word' id='word_1_197' title='bbox 158 2821 293 2874; x_wconf 80' lang='lat' dir='ltr'><strong>scientias</strong></span> <span class='ocrx_word' id='word_1_198' title='bbox 302 2821 418 2875; x_wconf 80' lang='lat' dir='ltr'><strong>medice.</strong></span> <span class='ocrx_word' id='word_1_199' title='bbox 432 2821 572 2890; x_wconf 79' lang='lat' dir='ltr'><strong>Equidem</strong></span> <span class='ocrx_word' id='word_1_200' title='bbox 584 2822 698 2875; x_wconf 90' lang='lat' dir='ltr'><strong>nulium</strong></span> <span class='ocrx_word' id='word_1_201' title='bbox 707 2821 787 2874; x_wconf 85' lang='lat' dir='ltr'><strong>iuter</strong></span> <span class='ocrx_word' id='word_1_202' title='bbox 800 2835 906 2887; x_wconf 88' lang='lat' dir='ltr'><strong>omnes,</strong></span> <span class='ocrx_word' id='word_1_203' title='bbox 922 2821 972 2888; x_wconf 88' lang='lat' dir='ltr'><strong>qui</strong></span> <span class='ocrx_word' id='word_1_204' title='bbox 986 2820 1127 2874; x_wconf 87' lang='lat' dir='ltr'><strong>retionem</strong></span> <span class='ocrx_word' id='word_1_205' title='bbox 1142 2819 1231 2873; x_wconf 87' lang='lat' dir='ltr'><strong>scien·</strong></span> 
     </span>
     <span class='ocr_line' id='line_1_25' title="bbox 66 2907 1231 2978; baseline -0.001 -14"><span class='ocrx_word' id='word_1_206' title='bbox 66 2907 115 2964; x_wconf 80' lang='lat' dir='ltr'><strong>tiss</strong></span> <span class='ocrx_word' id='word_1_207' title='bbox 132 2910 241 2964; x_wconf 86' lang='lat' dir='ltr'><strong>nedise</strong></span> <span class='ocrx_word' id='word_1_208' title='bbox 260 2909 453 2978; x_wconf 83' lang='lat' dir='ltr'><strong>declersruut,</strong></span> <span class='ocrx_word' id='word_1_209' title='bbox 474 2910 618 2965; x_wconf 81' lang='lat' dir='ltr'><strong>hominem</strong></span> <span class='ocrx_word' id='word_1_210' title='bbox 638 2915 699 2966; x_wconf 81' lang='lat' dir='ltr'><strong>tem</strong></span> <span class='ocrx_word' id='word_1_211' title='bbox 716 2910 849 2966; x_wconf 85' lang='lat' dir='ltr'><strong>hebetem</strong></span> <span class='ocrx_word' id='word_1_212' title='bbox 868 2911 946 2978; x_wconf 86' lang='lat' dir='ltr'><strong>novi,</strong></span> <span class='ocrx_word' id='word_1_213' title='bbox 968 2909 1019 2978; x_wconf 89' lang='lat' dir='ltr'><strong>qui</strong></span> <span class='ocrx_word' id='word_1_214' title='bbox 1038 2924 1068 2963; x_wconf 90' lang='lat' dir='ltr'><strong>se</strong></span> <span class='ocrx_word' id='word_1_215' title='bbox 1087 2912 1231 2964; x_wconf 83' lang='lat' dir='ltr'><strong>sectorem</strong></span> 
     </span>
     <span class='ocr_line' id='line_1_26' title="bbox 65 2996 1234 3070; baseline -0.003 -19"><span class='ocrx_word' id='word_1_216' title='bbox 65 2996 171 3052; x_wconf 83' lang='lat' dir='ltr'><strong>lecterit</strong></span> <span class='ocrx_word' id='word_1_217' title='bbox 189 2999 347 3066; x_wconf 87' lang='lat' dir='ltr'><strong>doctrines,</strong></span> <span class='ocrx_word' id='word_1_218' title='bbox 367 3015 452 3068; x_wconf 83' lang='lat' dir='ltr'><strong>quem</strong></span> <span class='ocrx_word' id='word_1_219' title='bbox 470 3015 567 3054; x_wconf 85' lang='lat' dir='ltr'><strong>omnes</strong></span> <span class='ocrx_word' id='word_1_220' title='bbox 581 3001 612 3054; x_wconf 91' lang='lat' dir='ltr'><strong>in</strong></span> <span class='ocrx_word' id='word_1_221' title='bbox 626 3000 784 3070; x_wconf 83' lang='lat' dir='ltr'><strong>Scripturis</strong></span> <span class='ocrx_word' id='word_1_222' title='bbox 798 3007 828 3056; x_wconf 91' lang='lat' dir='ltr'><strong>et</strong></span> <span class='ocrx_word' id='word_1_223' title='bbox 842 3017 881 3055; x_wconf 87' lang='lat' dir='ltr'><strong>ss.</strong></span> <span class='ocrx_word' id='word_1_224' title='bbox 895 3001 951 3054; x_wconf 88' lang='lat' dir='ltr'><strong>PP.</strong></span> <span class='ocrx_word' id='word_1_225' title='bbox 966 3013 996 3052; x_wconf 89' lang='lat' dir='ltr'><strong>se</strong></span> <span class='ocrx_word' id='word_1_226' title='bbox 1010 2999 1155 3066; x_wconf 84' lang='lat' dir='ltr'><strong>reperisse</strong></span> <span class='ocrx_word' id='word_1_227' title='bbox 1170 2999 1234 3064; x_wconf 72' lang='lat' dir='ltr'><strong>glo.</strong></span> 
     </span>
     <span class='ocr_line' id='line_1_27' title="bbox 64 3086 1230 3157; baseline -0.001 -17"><span class='ocrx_word' id='word_1_228' title='bbox 64 3086 177 3143; x_wconf 84' lang='lat' dir='ltr'><strong>risntur.</strong></span> <span class='ocrx_word' id='word_1_229' title='bbox 189 3089 234 3142; x_wconf 78' lang='lat' dir='ltr'><strong>Ao</strong></span> <span class='ocrx_word' id='word_1_230' title='bbox 253 3089 461 3157; x_wconf 86' lang='lat' dir='ltr'><strong>qusestlonsm,</strong></span> <span class='ocrx_word' id='word_1_231' title='bbox 479 3091 577 3144; x_wconf 88' lang='lat' dir='ltr'><strong>utrum</strong></span> <span class='ocrx_word' id='word_1_232' title='bbox 597 3091 720 3146; x_wconf 87' lang='lat' dir='ltr'><strong>scientie</strong></span> <span class='ocrx_word' id='word_1_233' title='bbox 738 3091 831 3145; x_wconf 89' lang='lat' dir='ltr'><strong>medie</strong></span> <span class='ocrx_word' id='word_1_234' title='bbox 849 3091 938 3146; x_wconf 88' lang='lat' dir='ltr'><strong>elicui</strong></span> <span class='ocrx_word' id='word_1_235' title='bbox 956 3095 1105 3145; x_wconf 85' lang='lat' dir='ltr'><strong>ereeturee</strong></span> <span class='ocrx_word' id='word_1_236' title='bbox 1125 3099 1230 3156; x_wconf 88' lang='lat' dir='ltr'><strong>compe-</strong></span> 
     </span>
     <span class='ocr_line' id='line_1_28' title="bbox 66 3174 1230 3251; baseline 0.001 -23"><span class='ocrx_word' id='word_1_237' title='bbox 66 3178 235 3245; x_wconf 72' lang='lat' dir='ltr'><strong>exsposcit,</strong></span> <span class='ocrx_word' id='word_1_238' title='bbox 256 3179 367 3232; x_wconf 72' lang='lat' dir='ltr'><strong>Holine</strong></span> <span class='ocrx_word' id='word_1_239' title='bbox 385 3177 437 3250; x_wconf 89' lang='lat' dir='ltr'><strong>(p.</strong></span> <span class='ocrx_word' id='word_1_240' title='bbox 450 3174 530 3251; x_wconf 74' lang='lat'><strong>831.)</strong></span> <span class='ocrx_word' id='word_1_241' title='bbox 548 3180 704 3248; x_wconf 84' lang='lat' dir='ltr'><strong>respondet</strong></span> <span class='ocrx_word' id='word_1_242' title='bbox 722 3181 862 3247; x_wconf 75' lang='lat' dir='ltr'><strong>regendo.</strong></span> <span class='ocrx_word' id='word_1_243' title='bbox 883 3181 963 3235; x_wconf 74' lang='lat' dir='ltr'><strong>«Deo</strong></span> <span class='ocrx_word' id='word_1_244' title='bbox 982 3183 1094 3248; x_wconf 86' lang='lat' dir='ltr'><strong>eutem,</strong></span> <span class='ocrx_word' id='word_1_245' title='bbox 1114 3177 1213 3246; x_wconf 88' lang='lat' dir='ltr'><strong>iuquit</strong></span> <span class='ocrx_word' id='word_1_246' title='bbox 1223 3215 1230 3243; x_wconf 86' lang='lat'><strong>,</strong></span> 
     </span>
     <span class='ocr_line' id='line_1_29' title="bbox 95 3267 1230 3335; baseline 0.003 -18.904"><span class='ocrx_word' id='word_1_247' title='bbox 95 3267 275 3334; x_wconf 74' lang='lat' dir='ltr'><strong>Hieronymo,</strong></span> <span class='ocrx_word' id='word_1_248' title='bbox 296 3268 457 3335; x_wconf 75' lang='lat' dir='ltr'><strong>Aupcetino</strong></span> <span class='ocrx_word' id='word_1_249' title='bbox 478 3275 505 3320; x_wconf 87' lang='lat' dir='ltr'><strong>et</strong></span> <span class='ocrx_word' id='word_1_250' title='bbox 523 3269 592 3322; x_wconf 81' lang='lat' dir='ltr'><strong>otiis</strong></span> <span class='ocrx_word' id='word_1_251' title='bbox 610 3270 745 3324; x_wconf 77' lang='lat' dir='ltr'><strong>Patribus</strong></span> <span class='ocrx_word' id='word_1_252' title='bbox 762 3271 905 3324; x_wconf 87' lang='lat' dir='ltr'><strong>tribuitur</strong></span> <span class='ocrx_word' id='word_1_253' title='bbox 923 3271 993 3325; x_wconf 89' lang='lat' dir='ltr'><strong>hsec</strong></span> <span class='ocrx_word' id='word_1_254' title='bbox 1015 3270 1137 3325; x_wconf 85' lang='lat' dir='ltr'><strong>scientie</strong></span> <span class='ocrx_word' id='word_1_255' title='bbox 1158 3281 1230 3322; x_wconf 83' lang='lat' dir='ltr'><strong>com·</strong></span> 
     </span>
     <span class='ocr_line' id='line_1_30' title="bbox 67 3355 1230 3434; baseline 0.001 -26"><span class='ocrx_word' id='word_1_256' title='bbox 67 3358 203 3420; x_wconf 83' lang='lat' dir='ltr'><strong>perstione</strong></span> <span class='ocrx_word' id='word_1_257' title='bbox 222 3373 316 3412; x_wconf 88' lang='lat' dir='ltr'><strong>rerum</strong></span> <span class='ocrx_word' id='word_1_258' title='bbox 330 3362 500 3425; x_wconf 85' lang='lat' dir='ltr'><strong>creetsrum,</strong></span> <span class='ocrx_word' id='word_1_259' title='bbox 514 3359 583 3427; x_wconf 85' lang='lat' dir='ltr'><strong>quie</strong></span> <span class='ocrx_word' id='word_1_260' title='bbox 595 3359 672 3414; x_wconf 85' lang='lat' dir='ltr'><strong>Deus</strong></span> <span class='ocrx_word' id='word_1_261' title='bbox 686 3364 759 3414; x_wconf 67' lang='lat' dir='ltr'><strong>sete</strong></span> <span class='ocrx_word' id='word_1_262' title='bbox 775 3360 901 3416; x_wconf 72' lang='lat' dir='ltr'><strong>Fonsecs</strong></span> <span class='ocrx_word' id='word_1_263' title='bbox 914 3359 1054 3434; x_wconf 83' lang='lat' dir='ltr'><strong>(lietepis.</strong></span> <span class='ocrx_word' id='word_1_264' title='bbox 1068 3360 1090 3413; x_wconf 91' lang='lat'><strong>1.</strong></span> <span class='ocrx_word' id='word_1_265' title='bbox 1102 3358 1152 3413; x_wconf 80' lang='lat' dir='ltr'><strong>VI.</strong></span> <span class='ocrx_word' id='word_1_266' title='bbox 1167 3371 1192 3411; x_wconf 91' lang='lat' dir='ltr'><strong>c.</strong></span> <span class='ocrx_word' id='word_1_267' title='bbox 1202 3355 1230 3410; x_wconf 72' lang='lat' dir='ltr'><strong>l.</strong></span> 
     </span>
     <span class='ocr_line' id='line_1_31' title="bbox 67 3443 1230 3519; baseline -0.003 -17"><span class='ocrx_word' id='word_1_268' title='bbox 67 3448 125 3512; x_wconf 69' lang='lat' dir='ltr'><strong>pt.</strong></span> <span class='ocrx_word' id='word_1_269' title='bbox 136 3452 203 3502; x_wconf 89' lang='lat' dir='ltr'><strong>sect.</strong></span> <span class='ocrx_word' id='word_1_270' title='bbox 214 3443 257 3519; x_wconf 84' lang='grc'><strong>9.)</strong></span> <span class='ocrx_word' id='word_1_271' title='bbox 269 3449 387 3504; x_wconf 81' lang='lat' dir='ltr'><strong>scribit:</strong></span> <span class='ocrx_word' id='word_1_272' title='bbox 405 3453 510 3504; x_wconf 77' lang='lat' dir='ltr'><strong>«sexto</strong></span> <span class='ocrx_word' id='word_1_273' title='bbox 530 3451 590 3504; x_wconf 87' lang='lat' dir='ltr'><strong>ioco</strong></span> <span class='ocrx_word' id='word_1_274' title='bbox 610 3451 729 3518; x_wconf 86' lang='lat' dir='ltr'><strong>proberi</strong></span> <span class='ocrx_word' id='word_1_275' title='bbox 742 3453 838 3518; x_wconf 86' lang='lat' dir='ltr'><strong>potest</strong></span> <span class='ocrx_word' id='word_1_276' title='bbox 857 3450 954 3504; x_wconf 80' lang='lat' dir='ltr'><strong>eedem</strong></span> <span class='ocrx_word' id='word_1_277' title='bbox 972 3449 1095 3504; x_wconf 88' lang='lat' dir='ltr'><strong>essertio</strong></span> <span class='ocrx_word' id='word_1_278' title='bbox 1115 3464 1147 3500; x_wconf 80' lang='lat' dir='ltr'><strong>er</strong></span> <span class='ocrx_word' id='word_1_279' title='bbox 1160 3461 1230 3500; x_wconf 83' lang='lat' dir='ltr'><strong>com·</strong></span> 
     </span>
     <span class='ocr_line' id='line_1_32' title="bbox 67 3537 1231 3604; baseline 0.003 -18"><span class='ocrx_word' id='word_1_280' title='bbox 67 3539 136 3588; x_wconf 80' lang='lat' dir='ltr'><strong>seni</strong></span> <span class='ocrx_word' id='word_1_281' title='bbox 153 3539 270 3591; x_wconf 80' lang='lat' dir='ltr'><strong>Petrum</strong></span> <span class='ocrx_word' id='word_1_282' title='bbox 286 3539 427 3592; x_wconf 84' lang='lat' dir='ltr'><strong>sententie</strong></span> <span class='ocrx_word' id='word_1_283' title='bbox 445 3547 472 3592; x_wconf 88' lang='lat' dir='ltr'><strong>et</strong></span> <span class='ocrx_word' id='word_1_284' title='bbox 488 3557 524 3594; x_wconf 84' lang='lat' dir='ltr'><strong>es.</strong></span> <span class='ocrx_word' id='word_1_285' title='bbox 544 3540 704 3593; x_wconf 78' lang='lat' dir='ltr'><strong>litterarum</strong></span> <span class='ocrx_word' id='word_1_286' title='bbox 722 3540 905 3604; x_wconf 75' lang='lat' dir='ltr'><strong>testimoniis,</strong></span> <span class='ocrx_word' id='word_1_287' title='bbox 924 3548 958 3594; x_wconf 79' lang='lat' dir='ltr'><strong>ut</strong></span> <span class='ocrx_word' id='word_1_288' title='bbox 976 3557 1010 3594; x_wconf 87' lang='lat' dir='ltr'><strong>ec</strong></span> <span class='ocrx_word' id='word_1_289' title='bbox 1029 3540 1077 3592; x_wconf 82' lang='lat' dir='ltr'><strong>iiii</strong></span> <span class='ocrx_word' id='word_1_290' title='bbox 1096 3537 1231 3604; x_wconf 78' lang='lat' dir='ltr'><strong>interpre-</strong></span> 
     </span>
     <span class='ocr_line' id='line_1_33' title="bbox 68 3629 1230 3698; baseline 0.003 -22"><span class='ocrx_word' id='word_1_291' title='bbox 68 3631 198 3683; x_wconf 64' lang='lat' dir='ltr'><strong>tantem...</strong></span> <span class='ocrx_word' id='word_1_292' title='bbox 212 3629 333 3684; x_wconf 82' lang='lat' dir='ltr'><strong>infinite</strong></span> <span class='ocrx_word' id='word_1_293' title='bbox 351 3645 440 3697; x_wconf 85' lang='lat' dir='ltr'><strong>peene</strong></span> <span class='ocrx_word' id='word_1_294' title='bbox 465 3633 535 3682; x_wconf 89' lang='lat' dir='ltr'><strong>sunt</strong></span> <span class='ocrx_word' id='word_1_295' title='bbox 554 3631 632 3696; x_wconf 87' lang='lat' dir='ltr'><strong>loce,</strong></span> <span class='ocrx_word' id='word_1_296' title='bbox 654 3631 810 3697; x_wconf 84' lang='lat' dir='ltr'><strong>inquibus</strong></span> <span class='ocrx_word' id='word_1_297' title='bbox 829 3633 980 3698; x_wconf 90' lang='lat' dir='ltr'><strong>utremquc</strong></span> <span class='ocrx_word' id='word_1_298' title='bbox 1003 3629 1230 3684; x_wconf 87' lang='lat' dir='ltr'><strong>conditiouetem</strong></span> 
     </span>
     <span class='ocr_line' id='line_1_34' title="bbox 69 3716 1231 3791; baseline 0 -23"><span class='ocrx_word' id='word_1_299' title='bbox 69 3718 274 3778; x_wconf 80' lang='lat' dir='ltr'><strong>preescientism</strong></span> <span class='ocrx_word' id='word_1_300' title='bbox 293 3717 328 3772; x_wconf 90' lang='lat' dir='ltr'><strong>de</strong></span> <span class='ocrx_word' id='word_1_301' title='bbox 344 3718 446 3772; x_wconf 84' lang='lat' dir='ltr'><strong>liberie</strong></span> <span class='ocrx_word' id='word_1_302' title='bbox 469 3717 704 3772; x_wconf 82' lang='lat' dir='ltr'><strong>cotibus·luturis</strong></span> <span class='ocrx_word' id='word_1_303' title='bbox 717 3716 791 3791; x_wconf 89' lang='lat' dir='ltr'><strong>(tum</strong></span> <span class='ocrx_word' id='word_1_304' title='bbox 805 3719 917 3773; x_wconf 88' lang='lat' dir='ltr'><strong>scilicet</strong></span> <span class='ocrx_word' id='word_1_305' title='bbox 929 3718 962 3772; x_wconf 91' lang='lat' dir='ltr'><strong>de</strong></span> <span class='ocrx_word' id='word_1_306' title='bbox 975 3719 1024 3786; x_wconf 88' lang='lat' dir='ltr'><strong>iis,</strong></span> <span class='ocrx_word' id='word_1_307' title='bbox 1046 3716 1139 3785; x_wconf 86' lang='lat' dir='ltr'><strong>quire</strong></span> <span class='ocrx_word' id='word_1_308' title='bbox 1153 3729 1231 3768; x_wconf 89' lang='lat' dir='ltr'><strong>unm·</strong></span> 
     </span>
     <span class='ocr_line' id='line_1_35' title="bbox 69 3802 1233 3876; baseline -0.003 -17"><span class='ocrx_word' id='word_1_309' title='bbox 69 3815 142 3866; x_wconf 70' lang='lat' dir='ltr'><strong>totu</strong></span> <span class='ocrx_word' id='word_1_310' title='bbox 159 3808 303 3874; x_wconf 82' lang='lat' dir='ltr'><strong>existent,</strong></span> <span class='ocrx_word' id='word_1_311' title='bbox 324 3811 384 3861; x_wconf 88' lang='lat' dir='ltr'><strong>tum</strong></span> <span class='ocrx_word' id='word_1_312' title='bbox 404 3810 434 3862; x_wconf 95' lang='lat' dir='ltr'><strong>in</strong></span> <span class='ocrx_word' id='word_1_313' title='bbox 457 3809 540 3874; x_wconf 74' lang='lat' dir='ltr'><strong>signo</strong></span> <span class='ocrx_word' id='word_1_314' title='bbox 559 3807 743 3862; x_wconf 83' lang='lat' dir='ltr'><strong>entecedentl</strong></span> <span class='ocrx_word' id='word_1_315' title='bbox 770 3807 980 3876; x_wconf 81' lang='lat' dir='ltr'><strong>pressisionem</strong></span> <span class='ocrx_word' id='word_1_316' title='bbox 1005 3807 1153 3860; x_wconf 76' lang='lat' dir='ltr'><strong>obsoletus</strong></span> <span class='ocrx_word' id='word_1_317' title='bbox 1172 3802 1233 3857; x_wconf 84' lang='lat' dir='ltr'><strong>exi·</strong></span> 
     </span>
     <span class='ocr_line' id='line_1_36' title="bbox 69 3891 1230 3968; baseline 0.002 -24"><span class='ocrx_word' id='word_1_318' title='bbox 69 3893 179 3949; x_wconf 80' lang='lat' dir='ltr'><strong>stentiee</strong></span> <span class='ocrx_word' id='word_1_319' title='bbox 197 3895 233 3949; x_wconf 90' lang='lat' dir='ltr'><strong>de</strong></span> <span class='ocrx_word' id='word_1_320' title='bbox 252 3896 301 3964; x_wconf 86' lang='lat' dir='ltr'><strong>iis,</strong></span> <span class='ocrx_word' id='word_1_321' title='bbox 322 3897 372 3964; x_wconf 87' lang='lat' dir='ltr'><strong>qui</strong></span> <span class='ocrx_word' id='word_1_322' title='bbox 389 3897 550 3966; x_wconf 85' lang='lat' dir='ltr'><strong>eliquendo</strong></span> <span class='ocrx_word' id='word_1_323' title='bbox 568 3913 669 3965; x_wconf 85' lang='lat' dir='ltr'><strong>reepse</strong></span> <span class='ocrx_word' id='word_1_324' title='bbox 688 3895 774 3968; x_wconf 85' lang='lat' dir='ltr'><strong>eunt)</strong></span> <span class='ocrx_word' id='word_1_325' title='bbox 793 3913 850 3952; x_wconf 90' lang='lat' dir='ltr'><strong>uon</strong></span> <span class='ocrx_word' id='word_1_326' title='bbox 869 3899 961 3951; x_wconf 89' lang='lat' dir='ltr'><strong>solum</strong></span> <span class='ocrx_word' id='word_1_327' title='bbox 979 3895 1159 3962; x_wconf 78' lang='lat' dir='ltr'><strong>Augustinus</strong></span> <span class='ocrx_word' id='word_1_328' title='bbox 1179 3891 1230 3947; x_wconf 91' lang='lat' dir='ltr'><strong>sed</strong></span> 
     </span>
     <span class='ocr_line' id='line_1_37' title="bbox 70 3982 1230 4056; baseline 0 -20"><span class='ocrx_word' id='word_1_329' title='bbox 70 3982 142 4037; x_wconf 79' lang='lat' dir='ltr'><strong>etism</strong></span> <span class='ocrx_word' id='word_1_330' title='bbox 160 3986 213 4039; x_wconf 88' lang='lat' dir='ltr'><strong>elii</strong></span> <span class='ocrx_word' id='word_1_331' title='bbox 230 3987 537 4056; x_wconf 58' lang='lat' dir='ltr'><strong>persistuntque</strong></span> <span class='ocrx_word' id='word_1_332' title='bbox 551 4003 607 4042; x_wconf 90' lang='lat' dir='ltr'><strong>non</strong></span> <span class='ocrx_word' id='word_1_333' title='bbox 627 4002 697 4055; x_wconf 89' lang='lat' dir='ltr'><strong>opus</strong></span> <span class='ocrx_word' id='word_1_334' title='bbox 716 3991 761 4041; x_wconf 87' lang='lat' dir='ltr'><strong>est</strong></span> <span class='ocrx_word' id='word_1_335' title='bbox 779 3988 831 4042; x_wconf 88' lang='lat' dir='ltr'><strong>hoo</strong></span> <span class='ocrx_word' id='word_1_336' title='bbox 849 3989 909 4041; x_wconf 91' lang='lat' dir='ltr'><strong>loco</strong></span> <span class='ocrx_word' id='word_1_337' title='bbox 923 3987 1046 4052; x_wconf 82' lang='lat' dir='ltr'><strong>reterre;</strong></span> <span class='ocrx_word' id='word_1_338' title='bbox 1061 3984 1230 4054; x_wconf 74' lang='lat' dir='ltr'><strong>usqueadeo</strong></span> 
     </span>
     <span class='ocr_line' id='line_1_38' title="bbox 70 4073 1230 4144; baseline 0.005 -23"><span class='ocrx_word' id='word_1_339' title='bbox 70 4085 104 4122; x_wconf 76' lang='lat' dir='ltr'><strong>re</strong></span> <span class='ocrx_word' id='word_1_340' title='bbox 119 4073 148 4126; x_wconf 87' lang='lat' dir='ltr'><strong>in</strong></span> <span class='ocrx_word' id='word_1_341' title='bbox 164 4083 224 4127; x_wconf 86' lang='lat' dir='ltr'><strong>tote</strong></span> <span class='ocrx_word' id='word_1_342' title='bbox 246 4075 421 4144; x_wconf 76' lang='lat' dir='ltr'><strong>antiquitate</strong></span> <span class='ocrx_word' id='word_1_343' title='bbox 445 4077 595 4144; x_wconf 81' lang='lat' dir='ltr'><strong>perspicue</strong></span> <span class='ocrx_word' id='word_1_344' title='bbox 613 4086 708 4131; x_wconf 73' lang='lat' dir='ltr'><strong>erut.»</strong></span> <span class='ocrx_word' id='word_1_345' title='bbox 726 4075 771 4132; x_wconf 73' lang='lat' dir='ltr'><strong>Ad</strong></span> <span class='ocrx_word' id='word_1_346' title='bbox 790 4077 1025 4131; x_wconf 72' lang='lat' dir='ltr'><strong>declamationem</strong></span> <span class='ocrx_word' id='word_1_347' title='bbox 1043 4076 1136 4142; x_wconf 78' lang='lat' dir='ltr'><strong>igitur</strong></span> <span class='ocrx_word' id='word_1_348' title='bbox 1153 4075 1230 4142; x_wconf 91' lang='lat' dir='ltr'><strong>pole·</strong></span> 
     </span>
     <span class='ocr_line' id='line_1_39' title="bbox 73 4160 1228 4234; baseline 0 -19"><span class='ocrx_word' id='word_1_349' title='bbox 73 4160 164 4232; x_wconf 74' lang='lat' dir='ltr'><strong>uicem,</strong></span> <span class='ocrx_word' id='word_1_350' title='bbox 184 4164 234 4218; x_wconf 88' lang='lat' dir='ltr'><strong>sed</strong></span> <span class='ocrx_word' id='word_1_351' title='bbox 252 4180 309 4220; x_wconf 90' lang='lat' dir='ltr'><strong>non</strong></span> <span class='ocrx_word' id='word_1_352' title='bbox 334 4164 371 4220; x_wconf 83' lang='lat' dir='ltr'><strong>ed</strong></span> <span class='ocrx_word' id='word_1_353' title='bbox 390 4167 546 4220; x_wconf 76' lang='lat' dir='ltr'><strong>ueritatem</strong></span> <span class='ocrx_word' id='word_1_354' title='bbox 572 4167 809 4222; x_wconf 88' lang='lat' dir='ltr'><strong>eocommodetum</strong></span> <span class='ocrx_word' id='word_1_355' title='bbox 828 4169 886 4234; x_wconf 84' lang='lat' dir='ltr'><strong>est,</strong></span> <span class='ocrx_word' id='word_1_356' title='bbox 908 4165 982 4233; x_wconf 92' lang='lat' dir='ltr'><strong>quod</strong></span> <span class='ocrx_word' id='word_1_357' title='bbox 1001 4165 1105 4218; x_wconf 85' lang='lat' dir='ltr'><strong>scribit</strong></span> <span class='ocrx_word' id='word_1_358' title='bbox 1123 4161 1228 4230; x_wconf 73' lang='lat' dir='ltr'><strong>serry:</strong></span> 
     </span>
     <span class='ocr_line' id='line_1_40' title="bbox 75 4247 1230 4322; baseline 0.002 -21"><span class='ocrx_word' id='word_1_359' title='bbox 75 4247 207 4306; x_wconf 75' lang='lat' dir='ltr'><strong>sionsecs</strong></span> <span class='ocrx_word' id='word_1_360' title='bbox 224 4253 288 4307; x_wconf 84' lang='lat' dir='ltr'><strong>elte</strong></span> <span class='ocrx_word' id='word_1_361' title='bbox 305 4254 360 4308; x_wconf 88' lang='lat' dir='ltr'><strong>llle</strong></span> <span class='ocrx_word' id='word_1_362' title='bbox 383 4255 521 4309; x_wconf 71' lang='lat' dir='ltr'><strong>scientiae</strong></span> <span class='ocrx_word' id='word_1_363' title='bbox 539 4254 648 4309; x_wconf 86' lang='lat' dir='ltr'><strong>medies</strong></span> <span class='ocrx_word' id='word_1_364' title='bbox 669 4255 808 4322; x_wconf 80' lang='lat' dir='ltr'><strong>mysterio</strong></span> <span class='ocrx_word' id='word_1_365' title='bbox 830 4253 888 4307; x_wconf 88' lang='lat' dir='ltr'><strong>eibi</strong></span> <span class='ocrx_word' id='word_1_366' title='bbox 906 4254 941 4307; x_wconf 88' lang='lat' dir='ltr'><strong>eb</strong></span> <span class='ocrx_word' id='word_1_367' title='bbox 959 4253 1044 4306; x_wconf 81' lang='lat' dir='ltr'><strong>suuis</strong></span> <span class='ocrx_word' id='word_1_368' title='bbox 1067 4267 1155 4320; x_wconf 89' lang='lat' dir='ltr'><strong>suprs</strong></span> <span class='ocrx_word' id='word_1_369' title='bbox 1177 4249 1230 4304; x_wconf 85' lang='lat' dir='ltr'><strong>tri·</strong></span> 
     </span>
    </p>
   </div>
   <div class='ocr_carea' id='block_1_3' title="bbox 75 4334 1227 4504">
    <p class='ocr_par' dir='ltr' id='par_1_4' title="bbox 75 4334 1227 4504">
     <span class='ocr_line' id='line_1_41' title="bbox 75 4334 1227 4504; baseline 0 -110"><span class='ocrx_word' id='word_1_370' title='bbox 75 4334 142 4479; x_wconf 58' lang='lat' dir='ltr'><strong>{lolio</strong></span> <span class='ocrx_word' id='word_1_371' title='bbox 156 4343 285 4504; x_wconf 55' lang='grc' dir='ltr'><strong>πνοιῆς</strong></span> <span class='ocrx_word' id='word_1_372' title='bbox 297 4344 465 4411; x_wconf 66' lang='lat' dir='ltr'><strong>glorietur»</strong></span> <span class='ocrx_word' id='word_1_373' title='bbox 485 4342 527 4417; x_wconf 88' lang='lat'><strong>(1.</strong></span> <span class='ocrx_word' id='word_1_374' title='bbox 537 4345 575 4400; x_wconf 79' lang='grc' dir='ltr'><strong>Η.</strong></span> <span class='ocrx_word' id='word_1_375' title='bbox 585 4343 673 4412; x_wconf 66' lang='lat' dir='ltr'><strong>Serre</strong></span> <span class='ocrx_word' id='word_1_376' title='bbox 683 4345 794 4400; x_wconf 81' lang='lat' dir='ltr'><strong>Hister.</strong></span> <span class='ocrx_word' id='word_1_377' title='bbox 806 4341 910 4410; x_wconf 68' lang='lat' dir='ltr'><strong>(toust.</strong></span> <span class='ocrx_word' id='word_1_378' title='bbox 928 4342 963 4398; x_wconf 90' lang='lat' dir='ltr'><strong>de</strong></span> <span class='ocrx_word' id='word_1_379' title='bbox 974 4343 1073 4397; x_wconf 79' lang='lat' dir='ltr'><strong>Auxit.</strong></span> <span class='ocrx_word' id='word_1_380' title='bbox 1089 4339 1134 4396; x_wconf 90' lang='lat' dir='ltr'><strong>ed.</strong></span> <span class='ocrx_word' id='word_1_381' title='bbox 1147 4336 1227 4395; x_wconf 74' lang='lat'><strong>170⁹.</strong></span> 
     </span>
     <span class='ocr_line' id='line_1_42' title="bbox 116 4431 291 4502; baseline 0.029 -22"><span class='ocrx_word' id='word_1_382' title='bbox 116 4444 154 4482; x_wconf 84' lang='lat' dir='ltr'><strong>.c.</strong></span> <span class='ocrx_word' id='word_1_383' title='bbox 165 4431 190 4485; x_wconf 85' lang='lat'><strong>1.</strong></span> <span class='ocrx_word' id='word_1_384' title='bbox 201 4449 229 4502; x_wconf 92' lang='lat' dir='ltr'><strong>p.</strong></span> <span class='ocrx_word' id='word_1_385' title='bbox 238 4432 266 4486; x_wconf 73' lang='lat'><strong>4.</strong></span> <span class='ocrx_word' id='word_1_386' title='bbox 282 4469 291 4485; x_wconf 90' lang='lat'><strong>.</strong></span> 
     </span>
    </p>
   </div>
   <div class='ocr_carea' id='block_1_4' title="bbox 0 0 1620 5072">
    <p class='ocr_par' dir='ltr' id='par_1_5' title="bbox 0 0 1620 5072">
     <span class='ocr_line' id='line_1_43' title="bbox 0 0 1620 5072; baseline 0 0"><span class='ocrx_word' id='word_1_387' title='bbox 0 0 1620 5072; x_wconf 95' lang='lat' dir='ltr'><strong> </strong></span> 
     </span>
    </p>
   </div>
  </div>
 </body>
</html>
