3262 5076
528 391 566 404 ..
587 360 649 420 525
668 393 706 408 ..

46 465 215 554 paratione
231 463 441 553 gratiarum,
461 471 629 555 quantum
652 465 703 533 eis
727 464 937 555 recipiendis
959 462 1102 554 parvuli
1125 466 1209 529 sunt

44 593 196 660 capaces,
227 577 400 660 postrema
421 569 621 658 explicatur
645 570 934 640 consideratione.
961 569 1088 639 Gratia
1115 567 1208 636 vide·

42 677 115 746 licet
141 678 371 768 praeveniens
401 685 438 746 et
469 677 652 762 excitans,
687 701 774 770 quae
806 678 1003 748 immediate
1030 678 1210 747 confertur

42 787 178 872 adultis,
197 787 346 856 mediate
369 788 524 876 pertinet
547 787 590 855 ad
615 787 794 877 parvulos,
814 811 900 879 qnos
924 788 999 855 sive
1022 784 1210 875 diligentia

41 901 70 960 et
97 893 338 964 sollicitudine
369 895 444 962 sive
475 895 641 983 congruis
673 893 809 964 meritis
839 903 875 963 et
905 892 1209 983 impetrationibus

41 1001 233 1070 adultorum
250 1002 294 1069 ad
311 1001 463 1091 gratiam
478 1002 643 1092 baptismi
656 1001 845 1092 perducere
857 1003 952 1070 Deus
966 1001 1094 1069 voluit.
1107 999 1209 1068 Sicut

39 1132 113 1196 ergo
135 1108 280 1178 diversa
302 1115 357 1177 est
380 1117 416 1177 et
439 1099 623 1206 multiplex
654 1110 773 1199 gratia
804 1109 1029 1192 adultorum,
1055 1107 1110 1177 cui
1139 1107 1208 1198 ipsi

39 1214 140 1284 libere
164 1216 361 1284 consentire
386 1216 442 1284 vel
464 1217 629 1286 resistere
657 1223 803 1307 possunt
816 1242 831 1304 ;Ι
857 1217 911 1286 ita
939 1215 1123 1306 multiplex
1155 1220 1209 1283 est

43 1323 258 1412 providentia
287 1345 373 1414 erga
397 1323 585 1414 parvulos,
615 1324 711 1393 haud
739 1347 780 1394 ea
807 1325 944 1418 quidem
976 1324 1135 1393 seiuncta
1165 1323 1209 1389 ab

40 1429 230 1499 obedientia
245 1436 282 1500 ct
298 1430 434 1498 meritis
450 1429 663 1498 adultorum.
682 1461 698 1494 u
713 1429 798 1500 Cum
814 1431 1026 1522 quaerimus,
1041 1429 1207 1522 quomodo

39 1559 145 1606 ornnes
163 1536 320 1606 homines
337 1537 454 1606 salvos
470 1538 545 1606 fieri
564 1539 664 1621 velit,
683 1538 827 1629 quinon
844 1539 1002 1607 omnibus
1017 1537 1108 1606 illud
1123 1546 1206 1605 tcm-

41 1668 97 1734 pus
120 1645 304 1734 impertit,
332 1645 367 1713 in
394 1667 460 1736 quo
484 1669 545 1735 per
570 1645 810 1714 voluntariam
834 1646 937 1714 fidem
967 1645 1208 1736 percipiendae

39 1755 168 1842 gratiae
192 1754 267 1823 sint
290 1777 456 1844 capaces;
485 1777 550 1821 non
576 1753 775 1843 irreligiose
799 1753 954 1822 arbitror
976 1753 1072 1821 credi
1098 1775 1208 1844 neque

40 1861 317 1930 inconvenienter
341 1861 509 1952 intelligi,
529 1862 619 1953 quod
643 1861 706 1930 isti
730 1884 918 1952 paucorum
942 1860 1075 1928 dierum
1099 1859 1207 1926 homi·

39 1991 91 2036 nes
112 1969 157 2037 ad
182 1967 282 2036 illam
308 1969 508 2058 pertineant
530 1971 668 2059 gratiae
693 1975 840 2059 partem,
862 1989 950 2059 quae
975 1989 1107 2057 semper
1131 1966 1207 2034 uni·

42 2077 142 2145 versis
166 2077 401 2166 estimpensa
427 2077 653 2162 nationibus,
684 2097 753 2165 qua
781 2077 905 2167 utique
928 2075 960 2142 si
984 2075 1066 2142 bene
1089 2096 1207 2141 eorum

40 2191 217 2252 uterentur
248 2189 411 2272 parentes
440 2181 586 2274 (aliique
611 2182 800 2268 homines),
831 2181 936 2250 etiam
959 2179 1029 2270 ipsi
1052 2203 1113 2270 per
1136 2203 1206 2248 eos·

40 2291 106 2356 dem
130 2291 385 2358 iuvarentur...
414 2289 517 2359 Sicut
541 2298 655 2358 autem
681 2291 776 2359 eirca
791 2291 938 2358 maiores
954 2295 1092 2379 praeter
1108 2287 1207 2356 illam

42 2396 228 2484 generalem
261 2396 413 2485 gratiam
437 2395 578 2485 parcius
601 2404 706 2488 atque
729 2396 901 2465 occultius
925 2394 1076 2464 omnium
1100 2394 1206 2462 homi-

42 2524 111 2569 num
136 2503 245 2571 eorda
261 2502 471 2592 pulsantem,
489 2501 735 2572 excellentiore
750 2524 864 2592 opere,
882 2501 1036 2591 largiore
1052 2523 1204 2584 munere,

44 2609 229 2694 protentione
243 2609 378 2678 virtute
393 2609 529 2678 vocatio
544 2609 706 2699 specialis
717 2609 906 2696 exseritur,
925 2609 977 2677 ita
993 2609 1097 2676 etiam
1114 2610 1208 2677 eirca

43 2715 234 2784 innumeros
257 2715 424 2805 parvulos
450 2715 565 2784 eadem
592 2715 840 2784 manifestatur
863 2715 998 2784 electio.
1018 2714 1115 2797 Quae
1132 2715 1206 2806 qui-

42 2821 106 2889 dem
127 2846 191 2893 nec
220 2823 306 2908 illis,
334 2823 393 2914 qui
417 2824 531 2892 renati
557 2845 625 2891 non
653 2827 748 2906 sunt,
775 2823 811 2890 in
835 2822 1040 2912 parentibus
1063 2821 1203 2890 defuit»

42 2927 121 2998 l.II.
136 2954 167 3000 c.
182 2929 243 3000 23.

97 3037 181 3106 Cum
204 3038 270 3106 hao
285 3038 453 3106 librorum
478 3039 519 3105 de
537 3037 659 3106 Vocat.
676 3045 772 3126 gent.
792 3036 953 3106 doctrina
969 3059 1037 3104 non
1057 3043 1203 3127 pugnat,

43 3145 92 3212 sed
116 3145 221 3212 immo
245 3145 386 3236 egregie
410 3144 581 3214 consentit
606 3143 866 3234 S.Fulgentius
882 3144 923 3212 de
940 3143 1205 3234 Veritpracdc-

44 3252 117 3320 stin.
132 3253 157 3322 l.
176 3253 209 3320 1.
226 3275 276 3322 cc.
292 3253 392 3339 9-11;
418 3275 457 3321 eo
481 3258 597 3321 tarum
622 3251 836 3336 discrimine,
863 3252 953 3344 quod
976 3251 1135 3341 postulat
1156 3251 1206 3320 di·

46 3381 157 3428 versus
182 3361 369 3452 utriusque
393 3383 528 3450 scopus.
554 3360 690 3428 Auctor
713 3360 804 3428 enim
828 3359 998 3428 librorum
1020 3360 1063 3428 de
1082 3360 1205 3429 Vocat.

44 3474 128 3552 gent.
147 3467 364 3558 propositum
390 3467 494 3536 babet
517 3467 709 3551 declarare,
738 3467 854 3559 qualis
878 3467 926 3534 sit
951 3467 1114 3536 voluntas
1140 3467 1207 3536 sal-

46 3573 138 3642 vifica
161 3574 209 3641 ad
233 3596 349 3643 omnes
378 3575 567 3664 pertinens;
595 3575 821 3665 Fulgentius,
848 3581 888 3642 nt
910 3575 1113 3666 plerumque
1136 3574 1208 3642 Au·

44 3683 217 3766 gostinus,
245 3703 284 3750 eo
307 3689 463 3772 spectat,
489 3691 530 3748 ut
553 3683 703 3772 gratiam
729 3691 764 3750 et
788 3681 1139 3772 praedestinationem
1163 3681 1207 3748 ad

44 3789 183 3872 gratiam
210 3789 423 3857 demonstret
446 3789 644 3878 gratuitum
668 3811 742 3856 esse
772 3788 986 3873 beneficium,
1013 3811 1080 3856 non
1105 3795 1206 3855 natu-

45 3893 167 3963 ralibus
201 3895 336 3963 meritis
367 3895 520 3964 debitam
552 3896 830 3965 retributionem.
864 3895 963 3963 Unde
993 3894 1206 3983 Fulgentius

46 4003 144 4091 magis
172 4002 371 4072 considerat
399 4005 628 4093 gratuitatem
653 4005 811 4074 beneficii
836 4005 871 4072 in
896 4001 1124 4085 infantibus,
1146 4003 1207 4094 qui

48 4108 149 4177 alteo
172 4109 415 4200 perducuntur
442 4111 486 4178 ad
517 4111 725 4201 baptismum
752 4135 813 4202 per
843 4114 964 4178 bonam
990 4108 1204 4180 voluntatem

48 4212 168 4284 adultis
199 4217 432 4307 inspiratam,
458 4223 494 4286 et
517 4217 745 4286 inscrutabile
776 4217 944 4286 iudicium
969 4216 1004 4282 in
1029 4215 1112 4300 aliis
1138 4239 1206 4284 nou

50 4315 238 4408 baptizatis,
258 4343 343 4414 quos
366 4324 472 4407 Deus,
497 4323 583 4391 licet
604 4323 858 4413 negligentiam
883 4329 918 4391 et
941 4321 1078 4412 culpam
1099 4321 1207 4389 bomi-

49 4444 117 4492 num
133 4451 200 4495 non
216 4429 306 4498 velit
322 4429 381 4498 sed
398 4429 507 4497 solum
525 4430 720 4518 permittat,
740 4429 914 4520 potuisset
928 4435 1042 4496 mmen
1060 4436 1097 4496 et
1113 4427 1206 4517 ipsos
