3240 5064
540 383 578 398 -
599 353 660 414 279
681 384 718 398 -

56 465 254 552 mmeepturn
271 461 455 550 proprium
477 457 668 549 positivum
685 458 791 527 huius
806 459 895 527 Esse
909 459 1036 545 divini,
1055 461 1139 552 quia
1154 484 1222 530 non

54 568 250 639 immediate
273 567 310 636 in
335 589 371 636 se
394 565 587 656 cognitioni
609 572 750 634 nostrae
773 566 951 652 obiicitur,
969 567 1029 638 sed
1045 568 1156 638 solnm
1179 591 1220 638 ex

54 677 238 746 effectibus
260 676 453 766 aequivocis
481 672 632 758 (ordinis
661 673 766 741 abeo
790 673 996 761 diversi)et
1028 698 1071 744 ex
1104 675 1222 745 adum·

55 785 272 854 trationibus
295 788 332 850 et
353 779 646 850 similitudinibus
677 779 902 848 concludendo
927 782 1221 868 (orutiocinatio

53 917 131 961 num
154 898 258 962 tactu
276 919 293 954 r
313 890 386 960 vid.
406 911 514 980 supra
537 914 570 981 p.
583 888 678 974 151.)
695 888 786 958 illud
809 889 1029 980 attingimus.
1048 893 1139 960 Hinc
1160 893 1224 962 Pa·

54 1009 121 1070 tres
144 1001 293 1084 docent,
319 1001 350 1067 si
373 1023 430 1065 eos
453 1003 653 1088 spectetur,
680 997 770 1088 quod
794 1005 962 1088 conceptu
983 1003 1126 1088 proprio
1160 989 1222 1090 per

53 1108 322 1177 abstractionem
352 1128 394 1174 ax
426 1104 556 1174 creatis
586 1103 685 1172 nobis
715 1102 924 1189 exhibetur,
951 1107 1060 1176 Deum
1085 1108 1221 1196 concipi

53 1217 173 1285 debere
196 1237 261 1305 per
290 1215 505 1302 necationem
526 1219 563 1280 et
592 1236 654 1303 per
676 1211 844 1302 ὑπεροχην,
872 1215 1122 1306 dicendumque
1153 1239 1221 1284 uon

54 1348 122 1392 esse
145 1347 204 1390 ene
229 1330 265 1391 et
280 1343 354 1390 esse
369 1345 472 1411 super
494 1325 609 1388 omniu
633 1325 728 1388 cutio
744 1327 867 1412 (supra
881 1323 934 1392 th.
949 1323 1035 1390 XII.
1050 1323 1217 1411 xxm).

114 1433 161 1499 2⁰.
188 1431 387 1500 Discrimen
411 1437 466 1498 est
487 1429 664 1498 infinitum
690 1431 827 1521 inipso
857 1431 1049 1500 intrinseca
1084 1433 1222 1502 ratione

57 1543 152 1622 eatis,
167 1563 213 1608 ex
237 1561 306 1632 quo
328 1539 390 1606 ille
414 1537 534 1605 modus
556 1537 718 1607 diversus
734 1539 950 1629 concipiendi
972 1541 1098 1610 oritur.
1117 1541 1222 1610 Ratio

57 1651 116 1721 illa
140 1653 254 1731 erutis,
280 1669 381 1740 quam
406 1647 551 1737 primam
575 1653 611 1715 et
646 1649 711 1714 sub
734 1669 802 1739 qua
825 1649 938 1716 omnia
970 1673 1064 1719 mens
1100 1657 1222 1718 nostra

57 1761 217 1851 concipit,
243 1755 523 1825 abstractissima
537 1759 603 1838 est,
623 1763 785 1822 constane
809 1755 935 1846 quippe
959 1763 1041 1825 note
1064 1759 1168 1827 unica
1184 1759 1220 1826 in

58 1867 266 1958 oppositione
289 1864 334 1932 ad
357 1886 424 1928 uon
447 1885 525 1943 ens,·
548 1861 699 1952 adeoquo
722 1869 777 1930 est
802 1867 990 1930 intensione
1013 1865 1166 1950 minima,
1187 1873 1223 1935 et

58 1982 235 2066 propterca
257 1973 336 2041 eius
358 1969 610 2038 universalitas
627 1992 687 2036 seu
706 1973 856 2035 extensio
872 1977 928 2038 est
943 1973 1104 2059 maxima;
1123 1995 1221 2064 repe·

60 2084 143 2153 ritur
164 2083 259 2152 enim
284 2082 321 2148 in
345 2079 502 2147 omnibus
518 2099 604 2168 quae
622 2085 706 2146 sunt
722 2078 777 2146 vel
795 2079 944 2167 cogitari
968 2089 1126 2170 possunt,
1145 2105 1220 2172 per·

58 2191 164 2260 tineus
186 2189 233 2258 ad
257 2209 375 2256 eorum
398 2185 623 2253 intrinsecam
648 2184 827 2252 formalem
851 2185 1033 2255 rationem:
1059 2192 1220 2279 quamvis

61 2299 91 2363 in
113 2321 178 2365 esse
199 2293 336 2365 actuali
360 2291 579 2381 singulorum
603 2315 671 2359 non
695 2291 764 2359 nisi
795 2314 856 2360 cns
891 2293 1159 2365 determinatum
1181 2299 1220 2366 in

60 2409 209 2474 concreto
233 2399 422 2470 secundum
445 2397 621 2487 propriam
645 2397 769 2489 cuique
801 2399 971 2468 rationem
993 2407 1030 2470 et
1064 2403 1221 2474 diversos

61 2509 336 2601 participationis
366 2505 498 2594 gradus
528 2511 666 2574 exstme
700 2507 829 2595 possit,
856 2530 877 2576 a
900 2510 1028 2602 quibus
1060 2515 1219 2584 omnibns

61 2615 400 2686 determinationibus
423 2613 655 2681 abstrahendo
671 2611 872 2684 intellectus
887 2619 1001 2686 nostri
1021 2621 1219 2710 operatione

61 2725 161 2814 ipsam
176 2723 275 2793 illam
291 2723 403 2791 ideam
418 2720 510 2789 entis
526 2719 739 2806 universalis
753 2723 978 2814 concipimus.
993 2725 1122 2797 Contra
1138 2751 1220 2799 vero

63 2856 110 2899 ene
131 2831 221 2924 quod
236 2833 332 2900 Deus
353 2835 418 2913 est,
443 2827 481 2895 in
505 2827 582 2917 ipsa
606 2849 670 2896 soa
694 2831 829 2900 ratione
853 2836 940 2899 entis
963 2841 1018 2903 est
1040 2835 1220 2925 plenitudo

62 2941 162 3009 omnis
183 2939 363 3009 absolutae
394 2935 637 3026 perfectionis3
664 2943 700 3003 et
723 2937 799 3006 ideo
830 2941 1020 3008 intensione
1042 2943 1219 3014 infinitum

62 3055 107 3115 est
127 3053 230 3141 atque
253 3069 315 3138 per
338 3045 428 3114 hanc
451 3046 560 3136 ipsam
584 3043 752 3113 rationem
775 3047 867 3115 entis
883 3049 1036 3119 absoluti
1059 3053 1219 3122 determi-

62 3163 170 3224 natum
192 3155 237 3224 ad
262 3177 330 3220 esse
352 3150 640 3242 singularitatis,
667 3153 724 3220 cui
749 3153 996 3244 multiplicatio
1027 3157 1219 3230 intrinsece

64 3269 235 3352 repugnat.

119 3369 234 3460 Igitur
255 3367 309 3436 3¹⁰.
328 3366 537 3456 simplicitas
560 3369 649 3432 entis
666 3370 703 3432 ic
719 3371 884 3434 communi
898 3374 953 3437 est
973 3373 1140 3461 negativa
1155 3398 1219 3466 per

65 3475 321 3546 abstractionem
345 3474 389 3541 ab
411 3472 569 3540 omnibus
592 3472 865 3562 perfectionibus
889 3475 1156 3567 determinatis,
1183 3489 1220 3552 et

65 3642 247 3694 stantialiter
265 3643 311 3693 est
331 3656 413 3692 ens...
427 3637 482 3692 Sed
503 3637 653 3692 secundum
674 3637 726 3692 hoc
744 3638 843 3705 aliqua
862 3638 997 3695 dicuntur
1015 3642 1119 3698 addere
1133 3662 1220 3714 supra

66 3745 112 3790 ses,
131 3731 159 3782 in
178 3733 317 3798 qnantum
335 3730 500 3796 exprimunt
519 3729 611 3796 ipsius
633 3727 752 3796 modum,
769 3729 819 3795 qui
833 3730 946 3783 nomine
967 3731 1059 3798 ipsius
1079 3736 1219 3790 entisnon

68 3821 248 3884 exprimitur„
264 3825 318 3873 ete.
333 3819 363 3873 S.
373 3820 426 3872 rh.
437 3819 471 3872 da
484 3819 570 3872 verit.
585 3835 612 3886 q.
626 3819 651 3874 l.
664 3837 690 3873 a.
703 3821 728 3874 1.
742 3823 773 3873 Θ.
790 3839 802 3866 a
817 3819 876 3874 ltus
891 3821 965 3888 quod
978 3827 1024 3876 est
1034 3825 1156 3891 primum
1169 3841 1221 3894 per

67 3911 294 3976 communitatem,
319 3926 380 3963 oum
399 3911 441 3962 sit
458 3909 534 3962 idem
553 3925 603 3977 per
621 3909 775 3964 essentiam
799 3909 841 3964 rel
860 3911 988 3978 cuilibet,
1009 3914 1120 3968 nullius
1139 3913 1219 3989 (rei)

68 3999 260 4064 proportionem
282 3998 406 4066 excedit,
427 4003 457 4052 at
474 3999 538 4052 idec
557 4001 587 4052 in
610 3999 772 4064 cognitione
786 3999 943 4052 cuiuslibet
958 4001 1000 4054 rel
1013 4002 1105 4070 ipsum
1119 4021 1218 4072 cogno

69 4087 150 4142 autur.
168 4089 221 4144 Sed
240 4091 300 4144 Eue
320 4089 395 4158 quod
409 4095 454 4143 est
466 4093 587 4158 primun
601 4089 781 4156 causalitate,
798 4089 912 4144 excedit
924 4090 1219 4160 improportionaliter

71 4189 149 4231 omres
167 4181 239 4235 alias
258 4196 321 4246 res,
342 4180 416 4232 unde
437 4197 487 4246 per
505 4182 616 4234 nulllus
636 4181 758 4234 alterius
777 4183 968 4247 coguitionem
988 4185 1158 4240 sufficienter
1175 4203 1216 4241 co·

70 4267 149 4326 tutati
165 4273 269 4337 potest.
294 4271 332 4323 lit
350 4269 413 4322 ldeo
432 4269 462 4322 in
483 4273 561 4324 statu
585 4271 659 4338 viee',
681 4271 711 4322 in
732 4287 786 4337 qno
806 4287 856 4338 per
875 4271 982 4340 species
1002 4289 1019 4326 a
1038 4275 1123 4330 rebus
1147 4277 1216 4330 abe-

71 4353 157 4410 auus
170 4357 380 4426 intelligimus,
400 4359 594 4424 cognominus
613 4375 661 4411 ene
683 4373 823 4412 commuue
842 4359 1027 4428 sufficienter,
1049 4377 1104 4416 nom
1124 4368 1218 4419 autem

73 4453 110 4494 tre
125 4446 274 4502 tumtum
285 4469 301 4497 e
314 4448 389 4502 ibid.
404 4465 435 4516 q.
446 4449 490 4502 io.
504 4464 531 4500 a.
544 4449 589 4502 11.
602 4448 639 4500 ad
652 4447 696 4500 lt.
