3394 5056
915 347 952 362 -
974 315 1015 376 70
1034 345 1072 360 ..

408 425 590 505 conantur,
608 421 645 490 in
662 419 859 511 Scripturis
875 419 1108 508 cognitionem
1122 417 1186 486 Dei
1198 415 1389 486 traditione
1405 421 1594 506 acceptam

407 529 568 618 supponi,
586 537 623 596 et
644 527 735 595 illud
753 549 861 594 unum
884 525 1012 609 doceri,
1038 524 1207 594 rationem
1226 523 1295 590 iam
1313 523 1379 592 fide
1395 523 1450 590 sin
1467 521 1595 589 minus

408 633 670 726 supernaturali
694 640 787 704 certa
803 632 959 701 naturali
977 632 1199 701 informatam
1222 653 1321 722 posse
1344 654 1385 700 ex
1409 627 1595 699 creaturis
1655 650 1658 740 p

408 749 445 812 et
460 744 496 811 in
510 741 683 812 creaturis
706 741 872 810 veritatis
896 739 1048 810 creditae
1065 740 1361 809 confirmationem
1376 747 1413 808 et
1426 736 1596 826 recogni·
1657 746 1659 840 p

407 849 537 918 tionem
560 849 724 939 reperire.
750 847 864 940 Atqui
886 847 1086 916 testimonia
1109 847 1274 938 superius
1296 845 1476 938 proposita
1494 844 1595 912 hauc
1657 841 1660 936 i

408 955 732 1046 interpretationem
755 955 854 1023 nullo
878 953 980 1023 modo*
995 954 1200 1024 admittunt.
1660 940 1661 1030 i

476 1063 510 1132 1⁰
525 1065 697 1132 Probatur
723 1077 922 1152 orpameoto
947 1064 1106 1150 raspativo
1119 1110 1129 1143 ‚
1148 1061 1239 1154 quod
1262 1061 1300 1128 in
1324 1059 1503 1150 praesenti
1519 1079 1595 1125 ma·
1660 1036 1662 1120 i

408 1171 500 1241 teria
521 1181 558 1240 et
579 1178 735 1260 spectato
752 1170 860 1254 modo,
879 1193 947 1262 quo
963 1170 999 1238 in
1017 1167 1213 1258 Scripturis
1228 1167 1413 1236 rationalis
1429 1165 1596 1257 cognitio

408 1280 615 1350 existentiae
639 1279 704 1346 Dei
727 1279 940 1361 declaratur,
967 1299 1005 1346 rs
1028 1277 1106 1366 ipsa
1128 1283 1184 1345 est
1206 1285 1451 1366 argumentum
1467 1274 1595 1342 exolu-
1664 1326 1665 1362 p

409 1387 493 1458 dans
528 1387 745 1478 suppositam
775 1387 819 1452 ab
849 1385 1064 1454 adversariis
1094 1383 1336 1453 necessitatem
1365 1383 1591 1452 traditionis.
1665 1422 1666 1454 ι

407 1495 517 1565 Nullo
539 1493 576 1562 in
600 1494 675 1562 looo
698 1491 758 1560 ubi
783 1494 824 1562 de
847 1493 1047 1582 cognitione
1069 1491 1279 1562 existentiae
1295 1493 1359 1561 Dei
1383 1515 1424 1560 ex
1448 1499 1594 1560 creatu·
1666 1518 1667 1528 ι

407 1603 460 1672 ris
482 1624 594 1670 sermo
616 1609 682 1686 est,
708 1601 819 1669 ullum
843 1609 897 1669 est
913 1601 1116 1690 vestigium,
1135 1599 1211 1668 ulla
1227 1601 1353 1669 mentio
1369 1599 1595 1669 necessarias
1667 1617 1668 1620 ’

409 1708 637 1778 revelationis
659 1709 832 1798 positivae
855 1709 932 1778 sive
955 1708 1179 1796 traditionis;
1206 1707 1265 1776 sed
1289 1731 1422 1798 semper
1445 1715 1487 1776 at
1521 1707 1593 1776 ele·

409 1823 525 1886 menta
548 1818 744 1884 necessaria
767 1822 804 1886 et
826 1815 1036 1885 sufficientia
1059 1815 1103 1883 ad
1127 1837 1201 1884 eam
1233 1816 1465 1906 cognitionem
1497 1839 1593 1884 com·

410 1925 599 2016 parandam
624 1934 802 2016 ponuntur
825 1920 907 1993 hino
923 1931 1052 1993 natura
1068 1923 1265 2008 rationalis,
1283 1923 1363 1993 inde
1380 1924 1594 1992 universum

411 2041 453 2101 ut
476 2033 638 2118 medium,
657 2055 718 2123 per
733 2033 823 2125 quod
846 2033 940 2102 Deus
956 2055 992 2101 se
1009 2033 1220 2118 manifestet,
1246 2043 1282 2102 et
1304 2055 1347 2102 ex
1371 2055 1437 2125 qao
1461 2055 1593 2121 cogno-

412 2147 534 2208 scatur
550 2140 612 2228 (1).
632 2141 749 2232 Atque
772 2141 856 2209 adeo
880 2163 940 2230 per
957 2139 1279 2224 considerationem,
1299 2162 1369 2232 qua
1384 2139 1475 2207 ratio
1493 2140 1594 2206 circa

411 2245 476 2316 hoc
500 2249 712 2337 aspectabile
735 2248 939 2316 universum
964 2257 1151 2332 versatur,
1177 2247 1310 2317 dicitur
1340 2245 1404 2315 Dei
1443 2247 1592 2315 manife-

412 2355 521 2422 statio
537 2355 574 2422 in
590 2365 672 2424 actu
695 2357 845 2424 secundo
869 2355 1046 2446 compleri:
1069 2385 1085 2420 ι
1104 2355 1196 2448 quod
1220 2365 1339 2424 notum
1356 2365 1410 2424 ast
1426 2356 1516 2442 (sive
1537 2377 1592 2422 co-

412 2463 618 2552 gnoscibile)
631 2463 708 2548 Dei,
721 2463 942 2531 manifestum
952 2464 1049 2532 estin
1066 2463 1168 2532 illisa
1187 2459 1320 2556 (φανεριν
1329 2457 1408 2527 ἐστιν
1420 2457 1449 2526 ἓν
1458 2457 1588 2548 ductu).

414 2571 504 2639 Tum
527 2594 634 2640 causa
668 2573 887 2658 enuntiatur,
914 2595 982 2666 qua
1012 2573 1055 2641 fit
1079 2573 1320 2643 manifestum:
1341 2603 1356 2637 ι
1374 2573 1469 2642 Deus
1496 2571 1592 2640 enim

411 2679 487 2748 illis
518 2680 794 2750 manifestavit»
818 2677 1005 2773 (ὶφιιιεριισε)
1018 2703 1030 2762 3
1055 2681 1179 2750 deinde
1213 2681 1335 2750 modus
1358 2689 1396 2750 et
1417 2680 1593 2750 elementa

411 2787 707 2858 manifestationis
730 2789 991 2858 describuntur:
1012 2817 1028 2854 ι
1046 2787 1245 2857 invisibilia
1266 2789 1357 2857 enim
1384 2789 1497 2880 ipsius
1527 2811 1593 2880 per

412 2916 453 2964 aa
476 2917 564 2987 quaa
588 2897 683 2966 facta
707 2905 806 2980 suot,
832 2896 1012 2966 intellecta
1035 2895 1334 2988 conspiciuntur»
1356 2891 1427 2983 (τοις
1444 2919 1593 2982 serapam

412 3027 551 3090 νισιμενα
568 3004 766 3095 καθορᾶται).
785 3005 854 3074 Res
876 3005 1107 3095 aspectabiles
1131 3011 1216 3073 suut
1238 3003 1401 3088 medium,
1419 3005 1520 3074 cuius
1536 3006 1592 3074 in-

411 3111 611 3180 tellectione
635 3111 832 3182 invisibilia
855 3113 919 3182 Dei
943 3113 1091 3182 veniunt
1113 3111 1150 3180 iu
1174 3111 1404 3196 intellectum,
1423 3119 1460 3181 et
1476 3121 1592 3182 mente

413 3217 676 3307 conspiciantur
699 3217 798 3285 Rom.
816 3216 846 3285 Ι.
867 3217 1006 3288 Pariter
1029 3219 1066 3286 in
1082 3218 1172 3286 libro
1196 3217 1278 3309 Sap.
1297 3221 1470 3290 statuitur
1486 3243 1591 3309 gene·

414 3324 488 3394 rale
512 3323 735 3413 principium:
758 3351 774 3387 ιι
792 3332 907 3412 potest
930 3333 1067 3394 creator
1084 3325 1197 3394 videri
1214 3327 1258 3393 ab
1275 3323 1443 3395 hominen
1463 3327 1491 3414 (ὁ
1506 3351 1592 3418 γενε-

416 3453 551 3522 σιειιργις
568 3426 662 3494 άντων
674 3429 850 3522 θεωρεῖται)
857 3451 868 3512 3
886 3431 1054 3501 definitur
1085 3431 1297 3522 cognitionis
1327 3435 1489 3504 medium:
1511 3464 1529 3500 ιι
1547 3457 1591 3504 ex

416 3537 658 3628 magnitudine
674 3545 712 3608 et
727 3539 840 3628 specie
853 3548 1094 3610 creaturarum
1112 3569 1127 3606 ιι
1148 3537 1193 3625 (ἐκ
1209 3539 1358 3628 μεγεθους
1374 3567 1425 3608 και
1441 3541 1592 3615 auditune

416 3645 599 3731 κτισματων)
606 3667 617 3726 3
628 3646 772 3714 additur
785 3648 905 3716 modus
917 3649 1140 3738 cognitionis:
1156 3647 1317 3736 cognosci
1330 3649 1557 3718 concludendo
1570 3675 1593 3720 a

377 3778 382 3787 ¹
415 3753 589 3822 creaturis
611 3754 655 3822 ad
671 3763 860 3823 creatorem
888 3751 1055 3844 (ἁναλιγως
1071 3754 1258 3848 θεωρεῖται).
1279 3757 1334 3826 Ex
1351 3759 1415 3828 hoo
1432 3759 1590 3849 generali

415 3862 589 3952 principio
600 3860 903 3951 reprehenduntur
915 3864 1082 3950 homines,
1094 3865 1152 3957 qui
1165 3865 1275 3933 Deum
1289 3875 1477 3937 creatorem
1492 3867 1591 3958 igno·

414 3975 508 4054 rant,
530 3999 546 4032 ι
558 3971 618 4060 qui
634 3992 701 4036 nou
717 3969 969 4040 intellexerunt
984 3995 1062 4040 eum
1079 3973 1139 4065 qui
1154 3981 1208 4042 ast
1225 3972 1288 4060 (2).
1302 4000 1319 4036 ι
1336 3973 1518 4044 Undenam
1533 3999 1590 4066 po·

480 4147 523 4223 (l)
541 4149 585 4205 Gi.
599 4151 683 4217 areg.
697 4151 735 4204 Μ.
750 4153 851 4206 lioral.
867 4153 1058 4208 1.xxvl1.o.
1073 4153 1100 4207 ὅ.

481 4237 524 4312 (2)
538 4235 602 4292 ’trax
624 4237 743 4312 ι’σχισιιι
764 4239 857 4296 isaram
878 4259 935 4297 non
958 4250 1116 4312 potuerunt
1137 4246 1320 4314 intelligere,
1340 4247 1513 4316 impotentia
1533 4249 1590 4302 cul·

418 4331 510 4400 pabili
533 4331 602 4398 qnia
623 4333 802 4400 voluntaria,
828 4349 911 4403 quam
934 4335 1041 4388 Paulus
1064 4336 1191 4403 explicat
1213 4335 1364 4389 disertius:
1383 4358 1395 4384 ιι
1412 4353 1468 4390 non
1489 4339 1590 4405 probs·

418 4425 525 4476 vcruut
536 4423 625 4476 Deum
638 4421 744 4477 habers
755 4423 786 4476 tn
803 4425 923 4492 notitia,
938 4445 950 4474 ι
966 4425 1011 4480 toz
1026 4425 1187 4496 ὄδιιιμασιιι
1201 4441 1259 4480 nou
1280 4427 1518 4494 msfimarsrunt,
1534 4443 1589 4482 non
