3360 5060
583 385 618 396 -
639 353 700 412 053
723 384 760 396 -

89 454 326 524 voluntariam
354 457 418 525 Dei
443 459 792 547 praedestinationem
880 457 985 528 tertio
1013 456 1200 549 utriusque
1222 458 1261 526 fi-

87 586 208 632 nem...
235 564 332 632 Dicit
355 587 451 654 ergo,
477 566 568 657 quod
592 566 790 636 huiusmodi
813 566 933 655 gratia
962 565 1264 654 superabundavit

86 669 125 736 in
150 670 260 754 nobis,
286 677 321 738 et
343 671 434 762 quod
457 671 493 738 in
518 673 658 742 Christo
682 674 796 742 omnia
818 677 1021 742 restaurata
1043 679 1175 740 sunt...
1195 695 1264 740 non

87 779 221 845 nostris
255 779 390 848 meritis
414 780 473 848 sed
496 779 620 850 divina
641 781 808 850 electione
881 780 1009 849 Gratia
1038 785 1156 848 autem
1187 779 1264 848 eius

87 908 109 950 a
134 885 209 954 sola
232 886 355 954 divina
385 885 566 956 voluntate
601 889 770 978 dependet
846 887 930 979 quia
960 887 1054 955 Deus
1131 909 1199 956 non
1221 909 1264 955 ex

87 991 242 1062 alicuius
266 995 403 1064 meritis
426 1017 487 1085 per
510 998 661 1084 gratiam
685 997 858 1065 internam
886 1003 999 1065 vocat.
1029 996 1162 1066 Deinde
1186 1017 1265 1064 cnm

88 1100 202 1170 dicit:
227 1103 478 1191 praedestinati
502 1104 690 1174 secundnm
715 1105 928 1195 propositum
953 1104 1151 1174 voluntatis
1173 1103 1262 1186 eius,

88 1210 192 1298 ponit
215 1210 450 1278 voluntariam
474 1211 539 1281 Dei
570 1212 943 1302 praedestinationem,
969 1213 1103 1306 deque
1133 1211 1266 1281 dicitur

88 1316 191 1384 Rom.
209 1316 311 1384 VIII.
331 1316 387 1386 30:
413 1341 498 1410 qnos
521 1319 810 1408 praedestinavit,
838 1319 900 1387 hos
923 1325 959 1388 et
982 1319 1136 1390 vocavit.
1156 1317 1265 1386 Cuius

89 1423 232 1514 quidem
256 1425 587 1514 praedestinationis
611 1432 665 1513 (ut
689 1450 862 1511 vocemur,
888 1427 944 1496 vel
970 1451 1057 1518 quae
1073 1427 1198 1496 saltem
1213 1425 1265 1492 in·

88 1531 206 1600 cludit
228 1532 338 1622 ipsam
373 1533 519 1622 primam
550 1535 779 1618 vocationem)
811 1537 902 1603 ratio
934 1559 1001 1602 non
1026 1540 1110 1604 sunt
1141 1533 1266 1604 merite

88 1642 224 1727 nostrai
244 1640 303 1709 sed
319 1663 413 1708 mera
427 1640 492 1708 Dei
510 1639 715 1710 voluntas...
735 1642 867 1710 Ultimo
884 1644 1003 1732 tangit
1019 1643 1120 1710 tinem
1134 1641 1266 1710 utrius·

89 1772 172 1842 que,
198 1748 335 1817 scilicet
358 1749 688 1838 praedestinationis
710 1757 746 1819 et
771 1751 983 1834 vocationis,
1010 1757 1092 1821 ut...
1121 1773 1182 1840 per
1205 1769 1267 1818 noa

90 1858 153 1950 qui
178 1857 351 1926 credimus
382 1857 419 1924 in
442 1856 595 1940 Christo,
621 1857 784 1929 landetur
807 1858 923 1947 gloria
946 1859 1011 1926 Dei
1090 1858 1184 1926 Laus
1210 1877 1268 1924 au·

89 1974 164 2036 tem
188 1965 321 2056 gloriae
344 1966 409 2035 Dei
433 1973 498 2050 est,
517 1989 594 2036 cum
611 1967 714 2035 multi
730 1969 963 2058 acquiruntur
979 1968 1023 2036 ad
1040 1967 1154 2048 fidem,
1174 1966 1269 2035 sicut

89 2073 210 2164 gloria
233 2073 358 2142 medici
381 2079 446 2158 est,
473 2097 550 2143 cnm
573 2074 702 2144 multos
725 2073 880 2166 anquirit
902 2081 938 2144 et
961 2082 1112 2144 curata
1138 2075 1188 2144 Ut
1210 2073 1270 2144 hic

90 2181 321 2272 intelligatur
351 2183 624 2272 praedestinatio
646 2185 690 2253 ad
721 2185 869 2274 gloriam
904 2206 981 2251 cum
1012 2183 1271 2273 praecisiones

91 2287 415 2378 praedestinatione
438 2289 483 2357 ad
507 2291 721 2358 vocationem
745 2297 781 2358 et
803 2291 846 2358 ad
871 2290 1043 2379 gratiam,
1069 2297 1105 2359 et
1128 2290 1194 2358 illa
1218 2291 1269 2360 di·

91 2403 199 2464 catur
222 2418 297 2465 esse
320 2401 400 2464 ante
423 2397 548 2464 merita
571 2399 721 2486 gratiae,
746 2420 814 2467 non
839 2397 949 2466 solum
973 2397 1102 2466 falsum
1132 2403 1187 2467 est
1210 2398 1271 2468 sed

90 2501 296 2572 ridiculum.
323 2503 485 2573 Ordinem
510 2503 604 2573 inter
628 2505 753 2574 merita
786 2505 923 2595 gratiae
947 2511 982 2574 et
1005 2505 1098 2574 inter
1128 2506 1269 2596 praede·

91 2610 322 2681 stinationem
346 2611 479 2700 gloriae
509 2613 651 2682 seorsim
684 2619 873 2703 spectatam
909 2614 1014 2681 habes
1038 2637 1059 2682 a
1081 2613 1118 2682 S.
1138 2613 1272 2682 Thema

92 2719 338 2809 limpidissime
360 2719 554 2809 expositum
579 2720 725 2790 lectione
741 2720 771 2788 Ι.
798 2721 836 2788 in
859 2720 948 2789 hanc
972 2719 1154 2811 epistolam
1176 2718 1268 2810 Eph.

91 2825 410 2916 (u.v11.p.92.),
436 2849 536 2917 quem
559 2826 672 2896 locum
695 2827 858 2917 superine
880 2827 1122 2917 descripimus.

166 2935 211 3003 2⁰.
238 2935 407 3004 Remanet
430 2933 557 3023 duplex
582 2934 760 3004 doctrinae
783 2942 890 3024 capnt
920 2957 997 3004 cum
1032 2934 1271 3025 superioribus

93 3044 378 3134 componendum,
397 3043 558 3112 doctrina
573 3043 710 3112 scilicet
720 3043 886 3132 Argolici
899 3042 939 3109 ds
954 3042 1160 3110 certitudine
1171 3029 1272 3134 prn's·

95 3152 357 3232 destinationis,
382 3157 486 3243 atque
511 3150 551 3217 de
573 3150 692 3217 ordine
708 3153 798 3218 inter
814 3148 1039 3232 dilectionem,
1067 3151 1271 3232 electionem,

96 3274 130 3328 et
153 3258 512 3349 praedestinationem.

169 3371 205 3451 o)
228 3367 337 3435 Docet
353 3365 390 3436 S.
410 3365 560 3434 Thomas
576 3365 618 3434 da
634 3365 738 3433 verit.
750 3389 783 3456 q.
797 3366 829 3432 6.
842 3363 907 3431 a.3
936 3365 973 3432 in
990 3364 1274 3455 praedestinatio·

95 3497 142 3542 ne
159 3474 281 3544 debere
307 3473 520 3542 considerari
543 3471 714 3562 duplicem
744 3471 1001 3554 certitudinem,
1027 3472 1273 3542 certitudinem

97 3582 352 3673 praescientiae
368 3587 404 3649 ot
415 3580 659 3649 certitudinem
672 3578 709 3645 h.
719 3600 750 3645 e.
762 3577 1054 3649 infallibilitatem
1068 3580 1273 3648 obiectivam

97 3688 214 3778 ipsius
229 3688 363 3756 ordinis
385 3685 713 3776 praedestinationis
737 3685 773 3752 in
795 3707 841 3754 se.
868 3687 967 3754 Hanc
982 3687 1274 3773 infallibilitatem

99 3795 235 3864 ordinis
251 3793 405 3883 explicat
429 3793 492 3876 ita,
518 3797 561 3860 ut
583 3792 743 3883 quamvis
760 3791 909 3860 liberum
932 3793 1118 3861 arbitrium
1143 3798 1274 3882 specta-

99 3911 178 3972 tum
194 3903 258 3970 sub
274 3900 426 3990 singulis
450 3899 578 3989 gratiis
601 3901 711 3989 possit
727 3899 883 3984 deficere,
902 3899 1143 3968 infallibilitas
1158 3908 1273 3968 tamen

101 4011 235 4080 ordinis
250 4008 578 4100 praedestinationis
591 4008 779 4075 oriaturex
797 4007 993 4096 gratiarum
1007 4006 1074 4073 sibi
1091 4007 1273 4075 succeden-

100 4117 192 4185 tium
206 4114 433 4183 mnltitudine
449 4120 485 4181 et
499 4113 683 4182 varietate.
698 4113 797 4181 Unde
815 4120 929 4203 posset
945 4113 1078 4180 instrui
1094 4112 1159 4182 hoc
1174 4135 1275 4203 argn-

102 4229 268 4292 mentnm.
283 4221 558 4290 Praedestinatis
573 4221 730 4288 omnibns
742 4221 836 4288 Deus
848 4219 969 4309 seligit
982 4219 1134 4289 ordinem
1147 4221 1276 4312 gratia

104 4353 195 4414 rum,
221 4331 277 4397 cui
301 4329 491 4398 intrinseca
513 4335 567 4398 est
588 4327 830 4396 infallibilitas
852 4327 897 4395 ad
920 4327 1169 4396 assecutionem
1184 4327 1275 4396 salu·

105 4439 166 4506 tis.
191 4437 305 4528 Atqui
341 4437 482 4506 aelectio
511 4434 596 4504 talis
629 4435 762 4503 ordinis
795 4434 991 4524 gratiarum
1030 4435 1277 4525 praesupponit
