3262 5076
906 387 944 402 ..
966 356 1028 418 523
1051 387 1088 404 .-

409 461 567 530 dustriee
584 466 779 550 parentum
797 461 858 529 eod
875 482 943 528 non
959 461 1060 545 dicit,
1078 461 1217 530 nullum
1233 462 1310 531 eive
1335 484 1358 528 a
1380 461 1579 552 perentibus

410 569 485 637 eive
500 567 544 634 eb
560 565 643 634 aliie
658 567 768 634 fuisse
795 566 946 656 positum
970 567 1269 657 impedimentum.
1289 567 1326 656 d)
1342 569 1399 636 Ad
1415 591 1579 636 summum

409 696 452 744 ex
475 675 680 763 Augustino
711 674 850 764 probari
882 679 1022 764 posset,
1055 683 1195 764 praeter
1227 677 1431 744 voluntates
1458 675 1582 742 liberas

410 806 484 852 esee
509 783 614 852 etiam
638 782 835 851 naturalem
861 781 1016 850 ordinem
1034 783 1150 873 legum
1166 784 1394 874 physicarum
1412 791 1582 874 tamquam

412 889 654 974 conditionem,
676 891 740 958 sub
756 911 826 981 qne
840 889 936 957 Deus
959 889 1049 958 velit
1071 890 1345 980 applicationem
1362 890 1532 978 baptismi
1545 889 1584 956 iis

411 997 582 1082 omnibns,
602 996 783 1088 inquibus
800 996 931 1086 reipsa
954 997 1146 1089 applicatio
1171 999 1378 1087 impeditur.
1405 995 1478 1064 Sed
1502 1001 1585 1064 oerte

412 1103 639 1193 Augustinus
662 1125 850 1195 numquam
876 1103 1033 1193 negavit,
1059 1103 1163 1171 immo
1187 1103 1281 1172 olere
1303 1103 1439 1186 docuit,
1462 1102 1508 1170 ad
1529 1101 1584 1168 bn·

412 1211 562 1280 iusmodi
585 1209 801 1279 conditiones
824 1211 999 1300 pertinere
1022 1211 1130 1278 etiem
1155 1211 1285 1280 liberes
1308 1211 1472 1279 actiones
1487 1209 1585 1276 homi·

413 1340 507 1400 num,
534 1324 570 1384 et
593 1315 649 1384 hie
673 1316 869 1385 actionibus
893 1317 974 1406 poni
998 1317 1245 1407 impedimenta
1264 1317 1520 1407 applicationis
1540 1340 1583 1384 sa·

413 1423 581 1492 crementi
599 1445 662 1513 pro
675 1421 886 1506 infantibus,
906 1423 1032 1515 quibus
1048 1425 1142 1492 Deus
1158 1423 1386 1492 antecedente
1406 1423 1585 1492 voluntate

413 1530 495 1598 vult
506 1527 784 1621 applicationem.
800 1530 890 1598 Vide
906 1530 947 1598 de
964 1537 1136 1620 peccator.
1152 1531 1267 1600 merit.
1286 1536 1323 1599 et
1333 1531 1475 1599 remiss.
1487 1531 1513 1598 l.
1524 1529 1582 1596 ΠΙ.

413 1661 449 1706 ιι.
464 1638 520 1726 225
535 1660 589 1727 ep.
605 1635 660 1704 98.
675 1661 710 1704 n.
727 1639 760 1704 5.
774 1640 808 1706 6.
827 1636 978 1708 Maxime
1003 1643 1033 1724 e)
1056 1638 1149 1706 illud
1173 1639 1498 1724 animadvertatur,
1522 1640 1584 1704 An·

414 1747 596 1839 guatinum
612 1745 650 1812 in
667 1745 825 1814 omnibus
842 1746 1042 1816 huiusmodi
1065 1745 1165 1832 locis,
1188 1747 1249 1840 qni
1272 1747 1509 1832 obiiciuntur,
1528 1769 1585 1814 non

415 1877 519 1945 egere
543 1853 584 1921 do
609 1851 793 1922 voluntate
817 1851 1033 1920 antecedente
1048 1855 1303 1936 conditionem,-
1319 1854 1381 1922 sed
1405 1855 1452 1924 de
1476 1853 1585 1922 voluu-

415 1969 489 2031 tate
516 1963 552 2024 in
580 1975 657 2027 cetu
687 1959 829 2026 seeundo
850 1958 1070 2049 produotnioe
1096 1959 1233 2046 effeotm
1263 1969 1300 2028 et
1332 1960 1376 2030 de
1409 1961 1585 2028 voluntate

418 2054 648 2159 consequente.

876 2207 1029 2277 CAPUT
1053 2209 1122 2277 111.

658 2362 700 2402 DE
719 2360 908 2405 VOLUNTATB
927 2359 1095 2403 sanvmos
1114 2360 1339 2412 ΟΟΝΒΙΟΠΕΜΙ

777 2451 818 2492 ΕΤ
837 2451 879 2492 Μ
899 2449 1228 2493 ΡΒΔΙΒΙΒἩΜἨΟΠ.

879 2593 1083 2649 eaelouuus
1101 2596 1125 2648 1.

492 2723 530 2772 De
547 2718 746 2786 reprobatione
763 2733 821 2768 non
842 2717 1027 2780 antecedenti,
1042 2717 1089 2772 ssd
1108 2721 1291 2786 consequenti
1308 2721 1460 2770 soleatus·
1473 2717 1526 2770 Dei

910 2809 1102 2860 attribuendo.

880 2971 1023 3031 THESlS
1045 2971 1127 3030 LIV.

606 3095 707 3155 Nullo
727 3095 828 3154 datur
849 3095 1032 3171 reprobatio
1052 3097 1196 3170 position
1215 3099 1405 3156 antecedens

807 3195 1044 3269 praecisionem
1064 3197 1199 3269 peccati.

486 3379 499 3408 ι
515 3359 636 3426 Enipea
654 3359 758 3410 natura
777 3357 939 3410 voluntatis
952 3357 1005 3408 Dei
1024 3356 1171 3409 salvificae
1190 3358 1385 3424 consequitur,
1403 3359 1429 3410 1·
1447 3355 1578 3426 plausis·

421 3449 524 3516 »plan
544 3462 605 3501 esse
625 3445 833 3500 haeretieorum
853 3446 902 3512 qni
922 3446 1132 3511 seprotapeorii
1142 3445 1200 3499 dici
1214 3447 1318 3511 solent,
1335 3451 1423 3514 atqua
1446 3449 1522 3500 inter
1538 3445 1577 3496 tos

422 3559 434 3585 ι
450 3535 544 3606 ipsius
556 3537 671 3591 (lalvinl
686 3535 860 3600 doctrinam,
881 3549 938 3602 qua
951 3539 1093 3600 statuunt,
1114 3535 1202 3588 Deum
1222 3535 1424 3590 eoncedenter
1437 3537 1474 3590 ad
1487 3547 1575 3588 omnen

422 3628 519 3682 ‚mali
538 3627 636 3682 meriti
656 3627 742 3679 etiam
762 3625 855 3692 ipsius
876 3625 983 3693 peccati
1002 3625 1157 3691 originalis
1176 3627 1386 3694 praevisionem
1410 3627 1520 3682 decreto
1540 3623 1574 3676 at-

421 3741 433 3767 ι
450 3719 544 3772 soluto
562 3717 692 3770 homines
710 3716 760 3783 qni
774 3721 903 3783 pereunt,
924 3719 1041 3770 aeterno
1060 3716 1151 3769 exitio
1171 3715 1347 3783 destinasse,
1362 3716 1399 3770 ad
1412 3733 1490 3770 auam
1507 3711 1575 3768 ineis

421 3829 433 3849 ·
448 3807 593 3861 iustitiam
611 3803 866 3858 manifestandam:
891 3807 917 3858 2·
938 3807 1050 3872 pariter
1075 3805 1263 3860 damnandnm
1288 3821 1352 3860 sess
1374 3807 1528 3861 doctrinata
1549 3800 1574 3852 d·

421 3919 433 3940 ·
449 3899 582 3952 absoluto
604 3900 634 3949 et
655 3893 840 3949 antecedente
859 3897 1071 3963 reprobationis
1091 3896 1220 3964 decreto,
1241 3897 1327 3950 simul
1352 3901 1484 3964 spectata
1505 3893 1575 3948 buius

421 3985 557 4040 edecrstl
576 3985 778 4050 exsecutione,
800 3987 833 4037 ut
851 3999 868 4036 a
887 3983 1070 4039 calvinianis
1090 3985 1119 4037 ln
1141 3999 1193 4037 sua
1207 3985 1315 4050 eynodo
1331 3985 1508 4040 Dordraeena
1524 3985 1573 4034 cta

421 4096 434 4123 ι
449 4075 632 4128 Ianaenlenla
655 4073 800 4127 declarata
819 4077 900 4126 eat.»

485 4227 539 4296 Ex
563 4227 610 4296 iis
633 4249 721 4320 quae
744 4225 783 4294 in
806 4225 979 4316 superiori
996 4226 1110 4316 capite
1126 4225 1445 4295 demonstravimus
1466 4225 1503 4294 de
1524 4247 1560 4288 on

421 4331 586 4402 teeedente
616 4333 818 4418 voluntate,
845 4355 914 4423 qne
939 4332 1032 4402 Deus
1057 4331 1137 4402 vult
1160 4333 1311 4402 omnium
1335 4331 1505 4402 homiuum
1527 4348 1569 4394 es·

420 4448 554 4512 ternam
573 4440 734 4524 mutem,
753 4439 906 4530 proxime
930 4446 966 4508 et
988 4439 1184 4532 necessario
1203 4441 1441 4533 consequitur,
1457 4434 1567 4506 nullon
