3240 5064
900 334 938 350 ..
959 303 1021 364 272
1041 334 1079 350 ..

404 409 614 481 existentiae
628 432 670 480 ex
686 409 766 499 ipse
780 413 910 478 nature
924 407 1026 477 illius
1037 408 1138 492 Esse,
1149 429 1238 500 quae
1254 415 1371 500 potest
1385 409 1457 478 diei
1472 431 1571 478 oense
1611 451 1612 491 3

404 517 563 586 formalis
579 516 642 606 (l).
662 517 761 600 Quod
784 523 973 608 utrumque
996 517 1125 586 iterum
1141 516 1382 606 Hieronymus
1405 517 1572 605 expressit
1611 563 1612 602 5

354 630 360 657 ⁸
403 649 456 716 ep.
480 625 534 694 15.
558 625 606 692 al.
625 625 680 693 57.
699 625 744 694 ad
766 624 968 692 Damasum.
998 623 1104 692 «Una
1127 629 1183 692 est
1204 624 1270 692 Dei
1293 630 1331 692 et
1354 624 1429 692 sola
1450 631 1572 691 ustura

404 754 492 826 quae
509 756 584 799 vers
600 747 662 814 eet,
679 731 716 800 id
732 731 823 799 euim
839 731 930 824 quod
956 729 1132 816 subsistit,
1152 755 1220 798 non
1238 731 1339 798 lubet
1362 731 1506 797 aliunde
1522 729 1573 796 sed
1611 781 1612 816 3

403 863 500 906 suum
516 854 598 907 est.»
616 840 782 932 Adeoque
797 839 899 928 «ipse
915 839 1006 906 solue
1023 853 1085 921 ese,
1102 838 1161 906 oui
1176 837 1268 932 quod
1285 845 1351 924 eet,
1370 861 1392 906 a
1406 839 1504 906 nullo
1519 839 1570 906 da·
1611 923 1612 931 ἵ

403 945 1569 1038 tumestnOrig.hom.I.iul.Regu.u.12.Hoonomeuquiest,
1611 1000 1612 1040 3

404 1055 527 1124 dieunt
541 1055 613 1124 Deo
631 1053 778 1122 maxime
797 1054 988 1144 proprium,
1006 1053 1118 1145 aquia
1133 1077 1203 1122 uon
1218 1053 1338 1144 potuit
1362 1062 1428 1123 aut
1449 1054 1572 1145 poterit
1611 1110 1612 1148 q

405 1161 593 1254 aliqnando
608 1183 676 1230 nou
692 1183 766 1229 esse
784 1187 799 1222 a
818 1161 935 1230 Hilar.
952 1161 1052 1230 Triu.
1070 1161 1096 1228 l.
1111 1161 1142 1229 Ι.
1156 1185 1192 1231 n.
1208 1163 1241 1248 53
1260 1162 1422 1231 Ambros.
1440 1162 1568 1229 inLuo.
1611 1219 1612 1259 Ξ

404 1269 430 1337 l.
450 1269 496 1336 X.
522 1291 552 1338 o.
576 1268 631 1336 23.
659 1267 752 1336 Hine
775 1265 928 1336 ulterius
951 1267 1156 1360 quandoque
1179 1267 1325 1337 dieunt:
1350 1291 1475 1336 nomen
1507 1264 1568 1330 taio

404 1375 585 1467 complecti
596 1376 669 1444 tria
687 1381 845 1464 tempora
859 1375 954 1463 faie,
973 1389 1021 1442 eet
1035 1381 1072 1444 et
1087 1379 1155 1442 erit
1170 1376 1300 1444 Iustin.
1320 1376 1346 1443 l.
1361 1399 1407 1464 o.;
1422 1376 1570 1445 Clemens

404 1484 508 1552 Alex.
523 1484 549 1552 l.
565 1507 609 1570 o.;
622 1505 662 1552 ao
677 1481 822 1574 proinde
837 1483 948 1551 Deum
960 1487 1077 1552 tenere
1093 1483 1248 1568 initium,
1263 1484 1413 1553 medium
1427 1491 1463 1553 et
1476 1485 1568 1552 finem

403 1591 533 1662 Iustiu.
547 1591 573 1660 l.
589 1616 618 1661 o.
633 1591 782 1680 Dionys.
797 1588 839 1658 de
855 1589 928 1660 div.
944 1612 1034 1658 nom.
1045 1613 1075 1659 o.
1088 1591 1121 1658 5.
1134 1597 1167 1673 §-
1178 1591 1212 1660 8.
1228 1589 1442 1683 Quandoque
1458 1597 1570 1660 eontra
1611 1577 1612 1585 ἵ

371 1765 375 1776 ,
404 1699 541 1784 donent,
559 1699 697 1768 nomino
713 1693 776 1760 ὁών
790 1699 1020 1790 praeteritum
1035 1698 1177 1767 exoludi
1192 1703 1229 1766 et
1244 1699 1418 1766 futurum.
1432 1727 1449 1762 α
1461 1698 1504 1765 In
1518 1719 1568 1764 ve·

404 1807 513 1876 ritate
530 1829 618 1896 quoe
632 1819 757 1888 manet,
775 1805 1004 1896 praeteritum
1019 1811 1055 1873 et
1077 1805 1238 1874 futurum
1260 1828 1329 1873 uon
1352 1805 1493 1874 invenio
1515 1804 1567 1872 sed

405 1914 517 1983 solum
526 1934 703 2004 praesens,
718 1911 1564 2003 athooinoorruptibiliternAug.inIo.traot.38.
1611 1981 1612 1996 ¹

404 2022 544 2109 na103
561 2021 708 2111 Gregor.
720 2021 808 2092 Nan.
820 2044 870 2090 or.
886 2021 941 2088 38.
956 2044 992 2089 n.
1007 2021 1401 2111 3(2);Di0nys.1.0.§.4;
1418 2021 1564 2090 Cassian.
1611 2013 1612 2102 j

405 2131 447 2200 de
459 2131 598 2199 Inoarn.
613 2129 688 2198 l.V.
702 2152 732 2198 o.
744 2130 777 2198 8.
788 2129 840 2198 Eo
856 2129 1022 2198 videlieet
1037 2131 1113 2220 ipso
1127 2130 1218 2222 quod
1234 2129 1330 2198 Deus
1345 2135 1400 2198 eat
1415 2127 1430 2191 i
1446 2125 1481 2191 a
1496 2130 1565 2198 sin-
1611 2121 1612 2210 ]

404 2237 545 2328 plioiter
568 2243 604 2306 et
627 2262 649 2304 a
664 2260 710 2319 ee,
734 2237 827 2306 siout
849 2237 987 2306 nullum
1010 2236 1047 2304 in
1070 2259 1110 2306 eo
1133 2237 1268 2327 oouoipi
1291 2243 1410 2328 potest
1431 2237 1564 2306 initium
1610 2231 1612 2240 ⁴

403 2369 467 2416 neo
489 2345 678 2438 aliquando
700 2345 794 2430 finis,
812 2345 864 2414 its
880 2345 954 2436 ipsa
977 2353 1032 2414 est
1046 2345 1135 2414 Esse
1157 2366 1385 2434 perseverans
1409 2346 1484 2414 sine
1498 2345 1564 2414 ulla

403 2453 597 2522 mutatione
613 2461 678 2522 aut
693 2453 909 2522 suooessioue
932 2453 1205 2522 suecessionisve
1221 2453 1467 2543 possibilitate3
1484 2451 1562 2522 nihil
1611 2527 1612 2536 χ

404 2584 488 2652 argo
511 2561 549 2628 in
572 2583 612 2630 eo
635 2559 857 2651 praeteriisse
880 2566 1008 2650 potest,
1027 2560 1118 2652 quod
1141 2559 1210 2627 iam
1233 2583 1302 2627 nou
1323 2561 1385 2647 sit;
1403 2561 1492 2628 nihil
1511 2561 1562 2627 ud·
1611 2559 1612 2567 ’

402 2669 537 2755 venire,
564 2669 654 2762 quod
678 2668 829 2736 noudum
852 2665 919 2754 sit;
945 2673 1050 2758 atque
1073 2667 1149 2736 ideo
1172 2665 1265 2734 nihil
1293 2673 1410 2756 potest
1442 2666 1561 2756 oouoipi
1611 2743 1612 2748 .

403 2783 447 2846 nt
470 2776 569 2868 prius
585 2781 622 2846 et
636 2775 823 2867 posterius,
842 2781 884 2844 ut
898 2775 1127 2866 praeteritum
1142 2779 1179 2844 et
1192 2777 1369 2863 ‚futurum
1388 2775 1448 2845 sed
1463 2781 1561 2843 totum
1611 2775 1612 2857 J

329 2935 331 2940 -
403 2891 457 2954 ast
480 2884 568 2952 Esse
595 2883 919 2950 incommutabiliter
937 2905 1160 2971 permaneus,
1185 2881 1287 2974 quod.
1300 2882 1507 2973 concipimus
1527 2887 1561 2948 ut
1611 2960 1612 2964 Ἰ

400 3016 575 3083 praesum,
597 2989 742 3060 ut'nune
765 2997 981 3082 perpetuum:
1006 2990 1091 3060 lieet
1114 3011 1224 3083 neque
1248 2991 1297 3059 sit
1318 3013 1480 3081 praeseus
1494 3005 1560 3056 ten-
1611 2989 1612 2996 ’

399 3101 498 3188 poris
510 3147 520 3180 ‚
546 3097 637 3190 qnod
660 3096 864 3166 relationem
888 3096 993 3166 habet
1015 3095 1060 3164 ad
1083 3096 1312 3187 praeteritum
1334 3103 1371 3166 et
1393 3097 1557 3180 futurum
1611 3179 1612 3182 Ἴ

402 3207 462 3276 sed
484 3212 539 3275 est
563 3204 802 3297 permanentia
824 3203 979 3274 eminens
1001 3227 1109 3295 supra
1133 3227 1264 3273 omnem
1294 3207 1461 3295 temporis
1481 3204 1556 3275 rela-
1611 3189 1612 3212 ³

401 3313 530 3383 tionem
553 3313 616 3403 (d).
649 3341 666 3378 n
686 3313 742 3381 Ibi
766 3313 893 3405 quippe
916 3319 970 3382 est
993 3312 1083 3404 quod
1107 3334 1170 3382 neo
1192 3311 1296 3381 initio
1319 3313 1487 3404 insipitur
1506 3332 1557 3380 neo

467 3493 509 3570 (1)
527 3499 574 3550 Ita
593 3511 704 3549 camum
722 3495 869 3548 formalem
882 3493 961 3548 dixit
979 3495 1066 3548 etiam
1085 3495 1194 3549 ilarius
1206 3496 1373 3550 Victorinus
1386 3495 1554 3552 sensurus

401 3589 423 3642 l.
434 3589 484 3642 IV.
504 3587 664 3642 urbium.
675 3587 730 3639 1²1³.
748 3586 780 3640 'l'.
792 3587 843 3640 IV.
862 3602 891 3653 p.
904 3587 967 3639 282.
984 3586 1087 3652 uQuod
1108 3601 1172 3640 asa
1189 3587 1275 3654 vivit,
1297 3603 1332 3640 ox
1354 3591 1470 3641 aeterno
1487 3591 1513 3640 et
1528 3585 1554 3636 iu
1611 3631 1612 3638 ,

400 3681 549 3732 :auruum
567 3677 658 3743 vivit3
677 3692 831 3743 numquam
852 3676 927 3730 eninr
950 3693 980 3731 se
1000 3677 1117 3746 deserit,
1140 3677 1216 3746 quod
1233 3679 1290 3732 sibi
1307 3693 1393 3732 eausa
1405 3681 1458 3744 eet,
1473 3675 1554 3729 uttoe

398 3769 492 3837 ipsum
509 3768 558 3835 sit,
583 3765 658 3834 quod
678 3767 814 3821 existit.»

462 3853 504 3933 (2)
524 3863 590 3920 θεας
602 3853 633 3918 ἦν
650 3879 698 3930 μιν
712 3854 754 3911 αἐι
777 3879 819 3911 και
835 3859 922 3912 ἔσται.
939 3865 1044 3930 μαλλον
1065 3863 1090 3913 δε
1108 3855 1178 3913 ἔστιν
1196 3856 1245 3913 εἰει.
1265 3879 1294 3911 το
1313 3880 1366 3932 γαρ
1385 3857 1415 3918 ἦν
1434 3879 1475 3910 και
1491 3853 1552 3910 ἔσται

398 3969 442 4002 του
456 3947 516 4002 καθ’
531 3949 603 4019 ἡμας
617 3967 714 4020 χρονου
728 3969 867 4020 τμηματα,
879 3969 922 4002 και
938 3969 985 4011 της
1003 3947 1116 4022 ῥευστης
1135 3963 1241 4020 ponent·
1253 3947 1266 4004 o'
1279 3952 1304 4003 δε
1322 3947 1354 4002 elo
1372 3947 1423 4012 oisc,
1436 3969 1475 4002 nuo
1489 3962 1550 3997 rouro

398 4039 478 4100 ἆυτος
492 4036 584 4091 lauros
596 4034 721 4110 δνομαζιι
735 4058 768 4106 τῳ
779 4041 885 4092 Marion
899 4033 1073 4110 χρηματιζων
1090 4036 1139 4092 im·
1148 4057 1193 4090 rou
1210 4037 1293 4110 ὄρους.
1311 4039 1373 4093 ὅλον
1385 4059 1438 4109 γαρ
1449 4037 1472 4090 is
1485 4036 1551 4098 iesvs

399 4127 541 4196 συλλαβων
561 4125 618 4198 ι’χιι
638 4147 667 4180 ro
689 4123 752 4181 ἒιναι

465 4211 508 4288 (8)
525 4215 691 4283 Anonymus
712 4217 744 4270 iu
763 4217 811 4270 Pe.
825 4218 864 4271 11.
885 4214 1030 4288 (corderii
1052 4215 1160 4270 dotem
1176 4233 1220 4288 gr.
1235 4217 1266 4271 in
1285 4217 1349 4272 Pes.
1366 4217 1399 4270 Τ.
1410 4218 1433 4271 1.
1456 4232 1482 4283 p·
1495 4206 1547 4280 ill

402 4328 415 4356 ι
430 4309 569 4360 Praesens
587 4306 661 4374 apud
680 4323 732 4361 nos
745 4323 779 4362 ex
795 4309 835 4361 iis
847 4311 902 4375 est,
920 4323 992 4375 quas
1013 4311 1083 4362 suut
1099 4308 1225 4363 relativa
1243 4307 1278 4361 nd
1295 4305 1422 4376 aliquid,
1442 4301 1547 4368 suiqui-

400 4401 466 4454 floet
485 4399 561 4452 enlm
577 4397 678 4454 lutura
693 4403 723 4453 et
744 4397 913 4467 praeterita.
934 4397 974 4451 st
992 4399 1023 4451 iu
1036 4399 1094 4452 Deo
1111 4399 1160 4452 ubi
1182 4402 1293 4466 tempus
1311 4399 1425 4452 minimo
1442 4389 1546 4452 eonstit-
