3262 5076
545 371 583 388 ..
604 339 665 401 4oe
685 371 724 388 ..

20 441 222 528 divinum,
248 444 338 536 quod
362 445 607 516 anteoedenter
628 445 673 515 ad
695 444 843 514 liberam
865 443 1068 514 eleotionsm
1091 448 1229 513 orestae

21 549 247 620 voluntatis
268 551 501 641 praedefiniat
523 552 617 623 huno
649 558 786 638 aotam,
812 557 854 624 ut
877 559 989 637 esset,
1016 552 1047 620 ei
1075 551 1227 620 oonditio

21 659 308 729 verifioaretnr.
327 659 367 728 Si
390 682 474 751 ergo
496 661 593 730 Deus
616 660 750 730 dioitur
773 660 866 730 eitra
887 659 1089 730 huiusmodi
1113 659 1226 728 deere-

18 771 104 834 tum
133 787 352 855 oognosoere
374 773 492 836 aetum
507 767 546 834 in
561 789 610 852 se,
630 767 762 836 dieitur
784 766 879 836 Dens
895 788 1101 857 cognoscere
1116 765 1222 835 nihil.

18 872 101 941 Hoo
112 877 377 962 argumentum
389 872 513 963 probat
525 873 665 963 optime,
675 871 767 964 quod
779 873 982 964 probatione
993 895 1061 942 non
1075 873 1224 963 indiget,

18 978 147 1048 talem
174 983 296 1048 aotam
318 978 370 1066 (iu
392 1001 432 1049 eo
455 980 576 1070 signo,
603 1003 670 1070 qno
702 979 928 1070 oognosoitur
959 1002 1022 1071 per
1044 980 1227 1050 seientiam
1298 1071 1301 1076 Ι

20 1085 211 1172 mediam)
235 1109 303 1154 nou
325 1087 478 1158 existere
499 1089 657 1174 realiter,
681 1111 744 1158 neo
768 1110 843 1158 esse
866 1088 1026 1158 absolute
1050 1088 1224 1174 futurum3

18 1199 61 1262 at
86 1215 176 1262 nou
200 1194 337 1283 probat,
363 1193 454 1286 quod
477 1195 562 1264 telis
584 1202 686 1264 aetus
707 1195 813 1265 stiam
835 1195 928 1264 nihil
952 1196 1044 1264 foret
1066 1195 1104 1262 in
1127 1215 1176 1279 se,
1195 1191 1227 1262 ei

20 1300 296 1372 verificaretur
317 1300 524 1393 hypothesis
547 1307 649 1370 aetus
671 1301 777 1392 primi
799 1303 961 1392 proximi.
978 1302 1075 1370 Deus
1090 1322 1158 1369 non
1174 1299 1225 1368 di-

19 1411 133 1479 oitur
154 1431 365 1498 oognoeoore
383 1414 500 1479 aotam
516 1411 561 1478 eb
575 1415 716 1480 aeterno
728 1412 934 1480 existentem
945 1433 1008 1480 nso
1019 1409 1226 1479 existentem

20 1540 92 1608 pro
121 1515 259 1608 aliqua
281 1517 448 1607 temporie
471 1517 684 1605 differentie3
710 1518 772 1587 sed
795 1517 986 1608 eognosoit,
1012 1501 1102 1610 guod
1125 1522 1227 1587 aetus

21 1624 91 1693 ille
120 1621 281 1692 realiter
303 1622 396 1692 nihil
419 1629 476 1694 est
496 1629 533 1692 et
549 1624 694 1694 realiter
716 1624 810 1694 nihil
833 1627 922 1712 erit,
939 1625 1010 1694 nisi
1027 1624 1229 1695 verifioetur

21 1733 167 1824 aliqua
190 1729 411 1820 hypothesis,
429 1735 466 1801 et
488 1731 579 1824 quod
602 1737 694 1802 esset
716 1732 870 1826 aliquid,
889 1733 1025 1802 soilioet
1047 1733 1123 1822 ipse
1137 1731 1227 1802 liber

20 1847 140 1910 aetus
169 1838 211 1906 iu
234 1859 283 1922 ee,
303 1839 335 1906 si
350 1837 559 1927 hypothesis
576 1838 831 1908 verilioaretnr.
849 1839 1009 1909 Reelites
1022 1838 1175 1909 eotuelis
1189 1843 1228 1907 et

20 1949 223 2016 obieotnm
245 1944 392 2014 formale
414 1944 557 2014 divinae
580 1943 831 2016 intelleotionis
854 1946 949 2016 siout
971 1947 1009 2014 in
1036 1946 1130 2014 omni
1153 1943 1226 2014 alis

20 2059 79 2126 ita
106 2060 155 2122 et
178 2051 222 2120 in
243 2049 310 2119 beo
333 2049 492 2135 seientia,
510 2049 553 2142 ds
568 2072 639 2143 gua
654 2074 747 2121 nuno
773 2051 924 2142 egimus,
942 2057 998 2122 est
1013 2051 1089 2143 ipse
1104 2050 1227 2120 divina

1 2159 213 2242 ,essentim
233 2179 321 2250 quae
344 2166 386 2228 ut
407 2159 487 2229 idea
501 2167 539 2230 et
555 2161 831 2251 repraesentatio
853 2160 995 2230 infinita
1022 2160 1134 2230 omnis
1149 2159 1227 2229 veri

21 2271 166 2341 divino
190 2265 391 2336 intelleotni
413 2267 557 2337 exhibet
586 2290 684 2338 omne
708 2291 830 2338 verum
853 2291 921 2338 non
947 2269 1058 2338 solum
1080 2267 1226 2337 realiter

22 2373 238 2471 aliquando
253 2373 491 2458 existentium,
506 2375 565 2444 sed
585 2375 691 2444 stiam
708 2375 939 2466 possibilium,
954 2381 1122 2450 eteorum
1138 2396 1226 2467 quae

21 2487 62 2556 in
89 2506 137 2554 se
165 2481 354 2574 possibilia
375 2483 441 2552 sub
463 2483 585 2574 aliqua
615 2483 812 2554 eonditione
842 2483 988 2554 realiter
1017 2479 1236 2553 existerent,

24 2593 144 2678 Quod
170 2611 243 2658 non
266 2589 319 2659 ite
334 2589 498 2680 intelligi
515 2590 627 2675 debet,
643 2611 684 2660 aa
695 2653 696 2656 ,
707 2590 739 2659 ei
761 2589 885 2660 divina
906 2590 1059 2661 essentis.
1074 2615 1097 2656 o
1107 2592 1226 2680 priori

23 2697 245 2772 necessario
259 2697 440 2768 exhiberet
455 2696 653 2768 intellectui
673 2693 738 2766 has
753 2697 1001 2767 determinatas
1017 2697 1225 2767 existentias

22 2808 290 2897 eontingentee
312 2805 388 2876 sive
411 2810 453 2874 ut
474 2805 587 2876 reales
610 2807 688 2876 sive
704 2810 746 2874 ut
762 2807 905 2876 futures
932 2807 996 2874 sub
1012 2805 1222 2892 eonditi0n03

22 2919 93 2988 boo
111 2913 218 2984 enim
234 2912 347 3004 posito
362 2912 432 2982 iam
458 2911 667 2984 existentiae
693 2913 911 2982 necessariae
937 2920 974 2982 et
1000 2935 1069 2982 non
1092 2913 1224 2982 eontin-

23 3031 164 3116 gentes
186 3025 317 3090 essent:
343 3019 403 3090 sed
424 3020 577 3089 essentis
592 3020 716 3090 divina
729 3021 872 3092 exhibet
887 3020 1085 3092 intelleotui
1101 3020 1223 3090 divino

25 3155 137 3202 omne
163 3150 300 3212 verum,
316 3133 358 3198 ut
372 3127 544 3196 obieotive
568 3152 604 3198 se
620 3128 737 3216 habet,
753 3129 845 3199 ande
859 3129 995 3198 veritas
1019 3128 1223 3198 existentia·

27 3264 114 3312 rnm
144 3235 441 3326 ooutiugentinm,
458 3255 546 3326 qnae
570 3236 646 3306 sive
668 3235 814 3304 realiter
837 3234 1026 3328 aliquando
1049 3241 1133 3305 suut
1148 3234 1225 3303 sive

27 3349 99 3417 suh
125 3340 334 3414 eonditioue
358 3341 486 3425 forent,
504 3363 573 3410 non
588 3347 705 3431 potest
727 3341 956 3410 determinate
982 3339 1140 3410 exhiberi
1155 3339 1227 3410 nisi

27 3455 295 3544 consequenter
317 3447 362 3518 ed
393 3447 686 3538 suppositionem,
713 3449 804 3541 quod
827 3453 910 3518 sunt
942 3448 999 3518 vel
1022 3450 1139 3518 forent
1160 3471 1224 3539 pro

28 3563 166 3654 aliqua
187 3555 356 3645 temporis
387 3554 588 3625 differentia
611 3555 669 3628 vel
693 3558 757 3626 sub
779 3556 900 3650 eliqua
922 3557 1132 3628 oonditione.
1153 3557 1223 3646 (cf.

29 3668 86 3738 th.
108 3661 308 3735 mvn.
326 3658 463 3750 XLII.)

101 3775 157 3844 4⁰.
182 3771 342 3863 Denique
364 3770 407 3840 de
431 3769 583 3842 dseretis
605 3769 680 3838 illie
703 3769 836 3840 divinis
859 3772 1043 3840 mbieotioe
1057 3772 1226 3841 absolutio

27 3893 67 3954 et
83 3881 259 3950 obieotioo
272 3877 533 3962 conditionalia,
548 3877 676 3971 quibus
691 3878 763 3946 Deo
778 3900 864 3970 opus
879 3902 956 3948 esse
969 3877 1084 3970 aliqui
1099 3878 1226 3948 dieunt

31 3991 80 4062 ad
99 3987 342 4080 oognitiouem
356 3992 500 4057 aotuum
519 3987 709 4058 liberorum
721 3987 785 4057 sub
797 3988 996 4058 conditione
1008 3989 1222 4073 futurorum,

32 4097 126 4190 qnid
151 4092 372 4164 sentiendam
395 4093 496 4162 nobis
527 4092 712 4178 videatur,
737 4093 827 4164 setis
855 4101 1014 4164 oonsters
1044 4099 1161 4185 potest
1182 4117 1225 4164 ex

38 4204 153 4274 oiotio
175 4201 215 4270 in
238 4200 294 4270 th.
312 4199 447 4270 XLIII.

109 4309 239 4404 Itaque
262 4315 300 4399 o)
322 4331 391 4378 non
419 4307 535 4378 minas
551 4311 727 4400 repugnat
742 4309 927 4380 senotitati
942 4316 977 4380 et
993 4309 1144 4380 bonitati
1158 4310 1224 4381 Dei

37 4419 223 4488 deomtum
238 4417 499 4504 subostensa
521 4415 653 4486 abieoto
666 4415 952 4504 conditionatum,
966 4442 1034 4510 quo
1047 4417 1222 4502 deosrnot,
