3292 5062
555 373 593 386 -
616 339 675 402 119
694 373 733 386 -

75 450 160 520 modo
180 449 247 520 fide
269 449 366 519 credi
389 446 502 538 possit
523 452 665 538 propter
687 446 934 516 auctoritatem
956 447 1022 518 Dei
1039 448 1229 542 loquentis,

74 558 210 649 eoquod
232 556 348 647 ipsum
372 556 636 624 fundamentum
668 560 770 622 actus
793 554 968 623 fideliam
1002 561 1056 625 est
1078 557 1233 646 cognitio

72 687 166 758 eaque
197 663 480 756 supernaturalis
501 661 567 730 Dei
589 661 785 731 existentis.
818 663 1024 734 Auctoritas
1054 665 1146 733 enim
1168 665 1236 734 Dei

70 771 232 864 loquentis
263 778 411 841 eatenus
441 775 579 839 tantum
614 791 667 838 me
698 773 816 859 potest
845 793 982 840 movere
1018 772 1063 840 ad
1095 774 1235 842 creden·

71 879 163 965 dnm,
188 885 362 973 quatenus
384 878 455 948 iam
478 899 645 966 cognosco
667 876 780 946 Deum
801 876 971 963 existere,
999 901 1088 969 quae
1116 881 1234 969 cogni·

73 989 116 1055 tio
142 988 219 1078 ipsa
249 985 533 1078 supernaturalis
558 985 606 1054 sit
629 990 788 1074 oportet,
814 991 856 1053 ut
878 991 979 1054 actus
1002 987 1084 1056 fidei
1107 989 1156 1056 sit
1179 1012 1236 1058 su·

72 1096 308 1185 pematuralis.
334 1097 427 1164 Dum
449 1116 533 1183 ergo
556 1093 645 1162 dico:
674 1094 807 1162 «credo
828 1094 939 1162 Deum
963 1094 1125 1181 existere,
1152 1097 1237 1188 quia

71 1203 154 1272 Deus
176 1203 315 1272 infinite
338 1224 447 1273 verax
470 1201 564 1271 dixit
586 1225 622 1270 se
645 1201 808 1286 existere,
830 1227 845 1264 n
864 1203 903 1269 in
925 1199 1001 1291 ipso
1024 1202 1089 1271 hoc
1105 1204 1236 1272 motivo

73 1310 200 1379 lormuli
223 1310 388 1380 credendi
410 1309 479 1379 iam
502 1309 692 1378 existentia
713 1309 779 1378 Dei
801 1309 1007 1394 affirmatur,
1033 1333 1096 1378 neo
1119 1315 1237 1399 potest

70 1418 147 1488 nihi
167 1441 241 1490 esse
251 1420 424 1489 motivum
440 1418 614 1503 credendi,
633 1418 703 1486 nisi
715 1424 887 1510 quatenus
904 1418 941 1484 in
957 1440 996 1486 eo
1012 1418 1236 1487 existentiam

72 1527 128 1598 Dei
148 1531 217 1598 iam
239 1535 283 1598 ut
305 1535 436 1598 certam
458 1527 660 1618 amplector.
679 1528 871 1618 Responsio
894 1528 1069 1598 indirecta
1084 1529 1128 1598 ed
1144 1519 1259 1598 hano'r

72 1637 302 1708 difficultatem
326 1638 430 1706 obvia
451 1644 515 1707 est.
535 1636 574 1704 Si
597 1636 688 1706 enim
710 1643 811 1706 actus
834 1636 918 1706 fidei
933 1638 1178 1707 excluderetur
1193 1661 1236 1708 ex

72 1743 128 1815 hec
148 1747 296 1830 ratione,
322 1746 415 1838 quod
437 1743 632 1814 necessario
656 1745 726 1812 iam
742 1751 824 1815 ante
841 1752 957 1814 actum
972 1746 1055 1815 fidei
1070 1769 1236 1837 praesup-

72 1855 201 1942 ponitur
222 1853 446 1922 firmissimus
463 1874 625 1921 assensus
641 1853 678 1920 in
694 1852 918 1921 existentiam
933 1854 1009 1942 Dei3
1025 1877 1236 1946 consequens

74 1961 163 2046 foret,
188 1983 258 2030 non
282 1961 396 2029 solum
420 1961 478 2044 iis,
504 1959 566 2051 qui
588 1981 652 2048 par
674 1960 1000 2030 demonstrationem
1024 1961 1155 2030 habent
1182 1985 1236 2030 co·

73 2069 251 2155 guidonem
274 2068 483 2138 existentiae
505 2067 571 2135 Dei
594 2067 812 2153 evidentem,
840 2069 899 2137 sed
922 2069 1080 2138 absolute
1110 2092 1152 2137 ex
1174 2091 1236 2138 na·

73 2181 144 2244 ture
171 2198 237 2245 sua
260 2183 367 2268 etque
401 2176 486 2244 adeo
515 2174 675 2243 omnibus
697 2175 860 2246 fidelibus
889 2176 991 2245 fidem
1014 2177 1052 2244 in
1074 2177 1141 2246 Dei
1163 2178 1235 2245 exi·

73 2283 222 2352 mutiam
245 2306 321 2352 esse
344 2283 602 2372 impossibilem.
621 2283 722 2366 Quod
737 2305 839 2374 quam
863 2283 912 2352 sit
933 2283 1086 2352 alienum
1105 2306 1128 2351 e
1143 2283 1235 2354 chri·

75 2390 189 2460 stianis
211 2392 371 2477 auribus,
397 2413 497 2459 nemo
519 2413 589 2459 non
611 2390 797 2480 intelligit.
822 2389 1017 2460 Christiani
1039 2392 1130 2460 euim
1153 2392 1235 2462 dum

74 2498 291 2586 profitentur:
313 2527 330 2562 u
347 2499 449 2568 oredo
465 2497 502 2566 in
517 2498 641 2583 Deum,
661 2526 678 2562 n
698 2497 866 2576 inanimo
882 2497 1024 2583 habent,
1043 2521 1078 2568 sa
1095 2501 1235 2569 eredere

73 2603 103 2670 in
121 2605 230 2674 Deum
254 2593 467 2696 simpliciter
480 2611 516 2675 et
528 2629 597 2675 non
613 2605 724 2676 solum
741 2605 928 2674 secundum
944 2606 1116 2694 mysteria
1131 2611 1168 2674 et
1183 2613 1235 2675 et·

73 2713 205 2799 tributa,
233 2736 323 2806 quae
346 2715 509 2806 deinceps
531 2715 569 2783 in
592 2715 749 2805 symbolo
772 2714 962 2784 adduntur.
982 2713 1073 2784 Vide
1088 2715 1235 2784 Petrum

74 2821 310 2912 explicationes
332 2822 371 2890 in
394 2823 588 2912 symbolum
612 2824 706 2913 apud
729 2822 836 2912 Greg.
863 2823 905 2891 de
928 2823 1096 2892 Valentia
1117 2823 1143 2891 1.
1171 2847 1202 2893 c.

127 2930 317 3020 Responsio
340 2930 475 2999 directa
508 2931 656 3020 petenda
679 2937 734 3000 est
757 2953 799 2999 ex
830 2929 972 3019 analysi
1006 2937 1107 2999 actus
1137 2931 1230 3016 fidei,

74 3059 162 3127 quam
184 3039 273 3106 alibi
296 3037 465 3106 dedimus.
480 3037 524 3106 In
540 3039 632 3107 omni
648 3043 730 3108 actu
745 3037 828 3106 fidei
843 3037 928 3108 haec
944 3039 1235 3128 comprehendun-

75 3149 125 3212 tur
144 3145 315 3236 implicite
338 3145 462 3215 saltem
485 3151 522 3214 et
543 3146 751 3216 virtualiter
773 3147 875 3216 velut
901 3146 1082 3216 elementa.
1108 3148 1233 3238 Propo·

76 3251 145 3320 sitio
165 3253 364 3323 immediate
387 3255 531 3343 cognita
553 3254 612 3326 vel
633 3255 815 3324 evidenter
837 3254 896 3325 vel
919 3257 1074 3324 obscure:
1093 3256 1124 3324 si
1140 3256 1235 3324 Deus

77 3357 229 3450 loquitur,
247 3369 303 3432 est
324 3363 462 3433 infinite
484 3387 605 3450 verax,
621 3365 682 3457 qui
704 3387 767 3435 neo
790 3363 870 3434 falli
886 3370 1002 3455 potest
1017 3387 1079 3434 nee
1095 3365 1232 3434 fallere.

76 3464 254 3558 Propositio
276 3471 403 3540 altera:
423 3473 518 3542 Deus
541 3473 605 3542 hoc
627 3473 814 3558 revelavit,
840 3495 870 3541 e.
890 3497 926 3561 g.
946 3473 1156 3542 Trinitatem
1181 3473 1233 3542 di·

79 3573 225 3645 vinarum
248 3601 488 3670 personarum.
513 3580 688 3670 Inspectis
721 3579 983 3650 characteribus
1006 3586 1148 3672 totoque
1171 3580 1234 3648 illo

80 3691 232 3772 apparatu
261 3687 472 3756 motivarum
503 3687 776 3773 credibilitatis,
803 3709 870 3779 quo
892 3687 1023 3756 locutio
1047 3693 1089 3754 ut
1112 3687 1235 3756 divina

83 3809 112 3855 se
131 3789 230 3878 sistit,
256 3815 317 3862 seu
341 3794 498 3885 inspecta
520 3794 696 3864 locutione
720 3817 798 3864 eum
822 3795 980 3862 omnibus
1003 3795 1078 3862 suis
1102 3817 1233 3884 compo·

83 3899 226 3967 nantibus
248 3900 345 3988 (vide
367 3923 404 3968 n.
421 3899 470 3986 1.)
493 3900 658 3990 intelligo
682 3905 788 3985 certo,
807 3899 972 3969 licetnon
988 3900 1168 3970 evidenter
1183 3902 1236 3969 ita

84 4008 117 4070 ut
140 4007 282 4076 tollatur
311 4007 482 4096 libertas,
507 4007 573 4076 hoo
596 4009 740 4077 verbum
771 4030 846 4076 esse
874 4007 952 4076 Dei.
978 4007 1022 4075 In
1052 4011 1234 4100 utramque

84 4116 181 4181 autem
191 4115 470 4206 propositionem,
486 4121 658 4207 quatenus
670 4121 724 4184 est
738 4115 839 4185 velut
851 4115 1042 4204 praemissa
1056 4116 1100 4184 ad
1117 4123 1235 4184 artum

85 4213 162 4304 fidei,
183 4241 345 4292 assensus
368 4244 437 4290 non
459 4228 515 4290 est
538 4246 580 4292 ex
604 4223 734 4293 motivo
757 4222 981 4294 auctoritatis
1003 4223 1069 4292 Dei
1090 4223 1247 4314 loquen·'

86 4321 134 4410 tis,
146 4349 202 4396 seu
222 4329 305 4421 quia
325 4329 423 4398 Deus
445 4329 549 4415 dixit,
576 4353 611 4398 se
634 4352 708 4400 esse
731 4328 956 4398 infallibilem
972 4337 1007 4400 et
1022 4353 1058 4399 se
1075 4329 1165 4399 hauc
1180 4335 1232 4398 te·

86 4425 141 4500 len
159 4437 342 4508 veritatem
364 4458 443 4528 eg.
463 4436 676 4509 Trinitatem
698 4437 895 4526 revelasse,
922 4438 982 4508 sed
1005 4437 1229 4524 assentimur,
