3360 5060
459 645 659 756 rnoax
701 645 996 756 rursum
1114 579 1126 606 '

254 903 322 984 DE
351 901 451 980 Diuo
480 900 589 982 UNO
619 898 905 979 SECUNDUM
935 896 1192 976 NATURAM

625 1175 836 1186 ....—.---

334 1601 602 1688 Prolegomenon
627 1599 668 1668 de
692 1599 888 1689 theologiae
912 1599 1057 1667 obiecto.
1134 1621 1219 1686 pap.
1293 1597 1313 1662 3

618 1757 781 1828 SECTIO
804 1759 834 1827 Ι.

645 1888 756 1956 Cerur
780 1887 810 1954 l.

141 2039 207 2106 Tu.
226 2037 255 2104 I.
345 2035 514 2103 Doctrina
530 2035 571 2103 de
587 2031 753 2100 rationali
778 2032 975 2120 cognitione
992 2031 1056 2099 Dei
1074 2033 1227 2121 pertinet

381 2141 486 2209 etiam
511 2141 553 2208 ad
578 2139 789 2228 theologiam
795 2191 1096 2208 ......
1098 2135 1102 2142 “
1148 2193 1155 2210 .
1207 2169 1223 2203 n
1272 2141 1314 2208 31

142 2253 208 2320 Te.
235 2251 283 2318 Π.
348 2247 552 2338 Scripturas
564 2247 745 2316 declarant
756 2247 821 2316 Dei
834 2247 1148 2318 manifestationem
1166 2272 1227 2338 per

381 2377 486 2445 opera
509 2354 697 2424 creationis
721 2377 783 2445 pro
807 2355 942 2424 ratione
966 2355 1129 2424 humana.
1208 2385 1224 2418 n
1273 2355 1316 2422 35

142 2467 208 2536 Tu.
235 2465 304 2533 ΠΙ.
345 2463 543 2533 Rationalis
560 2463 714 2552 cognitio
730 2463 820 2553 legis
836 2470 984 2532 naturae
1000 2466 1043 2532 ab
1059 2464 1226 2554 Apostolo

382 2571 546 2659 gentibus
563 2579 697 2640 asserta
713 2571 865 2639 includit
885 2593 925 2640 ao
941 2571 1157 2640 demonstrat
1172 2593 1226 2639 ra·

383 2679 547 2747 tionalem
573 2678 804 2768 cognitionem
821 2677 885 2746 Dei
911 2680 1062 2768 supremi
1086 2678 1228 2766 legisla-

385 2787 486 2854 toris.
553 2835 1156 2854 ...........
1208 2811 1223 2846 n
1273 2785 1318 2850 44

147 2895 212 2962 Tu.
231 2893 295 2961 IV.
352 2891 565 2961 Vindicatur
589 2892 686 2959 Rom.
706 2891 755 2959 II.
775 2891 900 2958 1415.
917 2891 1163 2980 interpretatio
1187 2891 1228 2959 de

386 2998 586 3068 infidelibus
610 2999 702 3068 etde
727 2999 891 3066 rationali
916 2999 1115 3086 cognitione
1139 2999 1230 3088 legis

392 3111 553 3174 naturae.
616 3157 1160 3174 ..........
1211 3133 1227 3168 n
1276 3107 1319 3172 55

147 3217 212 3284 Tu.
231 3215 275 3283 V.
351 3211 557 3301 Scripturas
584 3213 788 3282 rationalem
822 3213 1056 3303 cognitionem
1079 3215 1231 3283 existen·

382 3319 453 3388 tiae
470 3319 533 3388 Dei
559 3321 776 3410 exoperibus
799 3321 862 3388 Dei
886 3327 1096 3406 asserentes,
1119 3321 1229 3390 tradi-

383 3425 511 3493 tionem
533 3426 704 3516 positivae
727 3427 905 3494 doctrinae
924 3427 966 3495 de
985 3427 1056 3494 Deo
1077 3427 1229 3496 aolidem

385 3533 589 3602 nullatenus
601 3541 800 3623 supponunt
811 3540 986 3626 tamquam
1001 3535 1231 3603 conditionem

386 3642 628 3710 necessariam.
680 3691 687 3708 .
739 3691 746 3708 .
798 3655 821 3709 .·
859 3691 1163 3710 ......
1214 3667 1229 3702 a
1279 3639 1321 3706 75

640 3793 752 3862 Carur
776 3793 825 3861 11.

149 3945 214 4013 Ta.
234 3943 299 4012 VI.
355 3943 587 4012 Consentiunt
617 3945 761 4028 Patres,
789 3967 830 4012 ax
856 3943 1136 4013 manifestatione
1167 3945 1231 4014 Dei

389 4049 426 4118 in
441 4053 614 4120 creaturis
630 4074 727 4141 posse
744 4051 1065 4141 pervenirilumine
1082 4052 1230 4120 rationis

386 4158 430 4225 ad
446 4157 592 4248 primam
615 4159 777 4227 notitiam
801 4165 837 4226 et
859 4159 903 4227 ad
919 4159 1158 4248 expolitiorem
1180 4183 1233 4228 co·

387 4265 579 4354 gnitionem
604 4266 812 4334 existentiae
836 4266 932 4334 Dei·
978 4317 985 4334 .
1036 4319 1044 4335 .
1096 4319 1103 4336 .
1155 4318 1164 4337 .
1215 4296 1231 4330 n
1279 4269 1322 4334 89

150 4373 215 4440 ru.
235 4370 318 4442 VII.
354 4371 405 4440 De
429 4394 532 4440 sensu
557 4394 623 4464 quo
653 4371 777 4440 Patres
800 4373 973 4441 notionem
998 4373 1062 4441 Dei
1087 4381 1234 4442 naturae

412 4479 582 4546 humanae
608 4480 751 4546 insitam
773 4477 964 4568 appellant.
1036 4529 1046 4549 .
1097 4531 1104 4548 .
1156 4531 1164 4548 .
1215 4480 1323 4548 „100
