3230 5072
916 389 954 402 -
974 359 1034 417 374
1055 389 1093 404 -

415 487 483 554 pus
505 463 657 532 eiusdem
681 459 920 552 intelligibilis
941 469 978 530 et
1007 460 1243 552 intelligentis
1272 463 1482 553 exemplaris
1508 463 1568 530 siro

415 569 513 639 ideae
531 570 689 652 divinae,
716 568 800 637 haec
823 567 975 636 actualis
991 568 1143 637 imitatio
1158 591 1226 637 nou
1240 569 1439 638 necessaria
1453 579 1504 637 est
1521 567 1567 636 sed

415 679 633 766 contingeus;
659 677 697 744 iu
720 675 911 766 hypothesi
934 683 1062 760 tamen,
1088 675 1179 767 quod
1201 675 1347 744 realiter
1369 683 1500 760 exstat,
1515 698 1568 742 non

414 793 529 875 potest
557 784 751 853 intellectio
781 784 902 852 diviua
932 785 1046 872 ipsum
1070 783 1271 874 exemplar,
1295 806 1409 877 aquo
1439 790 1569 872 ectypus

414 891 643 982 dependentia
665 891 765 976 reali,
784 890 961 974 continua,
979 895 1015 959 et
1036 889 1217 960 essentiali
1241 891 1378 980 pendet,
1398 889 1568 960 secundum

413 1020 546 1067 omuem
558 999 727 1066 rationem
743 997 1057 1087 cognoscibilitatis
1069 999 1368 1088 comprehendero,
1383 1000 1470 1089 quin
1482 999 1568 1066 simul

413 1105 681 1197 comprehendat
703 1126 819 1172 omnes
840 1104 917 1173 eius
939 1105 1097 1174 actuales
1116 1107 1161 1173 ab
1177 1129 1216 1174 eo
1235 1107 1427 1196 pendentes
1450 1128 1568 1196 expres

411 1213 524 1282 aiones
547 1220 584 1282 et
604 1213 830 1281 imitationes.

478 1329 507 1408 c)
530 1319 695 1390 Esseutia
718 1319 841 1388 divina
864 1327 920 1388 est
942 1320 1083 1389 infinita
1106 1323 1233 1406 etiam,
1258 1328 1433 1414 quatenus
1456 1329 1508 1390 est
1527 1343 1566 1388 re·

352 1431 358 1459 ‘
409 1428 645 1518 praesentatio
676 1429 771 1512 veri,
798 1428 875 1496 sive
899 1427 1073 1518 sapientia
1095 1436 1132 1496 et
1161 1428 1358 1498 intellectio
1388 1427 1568 1496 formaliter

409 1541 676 1626 repraesentans
700 1557 832 1602 verum.
850 1535 928 1603 Nou
953 1541 1045 1603 esset
1067 1545 1182 1602 autem
1205 1537 1483 1626 repraesentatio
1504 1533 1566 1602 infi-

409 1644 497 1728 uita,
515 1643 585 1710 nisi
609 1643 646 1708 in
662 1665 703 1711 ea
726 1641 924 1732 splenderet
942 1649 978 1711 et
993 1651 1317 1735 repraesentaretur
1339 1667 1440 1712 omne
1464 1663 1565 1710 verum

408 1750 545 1817 tamin
573 1749 692 1817 ordine
722 1748 953 1818 essentiarum
977 1758 1013 1818 et
1042 1748 1150 1817 ideali
1179 1749 1422 1840 possibilium,
1447 1747 1565 1818 tumin

409 1857 530 1926 ordine
554 1857 820 1926 existentiarum
843 1857 976 1926 actuali
999 1859 1111 1926 totius
1127 1883 1194 1926 esse
1212 1859 1432 1949 participati.

473 1964 520 2033 2⁰.
547 1963 716 2047 Quamvis
744 1965 910 2032 universa
941 1963 1026 2033 haec
1056 1964 1149 2034 ratio
1172 1964 1313 2033 divinae
1342 1963 1508 2033 scientiae
1528 1961 1564 2026 sit

406 2072 593 2142 manifesta
616 2093 657 2139 ex
681 2069 866 2160 principiis
889 2071 1050 2161 superius
1073 2072 1218 2140 traditis
1240 2071 1283 2140 de
1313 2070 1475 2139 absoluta
1501 2089 1563 2157 per·

406 2179 567 2262 tectione,
593 2175 829 2266 simplicitate,
845 2177 1008 2264 veritate,
1026 2182 1141 2267 potest
1163 2185 1281 2246 nmen
1302 2177 1435 2247 directe
1458 2173 1561 2245 contir-
1603 2207 1604 2210 ¹

406 2285 559 2354 murier
582 2285 741 2355 doctrina
764 2285 1039 2375 Scripturarum.

472 2393 515 2462 Iu
539 2393 734 2486 Scripturis
757 2393 930 2483 imprimis
959 2401 1137 2486 tamquam
1160 2393 1330 2483 perfectio
1359 2393 1500 2483 propria
1519 2409 1560 2456 sa-
1603 2407 1604 2444 ³

405 2501 558 2593 pientiae
581 2501 723 2570 divinae
745 2500 957 2586 declaratur,
983 2501 1075 2592 quod
1098 2501 1200 2571 novit
1221 2509 1258 2570 et
1281 2503 1443 2570 intuetur
1464 2495 1559 2568 omnio

403 2609 450 2676 ab
463 2616 615 2694 aeterno,
630 2617 814 2701 autequam
830 2609 919 2676 fiant
933 2607 971 2676 in
986 2615 1152 2698 tempore.
1173 2637 1189 2670 n
1203 2606 1305 2676 Oculi
1317 2607 1457 2675 Domini
1468 2603 1559 2672 multo

402 2714 483 2804 plus
505 2715 695 2784 lucidiores
718 2723 802 2784 sunt
823 2737 928 2804 super
950 2714 1080 2795 solem,
1107 2715 1429 2805 circumspicientes
1461 2731 1558 2781 omues

403 2824 481 2894 vias
503 2821 693 2907 homiuum,
719 2823 824 2892 corda
846 2823 1024 2892 intuentes
1046 2831 1082 2892 et
1104 2823 1325 2891 absconditas
1347 2829 1476 2912 partes.
1504 2817 1556 2885 Do

404 2929 496 2999 mino
519 2931 610 2999 enim
632 2931 705 2999 Deo
727 2937 913 3023 antequam
936 2937 1150 3014 crearentur,
1176 2931 1291 2997 omnia
1314 2935 1399 2996 suut
1421 2925 1554 3017 cognita,
1602 2969 1603 3034 ,

401 3035 453 3106 sic
468 3043 504 3105 et
519 3045 598 3126 post
613 3037 805 3125 perfectum
820 3037 967 3126 respicit
981 3037 1097 3104 omnia
1114 3034 1289 3104 «Ecclesi.
1300 3035 1439 3102 XXIII.
1449 3033 1500 3102 28.
1510 3027 1553 3097 29.
1602 3047 1603 3092 l

401 3146 540 3234 (graece
557 3143 611 3213 19.
632 3144 717 3231 20.).
736 3143 853 3212 Huius
876 3153 993 3213 autem
1016 3143 1244 3235 perfectionis
1266 3143 1359 3211 ratio
1383 3143 1555 3212 intrinseca

399 3251 437 3319 iu
461 3251 572 3320 sacris
593 3251 696 3320 libris
711 3273 752 3320 ea
768 3253 987 3342 proponitur,
1005 3253 1096 3342 quod
1112 3253 1248 3342 abipsa
1271 3251 1445 3340 sapientia
1459 3245 1553 3318 omnia

399 3354 561 3444 pendent,
587 3355 644 3424 vel
668 3355 758 3448 quod
783 3355 859 3445 ipsa
875 3363 930 3424 est
945 3356 1094 3444 ortifcn,
1113 3356 1265 3448 adeoque
1288 3355 1441 3424 omnium
1463 3349 1551 3422 conti·

398 3467 459 3530 net
480 3462 655 3548 rationes,
683 3461 737 3530 vel
761 3463 852 3554 quod
875 3463 1029 3532 efficacia
1052 3463 1167 3532 divini
1191 3463 1346 3530 intuitus
1378 3461 1488 3530 omnia
1506 3477 1550 3548 pe·

398 3575 527 3636 netrat.
556 3597 572 3634 a
598 3569 813 3637 Intellexisti
837 3569 1067 3659 cogitationes
1090 3591 1183 3638 meas
1205 3570 1247 3638 de
1269 3567 1430 3657 longe...
1455 3583 1550 3634 omnes

399 3675 477 3744 viss
501 3697 593 3746 meas
616 3677 866 3766 praevidisti...
892 3677 982 3746 Ecce
1004 3677 1148 3746 Domine
1170 3685 1211 3746 tu
1234 3675 1432 3766 cognovisti
1453 3670 1547 3742 noris·

398 3781 487 3850 sima
509 3784 739 3877 etantiqua:
764 3792 806 3852 tu
830 3785 990 3852 formasti
1013 3807 1065 3852 me
1089 3784 1139 3871 (1)
1163 3791 1200 3853 et
1221 3785 1370 3874 posuisti
1393 3805 1490 3872 super
1508 3797 1547 3846 ne

398 3911 535 3958 manum
558 3897 685 3960 tuama
704 3891 833 3961 Psalm.
851 3889 1084 3961 CXXXVIII.
1103 3889 1136 3959 3.
1155 3914 1230 3983 sqq.
1249 3889 1376 3973 «Quid
1399 3883 1548 3978 sapientis

396 3993 618 4086 locupletius,
637 4017 727 4089 quae
743 4005 907 4086 operatur
924 3997 1062 4066 omnia?
1080 3997 1120 4066 Si
1135 4005 1252 4066 autem
1267 4019 1390 4066 sensus
1405 3985 1543 4087 (ppoamtl
1601 4033 1602 4080 ,

462 4145 504 4220 (1)
523 4151 556 4204 ln
576 4155 657 4204 textu
675 4153 807 4206 hebraico
826 4153 895 4207 hacc
913 4153 989 4206 ratio
1003 4151 1121 4207 divinae
1137 4151 1276 4206 seieuttae
1294 4151 1338 4204 ita
1350 4149 1484 4206 redditur:
1498 4155 1545 4196 seo·
1601 4089 1602 4140 i

396 4237 514 4292 Domino
533 4244 564 4294 tu
584 4242 744 4307 cognovisti
763 4241 838 4296 illud
850 4259 940 4298 omne:
955 4246 1034 4298 retro
1046 4247 1077 4297 et
1088 4247 1154 4297 aute
1167 4237 1380 4314 (undequaque)
1390 4235 1500 4294 cunuti
1511 4245 1544 4285 Β·

394 4324 487 4399 (totus
504 4327 536 4382 lu
555 4333 606 4383 tua
624 4346 686 4385 snm
705 4327 861 4403 potestate)

398 4429 518 4522 oens
550 4403 610 4522 ’to
645 4420 755 4524 noer
788 4435 901 4528 'ecre
931 4435 1031 4526 eret
1063 4423 1161 4524 aare
1195 4405 1282 4531 tate
1310 4433 1404 4524 eor
