3394 5056
904 383 942 398 -
963 351 1005 413 50
1025 381 1064 398 ..

461 459 631 544 Quaestio
646 459 680 527 2·
696 463 762 543 est,
776 463 897 527 utrum
914 463 1037 546 gentes
1052 478 1094 527 ea
1108 477 1196 549 quae
1208 456 1300 548 legis
1315 461 1411 543 sunt,
1426 472 1571 526 naturu-

392 567 475 633 ltter
497 567 612 636 lacere
635 565 799 636 dicautur
821 586 864 634 ex
888 563 1026 632 viribus
1048 563 1273 634 naturalibus
1301 586 1346 632 aa
1376 587 1440 655 per
1470 565 1571 636 adiu·

389 673 519 744 torium
542 673 680 764 gratiae
704 669 998 762 supernaturalis,
1024 671 1237 763 proindeque
1251 677 1370 739 utrum
1386 693 1499 740 sermo
1523 672 1573 742 sit

390 784 432 852 de
454 781 593 851 actibus
608 777 945 871 supernaturalibus.
963 777 1073 847 Baius
1087 783 1124 847 et
1137 777 1260 847 deinde
1276 776 1493 864 Iansoniaui,
1508 781 1572 870 qui

389 897 518 982 negata
529 889 755 960 distinctione
767 887 862 956 iuter
874 887 1027 956 virtutes
1040 886 1222 956 naturales
1232 893 1270 956 at
1281 887 1572 977 supernaturales

391 999 610 1068 affirmabant
640 1003 740 1067 actus
767 1017 884 1064 omues
911 995 1106 1064 infidelium
1128 1017 1204 1064 esse
1226 1001 1386 1085 peccota,
1412 1003 1571 1086 propter·

391 1130 433 1176 ea
456 1107 561 1176 etiam
586 1105 765 1190 docebant,
780 1104 874 1173 huuc
890 1108 1024 1174 textum
1035 1103 1199 1194 Apostoli
1210 1125 1279 1172 non
1291 1125 1390 1194 posse
1412 1103 1574 1192 intelligi

389 1215 460 1283 nisi
483 1213 525 1282 de
548 1213 634 1282 solis
657 1211 820 1282 fidelibus
842 1212 943 1282 etde
966 1211 1103 1281 autibus
1133 1211 1290 1281 fidelium
1324 1212 1493 1302 profectis
1526 1235 1570 1280 ex

390 1323 520 1413 gratia,
545 1321 691 1390 alteram
715 1320 1037 1409 interpretationem
1059 1320 1103 1389 de
1125 1319 1290 1410 gentibus
1312 1319 1517 1390 infidelibus
1534 1329 1572 1388 et

390 1430 527 1500 actibus
550 1427 762 1500 naturaliter
784 1428 941 1498 honestis
963 1451 1038 1498 esse
1060 1428 1299 1518 Pelagianam.
1323 1429 1449 1498 Estius
1472 1428 1570 1498 theo·

388 1537 491 1627 logus
514 1535 709 1606 catholicus
731 1535 997 1626 explicationem
1020 1536 1183 1626 magistri
1206 1536 1263 1606 sui
1285 1536 1366 1604 Boii
1389 1537 1568 1624 retinuit,

390 1653 562 1738 quatenus
586 1643 760 1712 affirmans
783 1649 848 1727 est,
866 1644 1086 1737 asseruitque
1112 1666 1187 1714 esse
1202 1644 1328 1737 utique
1342 1643 1458 1714 locum
1473 1645 1569 1735 Apo-

390 1753 473 1822 stoli
496 1751 764 1842 intelligendum
779 1783 795 1816 u
812 1751 854 1820 de
879 1753 963 1820 solis
987 1751 1150 1820 fidelibus
1166 1751 1243 1823 sive
1258 1751 1394 1822 Christi
1410 1773 1569 1842 praeces-

389 1861 500 1930 serint
522 1861 712 1930 adveutum
736 1861 812 1930 sive
835 1861 947 1930 secuti
972 1861 1057 1946 sint,
1078 1888 1095 1922 n
1113 1859 1219 1952 idque
1235 1859 1313 1930 ideo
1328 1860 1412 1952 qnia
1431 1859 1571 1929 Paulus

389 1969 490 2038 unice
513 1969 678 2062 loquatur
702 1968 744 2038 de
767 1967 1029 2060 supernaturali
1057 1974 1094 2038 et
1117 1969 1297 2038 meritoria
1327 1968 1572 2038 observatione

390 2077 495 2167 legis.
515 2078 614 2148 Hauc
638 2099 735 2146 suam
760 2076 968 2146 seutentiam
984 2076 1109 2146 Estius
1124 2077 1329 2146 confirmare
1352 2076 1495 2146 studuit
1510 2098 1573 2145 su·

390 2185 555 2254 ctoritate
567 2185 712 2254 Petrum
724 2191 760 2255 et
771 2184 1024 2274 theologorum,
1040 2185 1211 2276 imprimis
1222 2183 1433 2276 Augustini,
1444 2183 1572 2253 deinde

388 2293 573 2382 Prosperi,
607 2291 813 2382 Fulgentii,
837 2293 1115 2378 Ambrosiastri,
1141 2293 1327 2382 Hugonis,
1353 2290 1542 2361 Lombardi
1560 2343 1569 2378 ,

388 2397 565 2482 Hervaei,
592 2397 628 2466 S.
641 2397 815 2483 Thomas,
841 2399 1088 2486 Canthusiaui;
1122 2399 1335 2470 Graecorum
1365 2399 1497 2482 etiam,
1528 2405 1574 2466 ut

388 2505 563 2596 Origenis,
589 2504 843 2595 Chrysostomi,
870 2507 1140 2599 Thoophylacti,
1167 2507 1379 2578 Oscumenii.
1404 2507 1461 2576 Ex
1489 2529 1572 2576 oon·

388 2619 490 2682 textu
513 2613 595 2682 dein
619 2613 730 2704 ipsius
753 2613 822 2684 loci
845 2613 938 2684 huno
963 2615 1247 2684 commentarium
1266 2615 1319 2684 eit
1342 2637 1416 2685 esse
1433 2645 1449 2680 u
1464 2615 1572 2684 valde

388 2722 599 2812 probabilem
622 2731 658 2792 et
681 2745 787 2814 pesum
810 2729 956 2794 eertum.
977 2753 993 2788 n
1013 2725 1089 2795 Nou
1113 2731 1229 2794 tamen
1263 2725 1387 2795 Estius
1422 2730 1572 2794 secutus

388 2836 442 2898 est
471 2830 597 2899 Baium
628 2830 665 2898 in
696 2832 978 2902 condemnatione
1009 2832 1161 2902 alterius
1192 2832 1495 2925 interpretationis
1526 2833 1572 2902 de

388 2937 552 3026 gentibus
576 2937 777 3008 infidelibus
800 2947 836 3008 et
859 2940 901 3009 de
925 2941 1063 3010 actibus
1086 2939 1310 3010 naturalibus
1332 2941 1447 3010 ethice
1462 2941 1571 3010 houe-

387 3045 473 3131 stis;
500 3047 634 3114 fatetur
657 3047 761 3132 enim,
784 3047 909 3117 ahane
932 3050 1182 3140 expositionem
1206 3049 1298 3118 nihil
1321 3049 1448 3119 habere
1462 3071 1571 3118 sanae

387 3151 566 3221 doctrinae
590 3155 817 3224 contrarium.
838 3184 854 3218 n
873 3157 924 3224 At
946 3165 1052 3244 certe,
1078 3158 1109 3227 si
1133 3157 1234 3226 Estio
1258 3158 1422 3244 fidimus,
1448 3165 1570 3228 aueto-

389 3257 496 3326 ritate
523 3259 711 3328 Doctorum
735 3261 879 3331 videtur
902 3235 986 3333 ha'ec
1010 3265 1184 3334 sententia
1207 3288 1329 3355 parum
1353 3265 1466 3334 firme:
1492 3287 1569 3334 eam

387 3365 591 3451 detendunt,
618 3369 745 3460 inquit,
769 3399 785 3434 a
804 3371 965 3440 nonnulli
989 3371 1082 3446 iuter
1099 3395 1185 3465 quos
1197 3373 1430 3442 tristanus.»

456 3475 624 3558 Quaestio
648 3475 795 3568 denique
819 3477 852 3543 8·
868 3486 942 3564 est,
971 3487 1091 3550 utrum
1114 3481 1170 3549 lex
1195 3481 1337 3549 moralis
1361 3481 1501 3550 dicatur
1525 3484 1570 3549 ab

388 3581 557 3670 Apostolo
575 3582 799 3652 manifestata
822 3587 987 3674 gentibus
1011 3589 1142 3656 lumine
1165 3589 1315 3658 rationis
1331 3589 1424 3657 citra
1446 3589 1570 3679 positi-

389 3713 468 3759 vam
489 3689 720 3760 extrinsecam
744 3693 993 3764 revelationem
1016 3695 1119 3785 legis,
1138 3688 1182 3764 au
1199 3720 1282 3766 vero
1306 3721 1385 3766 oum
1401 3697 1567 3787 Apostoli

388 3797 506 3866 verbis
519 3798 700 3867 conciliari
713 3800 824 3889 possit
836 3803 1022 3886 sententia,
1035 3825 1123 3894 quae
1135 3811 1243 3894 negat
1253 3805 1423 3875 humanae
1436 3805 1570 3874 rationi

388 3905 484 3974 vires
500 3907 788 3996 supersensibilia
809 3915 845 3976 et
868 3911 1074 3978 nominatim
1091 3913 1245 3982 ordinem
1262 3913 1425 3983 moralem
1445 3917 1483 3982 et
1498 3935 1568 3980 mo·

387 4012 496 4081 ralem
513 4013 761 4102 obligationem
785 4017 927 4087 aliunde
950 4020 1192 4108 cognoscendi,
1211 4041 1313 4111 quam
1330 4043 1391 4110 per
1407 4021 1509 4089 fidem
1525 4043 1570 4089 ex

387 4118 541 4208 positiva
564 4119 655 4210 legis
678 4121 903 4192 revelatione.
924 4123 998 4192 Hoc
1014 4147 1119 4194 sensu
1138 4148 1236 4194 nemo
1252 4149 1362 4218 usque
1384 4125 1428 4196 ad
1450 4149 1568 4196 recen-

387 4225 480 4294 tiora
503 4227 588 4294 haec
611 4233 767 4319 tempora
790 4254 832 4299 ue
855 4231 980 4300 Estius
1004 4235 1142 4326 quidem
1167 4237 1241 4325 ipse
1265 4235 1456 4320 dubitavit,
1481 4235 1569 4327 quin

387 4335 517 4404 rationi
540 4335 663 4423 insint,
689 4343 725 4406 et
747 4341 946 4410 testimonio
969 4342 1133 4433 Apostoli
1154 4343 1267 4414 inesse
1286 4345 1570 4414 demonstrentur

386 4442 482 4510 vires
505 4445 735 4534 cognoscendi
758 4445 871 4534 legem
895 4449 1093 4520 naturalem
1118 4449 1210 4521 citra
1232 4450 1323 4540 legis
1340 4449 1496 4521 eiusdem
1509 4473 1570 4542 po·
