3292 5062
890 333 929 346 -
952 299 1010 362 108
1029 333 1067 346 -

391 427 425 471 n.
444 402 499 470 33.
519 403 574 472 34.
594 405 754 488 animam,
780 410 951 496 quatenus
975 429 1011 474 se
1034 428 1076 474 ex
1100 405 1175 473 sois
1198 404 1456 495 operationibus
1480 403 1547 471 sub·

393 511 556 580 stantiam
590 512 808 602 spiritualem
842 513 1032 602 cognoscit,
1054 543 1069 576 a
1088 513 1157 580 sibi
1187 513 1255 603 ipsi
1286 535 1361 582 esse
1392 513 1484 582 viam
1513 511 1550 578 ad

393 619 561 687 notionem
585 627 620 690 et
643 619 888 708 cogitationem
904 619 982 704 Dei,
1000 629 1106 712 atque
1130 621 1182 690 ita
1203 643 1246 688 ex
1263 643 1298 688 se
1314 620 1393 710 ipsa
1407 620 1552 708 accipere

392 727 619 816 cognitionem
642 728 707 796 Dei
730 727 836 796 Verbi
856 755 872 789 r
890 727 969 814 (Dei
987 728 1094 796 Verbi
1117 727 1275 797 absolute
1298 729 1448 816 spectati
1474 727 1552 794 acci·

393 836 444 924 pit
465 859 507 904 ex
531 859 567 906 se
590 836 832 928 cognitionem,
857 837 924 904 Dei
947 837 1053 905 Verbi
1079 836 1229 926 spectati
1253 835 1484 926 personaliter
1506 855 1553 900 ac·

391 941 478 1032 cipit
499 965 541 1012 ax
564 965 599 1013 se
623 945 854 1034 cognitionem
877 943 1095 1033 analogicam
1119 943 1302 1033 supposita
1317 942 1551 1024 revelatione).

391 1049 553 1141 Gregorii
575 1049 682 1140 Nysa.
702 1050 727 1118 l.
746 1073 775 1120 c.
795 1051 956 1120 doctrina
979 1051 1064 1122 haec
1087 1055 1153 1120 est:
1179 1051 1272 1118 Deus
1295 1051 1333 1118 in
1363 1073 1400 1118 se
1432 1071 1555 1140 suaque

390 1167 516 1228 natura
538 1165 592 1228 est
607 1159 776 1228 humanae
793 1159 923 1228 rationi
939 1158 1235 1227 immensurabilis
1251 1165 1287 1226 et
1303 1157 1556 1247 incomprehen-

391 1267 625 1354 sibilis31nnt
646 1273 760 1335 umen
784 1288 887 1357 opera
909 1267 987 1352 Dei,
1013 1289 1054 1335 ex
1079 1267 1206 1358 quibus
1235 1267 1345 1334 Deum
1378 1287 1557 1356 possumus

389 1395 603 1466 cognoscere:
621 1374 697 1442 ideo
720 1373 784 1442 Dei
808 1395 911 1464 opera
934 1379 1018 1442 sont
1040 1374 1140 1442 nobis
1164 1396 1326 1442 mensura
1349 1373 1557 1463 cognitionis

389 1483 464 1570 Dei;
484 1483 575 1552 inter
591 1481 675 1551 baec
690 1489 806 1550 antem
830 1483 958 1551 eminet
981 1485 1057 1574 ipsa
1079 1483 1197 1550 anima
1219 1482 1439 1571 spiritualis,
1465 1503 1559 1572 prae

390 1591 508 1662 sertim
534 1592 609 1676 sia
638 1590 738 1658 sorde
769 1591 902 1680 peccati
933 1612 969 1658 se
1001 1591 1220 1680 purgaverit.
1247 1589 1346 1658 Unde
1364 1619 1381 1654 a
1400 1611 1560 1658 mensura

389 1699 453 1770 tibi
477 1697 797 1789 comprehensibilis
820 1698 1032 1787 cognitionis
1056 1698 1120 1766 Dei
1144 1698 1181 1765 in
1204 1707 1239 1765 te
1262 1703 1339 1781 est,
1366 1721 1468 1782 cum,
1503 1698 1559 1789 qni

388 1807 522 1880 creavit
536 1813 583 1890 te,
599 1811 737 1874 tuntmn
763 1807 887 1874 bonum
912 1811 1061 1874 naturae
1077 1815 1158 1874 tuae
1174 1804 1360 1874 essentiale
1375 1805 1559 1888 indiderit,

390 1903 550 1990 boiorum
573 1913 663 1984 enim
689 1937 770 1982 snae
794 1921 941 1984 naturae
965 1916 1183 1984 imitamenta
1205 1920 1267 1983 tuo
1291 1915 1453 2006 plasmati
1467 1916 1561 1983 Deus
1619 1890 1622 1926 v

387 2021 572 2112 insculpsit
588 2021 696 2106 (l)....
715 2019 772 2086 lte
795 2027 849 2090 cst
873 2022 994 2090 beatus
1017 2022 1143 2090 mundo
1159 2021 1273 2106 corde,
1288 2021 1371 2114 quia
1387 2021 1562 2111 propriam

387 2135 525 2204 intuens
548 2129 753 2196 munditiem
777 2128 814 2195 in
837 2128 990 2217 imagine
1018 2129 1118 2198 videt
1145 2129 1427 2218 archetypum.»
1457 2129 1560 2211 Quis·
1627 2146 1628 2154 ¹

386 2261 450 2336 qna
473 2234 581 2319 videt,
600 2235 723 2303 Patres
746 2233 787 2302 de
804 2243 985 2303 concreato
1003 2235 1113 2304 medio
1130 2235 1342 2324 cognitionis
1359 2258 1427 2304 non
1442 2247 1563 2304 antem

384 2347 424 2420 de
448 2351 630 2416 concreata
653 2343 852 2432 cognitione
876 2367 1063 2412 sermonem
1088 2343 1225 2412 babere.

450 2451 486 2540 d)
502 2451 862 2522 Animadvertendum
886 2461 1066 2542 praeterea
1088 2457 1154 2536 est,
1174 2451 1302 2520 multos
1326 2451 1461 2520 adferri
1484 2459 1562 2522 tum

384 2589 405 2636 ι
428 2561 637 2634 'Phornasino
661 2569 735 2628 tum
759 2582 781 2628 a
804 2559 1052 2630 Staudenmeir
1087 2561 1151 2630 SS.
1178 2561 1246 2628 PP.
1269 2567 1389 2629 textus
1412 2561 1459 2629 ad
1483 2583 1564 2652 pro-

384 2669 529 2744 bandam
552 2667 727 2736 divinitus
752 2667 951 2756 impressam
973 2667 1108 2736 animae
1131 2667 1295 2736 notitiem
1318 2669 1395 2754 Dei,
1420 2667 1458 2735 in
1483 2671 1562 2762 qui·

384 2781 445 2850 bus
469 2775 510 2846 do
534 2773 658 2842 habito
683 2773 894 2862 cognitionis
918 2773 1199 2864 supernaturalis
1222 2781 1259 2844 et
1282 2775 1324 2844 de
1347 2775 1414 2844 lide
1437 2777 1564 2845 infusa

383 2885 481 2958 onice
506 2903 616 2950 sermo
639 2887 705 2950 est.

448 2996 478 3078 e)
497 2989 671 3058 Postremo
695 2989 732 3056 in
756 2987 1065 3058 considerationem
1088 2990 1237 3060 veniunt
1260 2991 1383 3060 Patres
1406 2989 1477 3074 illi,
1498 2993 1563 3084 qni

383 3101 442 3172 ilai
458 3097 629 3168 notionem
642 3096 787 3164 totidem
800 3098 917 3166 verbis
930 3097 1084 3182 insitam,
1097 3099 1264 3167 insertam
1276 3099 1392 3166 animo
1404 3099 1562 3167 omnium

383 3203 557 3276 bertricum
576 3223 616 3270 ac
633 3201 828 3268 naturalem
845 3225 918 3270 esse
935 3202 1069 3286 dicunt,
1081 3225 1167 3294 quos
1179 3202 1368 3272 citavimus
1385 3228 1417 3293 p.
1429 3202 1486 3271 94.
1502 3227 1559 3297 sq.

382 3307 492 3402 sequi
516 3305 683 3396 inspectis
706 3301 793 3372 locis
817 3305 891 3372 illis
915 3305 1073 3374 omnibus
1096 3307 1234 3374 omnino
1257 3307 1454 3391 constabit,
1479 3329 1561 3376 eum

379 3434 452 3483 csse
476 3431 634 3492 ιιιιιιιιιι,
661 3430 761 3499 qoem
784 3408 887 3476 initio
911 3410 1152 3499 proposuimus
1174 3419 1211 3478 et
1233 3411 1412 3503 bucusque
1442 3411 1561 3481 decla·

382 3515 550 3590 ravirnus.
577 3511 752 3582 Videlicet
775 3518 807 3600 e)
823 3513 979 3602 cognitio
1002 3514 1048 3582 iis
1070 3515 1239 3604 epithetis
1268 3537 1336 3584 non
1368 3518 1560 3605 opponitur

380 3614 573 3708 orrgnitioni
588 3615 781 3706 acquisitae
797 3613 1006 3705 simpliciter
1021 3639 1029 3702 ;
1048 3615 1151 3685 immo
1168 3621 1200 3704 i)
1216 3617 1347 3686 diserte
1364 3617 1421 3687 vel
1437 3621 1558 3712 aequi-

382 3725 538 3800 valenter
563 3721 752 3808 iudicetur,
776 3743 851 3792 eam
875 3745 950 3793 esse
972 3725 1181 3816 acquisitam
1203 3745 1246 3793 ax
1269 3726 1558 3815 praecognitione

381 3941 428 3998 ubl
442 3941 495 4010 ιιι,
510 3939 633 3996 culmum
647 3959 658 3988 a
672 3955 701 3994 ss
716 3939 808 4008 ipsam
820 3939 1011 4008 considerare,
1027 3945 1060 3994 ut
1072 3943 1117 3994 est
1129 3941 1222 4006 imago
1237 3942 1298 4008 Dei,
1314 3946 1347 3996 ut
1360 3943 1403 3997 sle
1413 3943 1478 3996 slus
1491 3959 1554 3998 con·

380 4031 518 4090 sideratio
535 4045 590 4086 ιιοιι
614 4031 702 4084 ιιιιιι
719 4029 751 4084 iu
771 4045 812 4100 se,
833 4030 883 4084 aad
905 4031 1040 4100 procedat
1057 4047 1147 4100 usquo
1166 4030 1201 4100 sd
1213 4031 1337 4084 Deum.-

441 4117 483 4194 (Ι)
503 4123 539 4176 'l'c
560 4141 613 4194 γαρ
632 4141 673 4176 σοι
694 4141 811 4194 χυρητοι
832 4141 878 4182 της
901 4142 946 4176 roc
967 4119 1029 4176 θιου
1045 4143 1226 4184 tarasconem
1246 4143 1341 4194 purgor
1358 4119 1384 4175 ir
1405 4142 1448 4175 σοι
1473 4119 1555 4186 irrsr,

377 4209 457 4272 dure(
478 4229 522 4264 ιον
543 4213 698 4272 πλασαιιις
713 4229 743 4262 σι
762 4229 790 4262 rc
812 4229 929 4262 rancores
942 4207 1049 4281 ιῖγαθοι
1071 4208 1151 4272 εὐθυς
1171 4232 1202 4284 τῃ
1217 4225 1294 4281 curn
1315 4230 1556 4272 turcomannor-

380 4319 426 4358 ιιι
446 4319 497 4376 γαρ
517 4319 563 4362 τις
585 4293 654 4362 idias
671 4313 771 4368 parrer
786 4295 898 4372 α’γιιθυι
916 4303 930 4354 ι’
945 4297 1006 4362 Scor
1027 4296 1172 4355 ιἰιτυιιισι
1192 4319 1225 4372 sp
1243 4319 1278 4372 σῃ
1298 4319 1448 4372 κιιασιιυῃ
1466 4321 1501 4354 ra
1511 4323 1553 4373 μι-

378 4411 501 4466 flmm-
