3292 5062
572 383 611 396 -
634 350 693 412 105
713 383 751 396 -

147 455 211 522 iarn
232 477 313 523 vero
338 454 400 545 qui
424 453 513 523 hauc
537 461 700 524 statuunt
722 455 893 523 humanae
921 454 1133 544 cognitionis
1147 454 1238 522 theo

86 565 173 646 riam,
195 563 220 630 ii
242 563 397 651 profecto
420 562 486 630 Dei
509 563 740 651 cognitionem
765 563 889 632 docent
912 586 985 632 esse
1009 563 1236 654 acquisitam

86 671 257 762 siquando
279 692 364 758 ergo
391 691 466 738 eum
500 670 625 738 dicunt
654 669 825 738 humanae
854 677 1003 740 naturae
1033 672 1175 740 insitam
1205 677 1241 738 et

86 779 298 868 congenitam,
324 801 392 846 nou
417 779 480 846 illo
504 799 607 846 seusu
630 779 788 868 intelligi
811 789 982 870 possunt,
1010 801 1108 872 quem
1134 779 1240 847 verba

84 885 178 976 primo
197 891 340 975 aspectu
363 886 579 975 praeseferre
601 885 778 966 videntur,
798 893 834 954 et
856 909 955 978 quem
979 909 1046 954 non
1070 886 1171 976 pauci
1189 909 1239 954 ue-

84 995 237 1060 ceutiorea
260 992 343 1061 iude
366 1014 388 1058 a
411 992 549 1060 saeculo
572 991 689 1059 XVII.
705 993 842 1062 labente
865 993 911 1060 iis
933 994 1194 1062 adtribuerent.

139 1099 180 1166 2⁰.
200 1099 290 1168 Sane
305 1123 348 1168 ex
365 1099 597 1185 contextibus,
615 1100 652 1167 iu
677 1101 804 1190 quibus
819 1099 902 1167 illae
918 1100 1110 1169 locutiones
1123 1123 1239 1169 occur·

83 1214 166 1291 runt,
190 1207 246 1276 vel
270 1207 395 1275 saltem
418 1229 461 1274 ex
484 1206 671 1276 collatione
694 1208 874 1276 doctrinae
898 1193 1080 1304 auctorum
1104 1207 1187 1276 aliis
1203 1208 1240 1275 iu

83 1316 157 1384 locis
175 1337 358 1406 expressae
382 1324 539 1406 apparet,
564 1316 642 1384 ideo
666 1315 736 1384 diei
768 1316 999 1405 coguitionem
1030 1317 1173 1384 insitam
1205 1321 1242 1385 et

82 1447 148 1492 cum
168 1433 296 1493 natura
318 1423 487 1492 rationali
511 1432 717 1508 consertam,
737 1425 820 1515 quia
842 1424 1031 1495 existentia
1047 1425 1111 1493 Dei
1124 1426 1169 1494 ad
1182 1446 1241 1492 eas

83 1531 236 1600 veritates
259 1532 425 1622 pertinet,
451 1553 538 1623 quas
561 1531 714 1598 humana
736 1533 852 1616 ratio,
879 1531 1016 1624 quaudo
1039 1532 1241 1602 intellectus

82 1640 140 1707 iam
160 1641 246 1708 ideis
269 1641 315 1710 ad
337 1641 538 1730 expeditum
561 1641 767 1710 exercitium
795 1641 1003 1709 necessariis
1029 1641 1241 1711 informatus

82 1754 144 1828 est,
165 1771 206 1816 ex
237 1747 337 1816 facili
366 1755 403 1816 et
425 1749 583 1816 omnibus
606 1749 709 1817 obvia
732 1749 1008 1818 consideratione
1030 1750 1241 1818 obiectorum

83 1855 196 1924 lumine
219 1855 289 1924 sibi
315 1857 426 1924 insito
457 1863 493 1925 et
522 1857 559 1924 vi
590 1858 776 1946 congenita
811 1857 1032 1948 assequitur,
1067 1859 1152 1948 quin
1185 1858 1241 1926 vel

83 1963 228 2052 specialis
251 1971 289 2034 et
312 1964 507 2032 scientifica
529 1965 637 2032 animi
662 1965 804 2033 cultura
827 1965 884 2033 vel
903 1965 1033 2034 reflexa
1056 1989 1096 2034 ac
1120 1967 1242 2035 diffici-

84 2069 159 2138 liora
179 2071 368 2140 ratiocinia
391 2072 447 2140 vel
471 2073 690 2141 extrinsecus
722 2073 887 2141 accedeus
918 2071 960 2140 de
992 2073 1058 2142 hac
1089 2075 1241 2142 veritate

84 2178 145 2246 sive
166 2179 349 2248 institutio
372 2179 523 2246 bumana
545 2180 620 2248 sive
644 2179 816 2249 revelatio
839 2181 961 2249 divina
976 2183 1241 2270 praerequiran·

84 2293 141 2354 tur.
157 2288 210 2356 Ex
235 2289 300 2357 hoc
315 2289 391 2378 ipso
415 2289 550 2374 deinde,
577 2289 668 2380 quod
691 2289 776 2358 haec
800 2290 931 2358 notitia
962 2289 1027 2357 Dei
1057 2289 1242 2358 existentis

84 2396 196 2463 rationi
215 2395 320 2463 obvia
335 2403 443 2465 estex
467 2396 513 2464 iis
536 2397 632 2482 solis,
660 2419 746 2487 quae
769 2397 928 2464 omnibus
955 2397 1153 2466 bominibus
1181 2419 1240 2464 na·

84 2501 236 2572 turaliter
260 2508 400 2594 praesto
430 2511 537 2588 sunt,
563 2503 628 2572 illa
650 2511 704 2572 est
738 2504 952 2572 universalis
987 2512 1022 2574 et
1051 2505 1241 2574 communis

85 2610 249 2696 omuibus,
276 2612 337 2704 qui
368 2617 531 2681 naturam
554 2611 705 2680 rationis
728 2637 795 2681 non
823 2619 1082 2703 perverterunt,
1097 2613 1158 2704 qui
1173 2635 1240 2680 uon

84 2723 151 2782 suut
166 2717 250 2784 vani
268 2724 398 2785 natura
416 2711 674 2810 (perceceperat),
693 2727 734 2787 ut
756 2719 888 2788 dicitur
918 2720 1000 2809 Sap.
1019 2719 1122 2786 XIII.
1142 2719 1240 2786 Lux

85 2818 199 2912 duplici
227 2824 349 2915 itaque
380 2825 662 2894 reticue.merito
685 2827 818 2896 dicitur
841 2849 862 2894 a
885 2828 1051 2896 Patribus
1067 2827 1163 2895 notio
1188 2828 1239 2895 iu·

84 2931 140 2998 sita
159 2931 323 3023 (ἑμφυτος);
350 2939 426 3000 tum
451 2933 542 3023 quod
574 2956 615 3001 ex
639 2934 717 3023 ipsa
739 2935 907 3004 rationali
930 2942 1058 3003 natura
1091 2958 1158 3002 usu
1189 2936 1240 3003 la-

85 3039 238 3108 cultstum
263 3041 422 3108 omuibus
438 3040 661 3110 connaturali
685 3041 882 3127 efflorescit,
908 3049 944 3111 et
966 3044 1018 3110 ita
1041 3049 1094 3110 est
1116 3043 1242 3110 intima

85 3154 225 3232 naturae,
253 3169 343 3239 quae
367 3149 412 3215 ed
434 3149 500 3217 Dei
523 3149 758 3237 coguitionem
782 3131 955 3219 facta'est
970 3151 1032 3238 (1),
1051 3157 1125 3218 tum
1150 3151 1240 3242 quod

88 3273 141 3320 nou
170 3261 223 3323 est
256 3253 425 3322 restricta
455 3254 499 3322 ad
530 3277 696 3344 personas
724 3255 966 3345 singularibus
996 3257 1094 3324 donis
1117 3255 1241 3325 distin-

86 3365 149 3426 ctas
162 3361 219 3430 sed
234 3369 380 3429 extensa
394 3362 438 3430 ad
461 3369 622 3430 naturam
639 3385 848 3432 communem
861 3363 999 3452 generis
1014 3363 1158 3430 humani
1175 3364 1237 3452 (2),

88 3469 355 3554 quemadmodum
377 3466 569 3536 S.Iacobus
586 3468 616 3536 Ι.
628 3467 839 3538 21.verbum
856 3469 1051 3538 revelatum
1075 3471 1168 3539 dixit
1190 3472 1241 3539 in-

141 3807 178 3882 (1)
197 3812 354 3879 «Cognitio
371 3813 517 3866 existendi
536 3813 624 3866 Deum
643 3812 750 3866 dicltur
775 3815 906 3867 omuibus
926 3813 1101 3866 naturaliter
1119 3814 1239 3879 iuuenta,

90 3899 146 3963 quia
162 3903 287 3956 omuibus
306 3903 485 3956 naturaliter
503 3903 644 3956 insertum
663 3908 708 3956 est
726 3903 856 3970 aliquid,
878 3901 953 3956 unde
977 3907 1074 3971 potest
1095 3901 1241 3970 perventu-l

91 3985 117 4038 ad
133 3991 348 4055 cognoscendum
367 3992 455 4044 Deum
478 4006 561 4044 exse»
579 3989 609 4045 S.
621 3991 718 4044 Thom.
733 3990 867 4044 daverit.
883 4007 911 4058 q.
925 3992 968 4043 10.
983 4007 1009 4044 a.
1024 3992 1066 4044 12.
1079 3989 1115 4043 ed
1128 3991 1152 4044 1.
1168 3990 1242 4044 uDei

91 4081 196 4142 mgnitiu
215 4081 298 4134 nobis
316 4079 426 4133 dicitur
446 4079 549 4132 lunata
569 4095 642 4146 esse,
658 4080 688 4130 iu
710 4083 848 4146 quantum
867 4094 918 4146 per
940 4080 1084 4146 principia
1102 4080 1185 4132 noble
1199 4079 1242 4132 iu-

93 4167 186 4221 naeus
196 4171 275 4223 lucili
288 4171 434 4238 percipere
445 4185 594 4238 possumus
607 4171 694 4224 Deum
704 4185 765 4224 ease
776 4191 787 4218 n
798 4170 880 4223 Id.iu
894 4171 974 4224 sect.
987 4171 1108 4225 de'l'riu.
1118 4185 1240 4237 procem.

93 4269 114 4319 q.
124 4257 146 4308 1.
155 4273 179 4310 a.
188 4259 214 4312 3.
228 4259 263 4312 ad
274 4259 301 4312 6.
316 4257 374 4332 (ed.
384 4259 418 4312 de
439 4256 575 4331 Rubslu).

143 4345 180 4419 (8)
197 4349 269 4403 illue
288 4349 364 4419 apud
381 4351 522 4403 Exsilium
542 4353 632 4404 contr.
650 4351 818 4404 Eunomluur
840 4353 893 4405 1.1.
908 4352 1017 4406 u.5.'1¹.
1029 4353 1053 4408 Ι.
1067 4368 1096 4420 p.
1108 4351 1170 4404 214.
1184 4364 1242 4404 cou-

95 4436 250 4495 ebusum
269 4437 472 4512 irrumperem
493 4443 523 4494 at
544 4437 638 4495 irrotat
660 4462 761 4496 παντων
783 4463 873 4496 uorsus.
