3360 5060
925 413 963 428 ..
984 381 1045 442 030
1065 411 1103 427 -

427 486 680 556 excludendum
702 507 853 555 errorem
876 485 1145 576 Pelagianorum
1168 492 1205 555 et
1227 485 1577 578 Semipelagianornm,

428 617 495 662 non
517 616 592 663 esse
615 593 841 662 assertionem
870 593 1200 684 praedestinationis
1222 595 1266 663 ad
1289 595 1439 685 gloriam
1467 617 1522 686 per
1550 616 1580 662 se

426 707 602 792 spectatae
626 707 706 769 ente
729 701 1043 791 praevise'merita
1064 702 1361 792 supernaturalia.

494 809 539 876 2⁰.
560 805 764 876 Generalem
776 805 867 876 hano
879 807 1029 878 indolem
1044 808 1156 878 totius
1173 809 1432 880 oontruversiae
1446 809 1487 878 de
1498 829 1580 900 prae

427 914 660 985 destinatione
682 912 852 983 adversus
867 913 1075 1004 Pelagianos
1091 920 1128 984 et
1149 937 1268 985 eorum
1290 915 1458 1009 riliquias
1480 917 1514 986 in
1535 916 1582 983 do·

429 1023 545 1092 etrina
566 1021 764 1112 Augustini
793 1020 999 1092 distinctius
1022 1045 1204 1114 possumus
1226 1025 1472 1111 considerare,
1496 1029 1533 1092 ut
1551 1045 1583 1092 eo

429 1130 653 1200 manifestius
675 1132 814 1219 pateat,
844 1127 936 1220 quod
958 1127 996 1198 in
1026 1130 1119 1200 thesi
1145 1130 1453 1202 demonstrandum
1478 1153 1582 1222 propo

428 1261 573 1308 surmus.

515 1341 741 1435 Augustinus
763 1341 894 1412 diserte
916 1343 1046 1433 repetit
1067 1349 1104 1413 et
1129 1344 1296 1432 inouloat‚
1321 1367 1399 1415 eam
1425 1369 1463 1416 se
1483 1345 1584 1414 deien-

426 1455 507 1525 ders
529 1453 700 1522 rationem
723 1449 1067 1542 praedestinationis,
1093 1473 1181 1544 quae
1203 1455 1400 1523 neeessario
1415 1453 1583 1524 admitten-

427 1563 472 1631 da
495 1560 544 1629 sit
566 1561 610 1628 ab
633 1557 802 1642 omnibus,
828 1557 889 1649 qui
913 1557 1094 1628 fateantur
1115 1561 1268 1650 gratiam
1290 1561 1408 1651 gratis
1423 1560 1513 1646 deri,
1529 1581 1585 1627 non

426 1669 563 1738 meritis
585 1667 696 1752 reddi,
713 1671 749 1736 et
765 1685 835 1758 qua
849 1673 978 1756 negata
993 1668 1187 1738 neeessario
1203 1669 1252 1738 sit
1266 1691 1492 1763 oonsequens‚
1508 1667 1584 1760 quod

426 1775 569 1846 initium
592 1773 710 1843 meriti
732 1773 903 1843 salutaris
924 1795 968 1844 ex
991 1775 1091 1844 nobis
1112 1780 1168 1845 est
1185 1799 1254 1846 non
1269 1799 1312 1847 er
1327 1778 1461 1868 grstia.
1489 1775 1584 1844 sAnt

426 1885 529 1970 anim,
554 1883 683 1976 iuquit,
708 1883 760 1953 sio
777 1880 1054 1972 praedestinatio
1074 1883 1310 1974 praedicando
1340 1903 1390 1954 est
1402 1937 1415 1970 ‚
1440 1883 1584 1980 quemad·

428 1991 563 2062 modum
586 2011 660 2060 eam
685 1989 872 2081 Soripturs
893 1989 1075 2060 evidenter
1097 1991 1298 2084 loquitur...
1324 2009 1388 2060 ast
1409 1993 1579 2084 gratiose

427 2097 571 2167 eundum
584 2101 708 2166 merita
722 2113 842 2167 ssosm
865 2097 947 2167 duri
968 2099 1203 2191 confitendum,
1227 2103 1319 2196 quod
1342 2103 1488 2194 sapiunt
1500 2099 1582 2170 Pels-

426 2206 525 2298 giani
541 2233 558 2271 s
577 2207 619 2277 de
634 2206 732 2276 Dono
748 2230 882 2299 persev.
902 2233 937 2276 n.
955 2209 1013 2278 41.
1032 2209 1176 2280 Soilioet
1191 2217 1233 2280 nt
1247 2211 1452 2304 frequenter
1465 2211 1582 2280 demon·

426 2315 717 2402 stratS.Dootor,
732 2317 764 2385 si
775 2315 862 2386 fides
873 2339 952 2386 oum
962 2315 1240 2389 Massiliensibus
1251 2318 1383 2390 dioitur
1394 2315 1583 2412 praevenite
1642 2409 1643 2412 Ἴ

426 2422 590 2515 gratiam,
609 2445 649 2494 eo
663 2423 739 2514 ipso
754 2423 874 2514 gratia
897 2425 1152 2496 retribueretur
1174 2427 1297 2496 merito
1320 2427 1417 2513 fidei,
1443 2445 1528 2520 quse
1547 2444 1580 2490 er
1642 2413 1643 2467 l

426 2531 524 2620 uobis
547 2537 650 2602 esset.
676 2529 734 2600 Ad
756 2531 849 2601 huno
872 2553 956 2622 ergo
978 2531 1230 2604 exolndsndum
1260 2555 1412 2603 errorem
1445 2533 1497 2602 sit
1516 2551 1535 2598 s
1553 2548 1581 2596 ss

425 2638 621 2732 praedicari
642 2637 1004 2730 praedestinationem.
1033 2640 1107 2733 «Si
1129 2647 1316 2734 utrumque
1338 2639 1496 2730 (initium
1513 2633 1580 2706 fidei

425 2754 461 2816 et
483 2745 759 2838 perseverantia)
782 2745 847 2816 Dei
870 2745 998 2816 donum
1021 2753 1095 2834 est,
1120 2749 1263 2819 ethaeo
1292 2748 1389 2818 Deus
1419 2749 1507 2818 dona
1527 2761 1579 2812 sus

425 2855 589 2924 daturum
612 2875 649 2923 se
670 2875 746 2923 esse
768 2855 972 2945 praescivit,
994 2853 1267 2946 praedestinatio
1283 2851 1520 2947 prosdioosds
1530 2863 1579 2930 est,

425 2977 464 3029 ut
481 2966 594 3052 possit
615 2985 695 3030 sero
717 2961 785 3029 Dei
805 2965 928 3054 protis
955 2963 988 3033 ls.
1015 2987 1043 3034 s.
1069 2987 1158 3055 psus
1177 2989 1246 3032 non
1268 2963 1450 3032 seeundum
1474 2961 1579 3028 nerito

423 3084 543 3138 norm
566 3068 684 3152 datar,
708 3070 941 3160 insuperabili
962 3074 1153 3140 monitione
1175 3071 1351 3162 defendis
1378 3071 1470 3141 Ibid.
1486 3093 1519 3140 u.
1532 3063 1576 3134 51

376 3257 380 3266 Ι
490 3177 746 3248 Intellexerunt
756 3177 883 3269 optime
898 3177 1146 3268 Massilienses,
1160 3202 1200 3250 eo
1215 3179 1355 3250 tandem
1369 3178 1487 3250 redire
1496 3194 1577 3268 prae

423 3284 690 3356 destinationem
712 3285 757 3353 ab
778 3285 984 3375 Augustino
1006 3287 1253 3378 praetiosum,
1279 3293 1320 3358 ut
1342 3285 1464 3377 gratia
1477 3279 1576 3354 med·-

424 3401 485 3464 tur
507 3391 712 3486 praevenire
735 3413 833 3462 omne
856 3393 1010 3480 initium,
1036 3394 1127 3487 qnod
1157 3395 1206 3464 sit
1220 3416 1262 3464 ex
1287 3394 1419 3464 nostris
1444 3390 1574 3464 viribus.

424 3499 518 3570 Hine
548 3521 611 3590 pro
634 3521 698 3568 suo
720 3500 936 3590 praeiudicio
964 3503 1055 3595 quod
1078 3501 1224 3572 libertas
1254 3501 1354 3572 nulls
1388 3502 1438 3572 sit
1466 3501 1501 3570 in
1528 3495 1576 3565 sis

425 3605 564 3692 salutis,
589 3607 661 3676 nisi
675 3627 751 3676 eam
767 3607 905 3678 viribus
927 3609 1058 3680 nostris
1081 3610 1205 3680 saltam
1228 3609 1393 3680 inchoare
1408 3607 1572 3700 possim

424 3717 528 3786 siunt
546 3745 562 3780 s
571 3715 724 3806 gratiam
739 3717 1019 3806 praevenientem
1038 3715 1225 3788 eleotorum
1240 3715 1365 3785 merita
1378 3739 1400 3784 a
1412 3712 1572 3785 nullosn-

424 3845 527 3916 quam
549 3819 863 3893 ecclesiastieorum
879 3822 932 3893 its
946 3844 1021 3892 esse
1036 3821 1250 3892 intelleotam
1260 3849 1277 3884 s
1296 3827 1416 3913 (supra
1430 3811 1570 3889 enm

424 3927 562 4017 n.11.),
588 3927 728 4000 exoludi
749 3933 865 3999 autem
892 3929 958 4000 hao
984 3929 1310 4022 praedestinationis
1338 3925 1571 4021 praedieatione

425 4058 541 4106 omues
556 4035 816 4106 exhortationes
832 4035 877 4106 ad
891 4037 1073 4106 virtutem.
1087 4036 1285 4128 Respondet
1302 4033 1519 4125 Augustinus
1537 4025 1570 4094 sd
1640 4071 1641 4136 p

423 4145 489 4214 hoo
511 4143 693 4214 ultimum:
716 4143 894 4215 evideant
897 4195 981 4214 ......
1006 4145 1158 4212 sodomi
1183 4145 1246 4212 dae
1262 4137 1569 4234 praedestinationis

419 4249 679 4342 praedieatione
708 4249 808 4318 illum
832 4249 1062 4320 tantammodo
1084 4255 1411 4343 perniciosissimam
1435 4267 1565 4320 mess,

423 4383 489 4452 qao
505 4357 636 4426 dieitur
649 4362 805 4452 gratiam
820 4359 888 4426 Dei
906 4357 1084 4427 semotum
1103 4365 1227 4429 merito
1242 4375 1359 4428 norm
1371 4358 1475 4426 doris
1490 4347 1563 4422 ibid.

421 4489 456 4536 n.
470 4467 527 4540 42.
547 4465 747 4540 Genuenses
761 4465 926 4560 Exoerpt.
939 4467 1041 4538 VIII.
1057 4475 1242 4542 moverunt
1252 4466 1485 4539 diffioultsten
1503 4479 1562 4530 oon·
