3280 5070
904 385 942 398 -
963 353 1025 414 550
1045 385 1082 398 -

405 481 448 527 ne
471 459 539 526 sibi
562 481 694 527 omnem
719 461 812 528 viem
836 458 1077 549 praecluderet
1091 459 1136 526 ad
1159 457 1414 526 defendendam
1434 459 1574 530 univer·

404 565 579 634 salitatem
604 565 800 634 voluntatis
823 563 1013 648 salvificae,
1039 570 1162 633 contra
1183 563 1360 654 principia
1381 565 1496 634 totius
1520 589 1575 654 sy-

404 675 562 742 stematis
585 675 637 742 ita
652 673 840 755 concludit.
862 673 942 740 «Ex
959 672 996 742 vi
1013 671 1118 740 liuius
1133 671 1315 740 electionis
1330 677 1432 758 (aute
1446 695 1575 740 omnem

404 781 656 870 praevisionem
680 780 817 865 meriti)
841 787 956 848 manet
978 778 1040 848 ille
1061 801 1226 846 numerus
1249 778 1503 850 salvandorum
1527 780 1575 846 ita

405 896 521 958 certus
543 893 614 956 tam
639 887 835 956 formaliter
859 886 989 980 (quoad
1009 907 1190 956 nnmerum
1213 885 1250 954 in
1274 890 1325 972 se)
1349 907 1457 976 quam
1472 891 1574 953 mate

403 997 543 1065 cialiter
565 997 692 1088 (quoad
715 997 963 1066 determinatae
986 1017 1150 1086 personas
1172 1003 1209 1063 at
1231 993 1484 1064 determinatos
1508 995 1573 1062 sin·

404 1103 565 1193 gulorum
590 1103 748 1192 gradus),
767 1109 809 1171 nt
823 1103 935 1172 minui
959 1126 1026 1172 non
1049 1102 1178 1192 possit;
1204 1124 1272 1168 non
1296 1089 1412 1168 temen
1426 1104 1575 1190 pertinet
1629 1128 1630 1216 p

404 1210 451 1278 ad
473 1213 664 1302 efficaciam
687 1211 788 1278 illine
810 1212 1015 1294 voluntaria,
1040 1226 1079 1278 nt
1101 1235 1168 1276 non
1190 1213 1300 1299 possit
1321 1213 1450 1300 nuperi
1458 1257 1469 1291 ‚
1494 1211 1575 1300 quia

403 1319 497 1386 Deus
519 1341 562 1388 ex
585 1341 621 1387 se
643 1341 711 1386 non
735 1317 850 1387 voluit
872 1319 1022 1407 positive
1044 1339 1160 1386 omues
1182 1316 1272 1386 alios
1286 1338 1309 1383 a
1323 1338 1436 1406 regno
1459 1315 1573 1384 exclu-

403 1427 502 1514 dere;
530 1441 562 1494 et
585 1425 659 1493 idco
682 1427 786 1492 simul
809 1451 882 1494 com
904 1427 973 1493 illo
996 1426 1157 1492 electione
1173 1425 1294 1492 lubuit
1309 1425 1402 1490 Deae
1417 1424 1573 1490 colunto-

404 1547 469 1600 tcm
491 1557 603 1601 veum
625 1533 788 1602 solvendi
811 1535 914 1620 alios,
930 1559 998 1600 non
1015 1549 1125 1604 tomen
1142 1533 1332 1600 absolutam
1348 1530 1408 1599 sed
1422 1532 1485 1597 aad
1501 1555 1571 1596 ocu·

403 1639 547 1722 ditione,
572 1644 604 1708 si
621 1665 685 1730 per
701 1665 754 1708 eor
769 1667 837 1708 non
860 1657 968 1708 staret
981 1669 998 1704 n
1017 1641 1043 1708 l.
1058 1642 1088 1710 I.
1107 1665 1138 1711 c.
1154 1641 1208 1709 12.
1223 1664 1259 1709 n.
1275 1639 1330 1708 16.
1348 1639 1573 1708 Assumimus
1630 1693 1631 1718 2

402 1745 650 1814 confessionem
673 1746 845 1830 auctoris,
872 1745 963 1838 quod
987 1745 1081 1814 Deus
1104 1767 1173 1813 non
1195 1745 1341 1812 heberet
1355 1742 1571 1812 voluntatem
1630 1729 1631 1740 ’

402 1851 563 1921 salvandi
587 1851 687 1936 alios,
706 1851 737 1921 si
752 1853 814 1922 ille
837 1874 1001 1922 uumerus
1024 1853 1267 1922 antecedenter
1290 1851 1570 1942 praedestinatus

401 1959 526 2048 augeri
548 1981 616 2028 non
638 1966 766 2050 posset.
791 1961 904 2052 Atqui
925 1960 1069 2030 evidens
1091 1967 1158 2045 est,
1177 1960 1279 2029 illum
1297 1981 1482 2028 numerum
1505 1979 1568 2026 nou

402 2066 513 2155 magis
537 2089 635 2156 poeee
658 2067 782 2158 angeri
805 2087 906 2158 quam
931 2067 1053 2136 minui.
1087 2068 1129 2136 ld
1151 2068 1257 2157 probo
1280 2089 1323 2134 ex
1346 2067 1464 2156 ipsine
1486 2065 1568 2136 Sne-

401 2173 488 2242 rezii
505 2173 701 2265 principiis.
715 2175 804 2246 Nam
819 2174 884 2244 hoc
899 2175 975 2265 ipso
986 2173 1061 2244 loco
1077 2175 1207 2245 usserit
1217 2174 1465 2244 antecedenter
1474 2193 1567 2264 prae—

401 2279 583 2350 definitum
606 2303 681 2351 esee
699 2281 801 2351 «tale
824 2305 972 2372 regnum
995 2305 1037 2350 ex
1061 2282 1194 2351 talibus
1217 2281 1375 2372 personis
1403 2289 1442 2350 et
1471 2302 1566 2348 mem-

402 2387 474 2456 bris
497 2393 670 2458 constans.
689 2415 705 2452 r
723 2389 798 2456 Iam
814 2411 897 2459 vero
912 2412 954 2459 ex
970 2391 1046 2460 eins
1062 2389 1246 2480 principiis
1261 2388 1418 2480 pertinet
1434 2387 1479 2456 nd
1495 2385 1566 2478 pul·

401 2493 634 2566 chritudinem
647 2495 1563 2588 praedefinitamillinereguietiemnumernecivinn,

401 2608 443 2670 ut
458 2625 521 2672 nec
536 2601 655 2693 plures
671 2603 744 2672 sint
757 2625 820 2674 nec
831 2604 1022 2694 pauciores.
1042 2605 1150 2674 quta
1163 2603 1239 2673 eius
1261 2601 1456 2673 doctrinam
1478 2600 1563 2670 enin

401 2711 519 2800 angeli
533 2719 569 2780 et
583 2711 740 2782 homiues
762 2712 924 2783 salvandi
940 2713 979 2782 iu
994 2735 1057 2783 suo
1080 2713 1228 2807 quisque
1250 2713 1365 2804 gradu
1380 2708 1564 2802 proedesti-

399 2819 477 2886 neti
493 2826 578 2889 snut
600 2818 705 2888 simul
729 2825 765 2889 et
784 2819 821 2888 iu
838 2821 954 2890 eodem
970 2821 1081 2912 siguo,
1102 2851 1118 2886 u
1132 2843 1174 2890 ex
1190 2821 1326 2890 ratione
1342 2841 1445 2910 saepe
1461 2819 1560 2897 facto,
1633 2891 1634 2896 ,

400 2923 535 3012 inquit,
554 2923 644 3016 quod
667 2923 762 2992 Deus
785 2923 942 2994 intendit
963 2947 1109 3016 regnum
1131 2925 1319 2994 electorum
1341 2947 1404 3014 per
1433 2923 1561 2992 modun

400 3031 506 3099 unius
529 3027 682 3121 corporis
705 3053 766 3100 eeu
790 3031 949 3101 civitatis
979 3032 1157 3119 caelestis3
1181 3053 1265 3121 ergo
1288 3031 1395 3100 eimul
1416 3029 1560 3100 intendit
1632 3047 1634 3126 ἰ

399 3139 503 3205 ettam
526 3139 642 3204 omniu
664 3139 831 3222 menbra,
856 3163 898 3206 eor
921 3139 1046 3231 quidne
1070 3139 1141 3206 tale
1162 3161 1281 3227 corpus
1312 3151 1467 3220 coruom,-
1488 3160 1558 3204 παπ
1633 3127 1634 3192 l

400 3267 441 3312 sm
461 3269 573 3312 eorum
589 3243 812 3312 multitudine
827 3260 859 3314 et
875 3249 1044 3314 verietate
1061 3249 1167 3313 totins
1181 3248 1333 3333 corperis
1343 3238 1556 3333 pulchritudo

398 3353 575 3419 remerare
593 3353 678 3422 ibid.
697 3377 732 3423 n.
747 3354 781 3422 4.
800 3353 896 3445 Ergo
911 3353 1040 3424 falsum
1056 3359 1122 3440 est,
1147 3354 1258 3424 Deum
1282 3355 1372 3424 velle
1396 3353 1479 3422 huic
1493 3373 1555 3421 eor·

398 3459 475 3550 pori
498 3460 742 3530 antecedenter
765 3461 994 3552 praedefinito
1016 3461 1143 3532 addere
1158 3461 1263 3553 plura
1277 3463 1442 3548 membra,
1460 3461 1555 3550 siper

398 3568 492 3658 ipsos
515 3567 668 3638 homines
691 3591 760 3637 non
783 3575 911 3656 steret3
937 3575 975 3638 et
997 3570 1127 3640 falsum
1149 3577 1214 3656 est,
1240 3577 1378 3662 praeter
1402 3569 1483 3644 illos
1504 3589 1553 3636 ro

398 3674 535 3745 luntate
559 3676 781 3746 antecedente
805 3677 1083 3766 praedestinatos
1100 3679 1191 3747 velle
1207 3680 1317 3749 Deum
1332 3678 1370 3747 in
1386 3677 1451 3747 illo
1466 3678 1553 3766 signo

398 3783 545 3852 rationis
561 3783 700 3854 salvare
716 3783 831 3854 adhuc
846 3783 947 3870 alios,
966 3785 998 3854 ei
1013 3807 1075 3876 per
1090 3786 1184 3876 ipsos
1200 3809 1269 3855 nou
1285 3787 1438 3870 steterit.
1458 3785 1552 3854 Immo

397 3913 438 3959 ex
462 3891 595 3961 diserte
611 3893 785 3962 sententia
802 3891 961 3962 Snerszii
978 3894 1214 3978 neceeeetnit,
1233 3901 1279 3963 ut·
1289 3901 1386 3964 totus
1401 3911 1551 3962 nummus

398 3997 645 4068 salvandorum
669 3999 933 4070 concluderetur
949 4001 1171 4070 antecedente
1186 4001 1506 4092 praedestinatione,
1520 4001 1550 4066 et
1633 4007 1634 4016 ’

395 4126 494 4172 nemo
518 4105 618 4174 illum
642 4105 887 4196 ingrederetur
909 4129 977 4177 non
992 4107 1125 4178 electus
1141 4107 1206 4177 ille
1220 4108 1445 4179 antecedente
1465 4125 1547 4200 pree

397 4209 609 4280 definitione.
637 4211 710 4280 «Iu
734 4219 830 4282 statu
853 4211 1007 4302 gloriae,
1033 4213 1171 4306 inquit,
1197 4221 1293 4284 totns
1316 4215 1545 4284 salvandorum

395 4340 559 4387 numerus
582 4319 727 4390 futurus
749 4325 868 4390 estex
891 4321 1026 4391 directa
1048 4327 1085 4392 et
1105 4321 1267 4392 absoluta
1296 4321 1484 4392 intentiore
1503 4317 1545 4386 di·
1633 4369 1634 4390 1

397 4423 500 4510 vina,
527 4449 606 4518 erpo
629 4451 755 4495 necem
773 4431 873 4518 snit,
898 4445 938 4496 ce
961 4432 1048 4497 tenc
1072 4431 1208 4498 tatem
1232 4431 1321 4498 Deus
1343 4449 1385 4498 ee
1407 4453 1441 4498 se
1460 4429 1545 4513 (sato
1633 4417 1634 4422 ἵ
