3444 5054
905 338 944 354 ..
965 305 1026 368 250
1047 338 1085 353 ..

408 417 483 482 otas
506 435 575 482 eree
593 415 819 503 participati,
835 433 877 480 ac
899 411 1044 502 proinde
1067 412 1189 481 ordine
1211 412 1353 482 inverso
1375 411 1413 480 in
1436 413 1517 504 ipss
1532 434 1584 482 ro·

406 519 500 589 tione
525 521 612 586 entis
636 519 842 608 simpliciter
858 532 889 584 et
906 518 1058 586 absoluti
1079 517 1315 610 intelligimus
1339 518 1585 608 comprehendi

408 627 653 716 perfectionem
670 625 845 695 ultrahas
862 648 978 695 omnes
999 625 1243 696 limitationes.
1262 624 1412 718 ideoque
1435 625 1521 718 quio
1543 647 1586 696 ea

409 733 578 822 perfectio
600 757 670 803 non
692 733 799 802 habet
821 738 986 824 ectypum
1020 732 1209 822 analogum
1243 732 1281 800 in
1315 738 1482 802 ereatura
1516 731 1586 802 sibi
1714 755 1715 780 ¹

407 842 680 932 respondentem,
699 865 742 911 ex
766 864 833 934 quo
856 841 1138 933 apprehendatur
1161 845 1197 910 et
1219 840 1429 924 nominetur,
1444 839 1506 910 sed
1522 841 1585 908 im·

408 972 462 1018 mo
484 950 517 1019 ei
540 950 726 1041 respondet
748 949 966 1042 imperiectio
982 949 1141 1040 opposite
1157 949 1194 1016 iu
1211 949 1396 1032 creaturis,
1414 969 1491 1016 eam
1509 971 1586 1016 con-

409 1057 487 1126 fusa
509 1058 722 1149 concipimus
749 1064 786 1128 et
807 1055 1035 1148 exprimimus
1059 1051 1318 1147 negationibus,
1344 1055 1469 1124 barum
1491 1054 1585 1128 limi·

279 1181 286 1188 ·
408 1164 593 1250 tatianum,
612 1171 718 1257 atque
740 1165 821 1234 inde
844 1165 1018 1231 attributo
1040 1162 1397 1254 aecgatiooappellant
1410 1161 1583 1253 theologi,

410 1293 497 1364 quae
520 1278 724 1342 enumerant
747 1271 839 1363 quod
868 1272 964 1340 Deus
994 1279 1050 1340 est
1079 1272 1155 1340 sine
1186 1270 1361 1361 principio
1392 1272 1587 1338 increatum

408 1379 508 1462 ane,
534 1380 706 1469 infinitae,
731 1403 830 1462 anco,
846 1379 1006 1469 simplex,
1022 1385 1059 1448 et
1075 1403 1096 1447 a
1111 1377 1253 1448 fortiori
1270 1379 1500 1467 incorporeae,
1521 1379 1586 1444 im·
1716 1439 1717 1442 ,

408 1487 600 1570 mutabilis,
624 1502 794 1570 aeternus,
820 1488 1010 1570 immensus,
1036 1485 1403 1577 incomprehensibilis,
1423 1486 1586 1552 invisibi-

411 1593 477 1677 lis,
507 1593 712 1682 ineffabilia.
738 1594 807 1664 Est
837 1601 922 1685 puto
952 1617 995 1662 ex
1019 1595 1178 1663 omnibus
1212 1593 1270 1661 his
1303 1591 1406 1684 plane
1439 1592 1588 1662 evidens

409 1707 444 1770 et
466 1701 524 1770 vel
547 1724 589 1771 ex
612 1702 689 1792 ipsa
710 1702 888 1772 nominum
911 1703 1125 1794 inspectione
1148 1706 1306 1792 apparet,
1330 1724 1398 1768 non
1430 1699 1489 1770 bie
1523 1700 1587 1790 agi

409 1808 451 1876 de
474 1810 586 1876 forma
608 1809 850 1898 grammatica,
869 1809 930 1878 sed
953 1809 1216 1878 distinctionem
1239 1807 1365 1876 horum
1389 1805 1585 1876 attributo·

409 1937 487 1983 rum
521 1916 565 1984 ab
590 1911 683 1984 'aliis
717 1915 939 1984 affirmativis
974 1915 1118 1984 fundari
1142 1915 1179 1982 in
1206 1937 1325 1984 eorum
1353 1913 1499 2005 propria
1531 1937 1588 1982 ra·

408 2023 514 2108 tione,
541 2045 610 2116 qua
632 2047 668 2093 se
691 2023 822 2094 habent
844 2025 889 2093 ad
912 2023 1142 2115 perfectiones
1165 2028 1425 2108 creaturarum,
1444 2027 1482 2091 et
1505 2045 1588 2092 con·
1718 2013 1719 2022 ¹

411 2137 595 2222 sequenter
617 2132 655 2200 iu
678 2132 788 2216 modo,
815 2155 882 2225 quo
905 2153 927 2199 a
949 2131 1048 2200 nobis
1072 2135 1342 2220 cognoscuntur.

476 2240 665 2309 Possumus
682 2241 715 2326 b)
732 2265 789 2309 ens
812 2267 833 2308 a
848 2265 884 2308 ae
898 2245 934 2310 et
949 2240 1042 2310 eutis
1057 2239 1312 2330 plenitudinem
1329 2235 1588 2332 quadamtenus
1719 2261 1720 2294 ³

409 2346 610 2436 intelligere
637 2349 860 2439 conceptibus
894 2349 1025 2418 directe
1056 2346 1318 2437 affirmantibus
1351 2347 1589 2438 perfectiones

409 2455 508 2542 (licet
531 2456 643 2524 solum
660 2457 724 2524 sub
748 2456 950 2525 confusione
974 2456 1104 2548 aliqua,
1136 2455 1193 2524 vel
1216 2477 1277 2545 per
1300 2454 1587 2544 adsignificatam

409 2563 640 2652 negationem,
650 2569 694 2632 ut
707 2564 871 2655 superius
883 2564 1099 2633 declaratum
1111 2567 1192 2649 est).
1202 2563 1244 2632 Id
1256 2564 1475 2655 assequimur
1490 2585 1589 2654 pree
1720 2587 1721 2604 ἒ

410 2669 597 2740 scindendo
613 2692 635 2738 a
649 2671 871 2756 limitatione,
887 2693 957 2763 qua
969 2673 1211 2762 perfectiones,
1230 2677 1273 2740 ut
1287 2693 1346 2740 eas
1358 2672 1395 2738 in
1408 2671 1588 2742 creaturis

409 2783 445 2846 et
459 2799 501 2846 ex
531 2777 705 2847 creaturis
732 2777 1043 2868 apprehendimus,
1063 2779 1209 2848 affectae
1233 2785 1328 2848 sunt.
1346 2779 1440 2847 Haec
1467 2786 1589 2849 antem

408 2885 578 2975 praecisio
593 2885 838 2954 alimitotione
855 2885 932 2954 fieri
946 2890 1060 2974 potest
1076 2885 1112 2954 in
1129 2885 1174 2954 iis
1187 2886 1346 2954 omnibus
1359 2892 1395 2955 et
1407 2883 1495 2954 solis
1507 2910 1588 2977 per·

408 2991 630 3077 sectionibus,
649 3013 796 3084 quarum
813 2997 999 3082 conceptus
1011 2991 1336 3060 universalissimus
1353 2995 1408 3060 est
1422 2993 1588 3084 anologi-

410 3120 465 3164 σιω
478 3097 541 3182 ita,
560 3105 601 3166 ut
616 3121 677 3188 per
689 3120 725 3166 se
741 3121 809 3166 non
824 3099 1064 3188 restringatur
1080 3097 1124 3167 ad
1140 3121 1201 3167 ens
1218 3097 1424 3182 limitatum,
1445 3098 1505 3167 sed
1525 3121 1588 3190 ap·

409 3203 535 3294 plicari
549 3205 660 3296 possit
670 3211 746 3274 tum
758 3206 802 3274 ad
814 3203 906 3274 illud
920 3205 1011 3296 quod
1022 3213 1077 3274 est
1087 3205 1293 3295 simpliciter
1307 3221 1339 3272 et
1355 3231 1377 3272 c
1392 3213 1528 3290 satum
1541 3207 1587 3276 ad

409 3311 500 3380 illud
524 3312 614 3404 quod
637 3319 692 3382 est
714 3336 774 3404 per
792 3315 1113 3404 participationem.
1129 3312 1365 3382 Perfectiones
1381 3313 1588 3384 huiusmodi

408 3425 493 3488 sunt
515 3420 687 3511 imprimis
709 3419 1044 3490 transcendentales:
1072 3445 1140 3503 coe,
1155 3445 1280 3504 vorem,
1307 3421 1442 3504 bonam,
1458 3421 1588 3492 deinde

409 3527 564 3616 generisi
580 3529 712 3618 gradus
728 3527 991 3596 substantiales:
1011 3528 1206 3594 substantia
1221 3531 1348 3610 vicena,
1367 3529 1588 3596 intellectua-

409 3633 454 3702 lis
478 3639 554 3722 (seu
576 3637 748 3724 spiritua);
766 3642 842 3704 tum
865 3659 907 3705 ex
931 3635 1115 3704 attributis
1139 3635 1379 3720 ulterioribus,
1407 3659 1498 3730 qnae
1522 3637 1589 3707 im-

320 3733 323 3740 ’
407 3742 653 3834 perfectionem
677 3741 913 3810 materialium
937 3741 995 3810 vel
1018 3740 1212 3810 excludunt
1232 3741 1288 3810 vel
1306 3742 1430 3810 saltem
1445 3766 1515 3811 non
1531 3743 1586 3814 in·

407 3848 566 3932 eludunt,
593 3854 742 3941 suntque
766 3849 971 3932 intellectas,
997 3849 1169 3929 volontas,
1191 3852 1351 3938 potentia
1373 3855 1410 3918 at
1433 3874 1524 3943 quae
1542 3875 1586 3920 ax

407 3955 465 4024 his
489 3964 759 4047 consequuntur.
785 3955 883 4038 Quae
897 3955 967 4026 huo
982 3955 1087 4025 etiam
1103 3957 1278 4046 pertinere
1294 3957 1409 4026 videri
1421 3965 1583 4048 possunt,

409 4061 547 4130 duratio
571 4069 607 4132 et
625 4066 824 4152 praesentio
841 4085 964 4133 revera
986 4086 1048 4154 per
1071 4063 1304 4133 exclusionem
1328 4064 1440 4132 omnis
1455 4065 1585 4156 imper·

408 4171 572 4241 iectionis
594 4169 631 4238 in
656 4185 730 4238 ente
753 4195 775 4236 o
797 4195 831 4238 ee
853 4171 1081 4240 resolvuntur
1105 4171 1142 4239 in
1165 4172 1370 4262 negationes
1385 4171 1583 4242 restrictio·

408 4277 464 4349 nis
480 4279 524 4348 ad
547 4284 683 4370 tempus
705 4277 889 4365 stlocum,
915 4277 991 4349 sive
1013 4279 1051 4347 in
1075 4278 1253 4349 attributa
1275 4278 1444 4370 negativa
1472 4295 1583 4349 aetn-

409 4389 537 4454 m’ectie
558 4391 596 4456 et
617 4388 869 4455 immensitatis.
