3224 5068
528 421 566 436 ..
587 389 648 450 323
669 421 706 436 -

37 497 118 565 Deus
135 501 194 564 est
204 494 280 586 ipss
292 495 463 565 sanctitas
475 517 537 586 per
548 494 769 565 essentialem
791 498 828 563 et
850 493 1044 564 absolutum
1068 491 1202 582 opposi-

36 605 150 672 tionem
162 603 209 671 ad
222 603 382 694 quemvis
393 604 607 673 aversionem
618 624 768 672 enorme
778 601 1016 686 rectitudinis,
1027 621 1115 693 quae
1127 601 1202 692 ipse

36 717 91 779 est.
101 715 131 796 o)
141 709 212 779 Est
222 711 299 802 ipse
310 710 484 780 sanctitas
499 712 700 794 causalium·
712 710 823 779 omnis
834 711 926 785 enin
942 709 1111 779 sanctitas
1124 730 1202 798 pcr-

35 817 171 907 ticipeta
183 823 369 888 consistet
384 819 565 908 perficitur
578 841 691 887 amore
706 822 743 887 et
757 818 999 886 coniunctione
1023 840 1100 887 oum
1116 817 1200 900 Deo,

37 924 87 1016 qui
107 921 158 992 ex'
172 923 240 994 hoo
262 925 338 1016 ipso
361 925 579 1015 intelligitur
602 930 745 995 sauctus
769 947 836 992 non
851 925 972 1016 aliquo
987 923 1068 1010 alio,
1088 923 1202 992 sedin

36 1033 150 1122 seipso
166 1055 230 1123 per
245 1056 281 1102 se
297 1033 412 1122 ipsum
424 1039 569 1102 sanctus
580 1040 634 1102 est
648 1040 685 1102 et
700 1015 778 1123 ipss
791 1034 961 1102 sanctitas
976 1055 1045 1100 non
1059 1031 1202 1122 partici-

37 1147 107 1230 pste
120 1142 181 1210 sed
202 1141 458 1231 participando.
471 1141 576 1225 (Vide
588 1141 747 1210 Lessium
759 1141 801 1209 ds
813 1136 957 1231 perfect.
969 1139 1043 1208 div.
1052 1139 1201 1223 LVIII.)

91 1249 134 1317 3⁰.
162 1247 243 1332 Quo
255 1271 360 1318 sensu
373 1249 442 1319 dioi
459 1249 570 1340 possit
591 1251 686 1318 Deus
704 1249 841 1318 bonitus
854 1250 891 1317 in
910 1269 946 1319 se
965 1248 1064 1318 velut
1078 1247 1202 1338 finali-

38 1373 89 1439 ter,
106 1357 326 1446 intelligitur
340 1381 383 1426 ex
399 1359 510 1444 modo,
528 1382 596 1451 quo
611 1359 743 1428 dicitur
759 1357 877 1426 finalis
905 1357 1041 1426 bonitas
1065 1361 1199 1424 creatu·

37 1487 96 1533 rso.
110 1464 276 1534 Diximus
290 1465 412 1556 perfici
428 1471 608 1536 creaturae
621 1467 808 1536 bonitatem
825 1467 862 1534 in
874 1465 956 1534 finis
968 1463 1198 1533 assecutione.
1270 1483 1274 1492 ’

39 1573 118 1640 Deus
139 1597 210 1642 non
233 1579 351 1664 potest
376 1574 503 1644 habore
526 1576 641 1678 finem,
659 1577 704 1645 ed
728 1599 828 1667 quem
852 1573 1033 1642 ordinetur
1050 1576 1085 1640 et
1102 1569 1202 1656 cuius

41 1681 245 1750 assecutione
260 1680 477 1771 perficietur,
493 1704 570 1752 oum
587 1682 661 1772 ipse
678 1682 715 1750 in
738 1703 774 1750 se
790 1680 866 1770 ipso
883 1680 931 1749 sit
947 1681 1072 1747 bonum
1088 1677 1202 1768 ipsum

40 1787 244 1872 absolutum,
270 1791 307 1855 et
332 1789 510 1877 perfectus
541 1811 577 1858 se
608 1789 682 1878 ipso
713 1811 781 1856 non
811 1786 884 1854 alie
915 1785 1081 1854 bonitate.
1102 1785 1204 1853 Sicut

42 1897 151 1984 igitur,
177 1895 353 1988 quidquid
376 1902 516 1987 praeter
538 1897 650 1967 Deum
674 1901 747 1982 est,
773 1895 879 1965 hebet
908 1895 1072 1962 ultimum
1102 1915 1204 1960 suum

41 2003 125 2070 finem
150 2003 349 2071 necessario
365 2005 403 2071 in
418 2003 491 2072 Deo
507 2027 667 2094 supremo
685 2005 783 2090 bono,
802 2025 824 2070 e
840 2025 906 2094 qno
923 2007 977 2071 est
992 2007 1027 2070 et
1042 2001 1087 2068 ad
1104 2023 1203 2092 quem

42 2117 85 2178 cst
110 2133 207 2180 omne
237 2112 382 2180 bonum:
415 2113 468 2181 ite
497 2113 593 2180 Deus
624 2118 665 2181 ut
695 2113 821 2180 bonum
855 2095 970 2201 ipsum
1005 2109 1204 2179 absolutum

44 2219 245 2311 conquiescit
260 2219 298 2287 in
311 2241 346 2288 se
359 2221 434 2310 ipso
451 2241 582 2312 sueque
598 2219 739 2290 infinite
750 2220 861 2288 totius
879 2218 958 2287 boni
971 2216 1200 2309 plenitudine.

43 2325 101 2393 Hoc
121 2326 240 2428 igitup
263 2349 366 2397 sensu
393 2327 565 2397 Deus'est
587 2327 655 2396 sibi
682 2327 752 2418 ipsi
767 2327 861 2412 finis,
879 2333 1037 2418 capacior
1054 2325 1201 2410 scilicet,

46 2434 118 2524 qnod
139 2435 283 2505 nullum
306 2442 422 2526 potest
445 2436 571 2506 bebere
594 2437 696 2506 finem
719 2459 741 2503 a
764 2459 800 2504 se
823 2436 1029 2505 distinctum
1053 2435 1113 2503 sed
1128 2433 1203 2524 ipse

45 2547 85 2608 est
94 2543 170 2612 finis
185 2543 355 2630 omninm3
370 2548 530 2632 positive,
547 2543 637 2636 quod
654 2545 691 2612 in
703 2566 740 2613 se
752 2544 827 2634 ipso
843 2543 948 2614 habet
961 2543 1039 2611 boni
1051 2542 1203 2632 plenitu-

46 2649 152 2738 dinem,
166 2675 232 2721 sen
248 2653 366 2742 potius
381 2659 436 2722 est
449 2653 528 2742 ipse
543 2652 736 2743 plenitudo,
755 2659 809 2722 est
825 2648 1203 2739 morsi-oswionysius

46 2755 138 2825 divin.
155 2782 248 2828 nom.
267 2783 299 2829 o.
318 2759 373 2829 13.
392 2767 425 2843 g.
444 2761 510 2847 1.).
530 2759 632 2830 Siout
654 2783 756 2852 porro
781 2761 817 2828 in
842 2759 1072 2850 perfectione,
1099 2776 1202 2847 qnam

48 2871 188 2934 creature
212 2865 690 2960 intellectualis'assequitnr
712 2869 749 2936 in
773 2866 1065 2960 conquiesoientie
1086 2865 1124 2932 in
1140 2885 1203 2932 sno

46 2968 149 3041 ultimo
170 2975 255 3060 fine,
274 2975 345 3043 site
367 2981 422 3043 est
437 2974 513 3043 eius
537 2975 728 3045 beatitudo:
746 2975 797 3043 ite
823 2975 919 3043 Deus
933 2973 970 3041 in
985 2971 1203 3062 plenitudine

48 3079 110 3147 boni
119 3081 272 3152 absoluti
285 3083 375 3174 quod
384 3083 457 3174 ipse
468 3089 533 3169 est,
544 3089 598 3152 est
609 3084 684 3174 ipse
697 3083 765 3152 sibi
777 3105 841 3152 sus
853 3083 994 3150 infinite
1007 3079 1200 3149 beatitudo.

51 3185 217 3273 uilruitio,
242 3190 295 3258 uit
319 3189 355 3258 S.
374 3189 634 3278 Bonsventurc,
653 3191 695 3261 de
711 3191 766 3260 sui
782 3189 938 3281 generali
961 3188 1100 3257 notione
1115 3187 1204 3256 dicit

49 3295 153 3363 moris
164 3295 340 3382 unionem,
356 3297 491 3368 scilicet
503 3299 660 3367 fruibilis
673 3321 750 3368 oum
763 3299 913 3366 fruente.
931 3296 1102 3380 Quoniam
1119 3316 1203 3384 ergo

51 3399 202 3491 mntingit
227 3401 364 3494 aliquid
387 3404 484 3472 uniri
515 3404 583 3473 sibi
607 3413 643 3474 ot
665 3404 748 3489 elii,
774 3403 938 3472 convenit
966 3425 1035 3470 non
1065 3407 1204 3471 tentum

49 3503 107 3573 frui
127 3509 194 3578 alio
218 3510 278 3580 sed
302 3511 409 3580 etiem
424 3535 460 3581 se
475 3513 563 3603 ipso.
582 3511 650 3582 Sed
666 3513 726 3582 ubi
741 3518 796 3581 est
813 3512 895 3581 nnio
912 3511 956 3580 od
973 3511 1134 3596 alterum,
1153 3511 1203 3579 ibi

50 3621 92 3681 est
110 3615 346 3707 dependentis,
371 3619 601 3706 inhaerentis,
628 3627 664 3689 et
686 3619 894 3710 indigentias
912 3619 973 3687 ubi
1000 3641 1082 3690 vero
1098 3619 1143 3687 nd
1167 3641 1203 3687 so

51 3721 156 3810 ipsum,
171 3727 200 3796 si
215 3727 331 3818 ipsum
346 3733 401 3796 est
416 3751 586 3797 summum
603 3730 741 3812 bonnm,
756 3751 824 3796 non
836 3735 891 3797 est
906 3727 1126 3797 inhaerentis
1140 3749 1203 3798 neo

54 3827 259 3919 dependentis
270 3833 327 3904 vel
339 3827 548 3924 indigentie,
564 3836 623 3905 sed
635 3835 828 3904 omnimode
839 3835 1059 3904 sufficientia.
1069 3833 1108 3902 Si
1120 3855 1203 3903 vero

55 3933 146 4024 ipsum
160 3941 284 4010 bonum
308 3941 472 4010 deficiens
493 3948 559 4028 est,
586 3943 733 4032 indiges
756 3947 792 4011 et
813 3943 894 4011 inde
916 3946 981 4026 est,
1000 3940 1091 4033 quod
1108 3941 1203 4009 solus

55 4039 129 4114 Dens
149 4071 183 4116 se
204 4049 281 4140 ipso
304 4051 455 4140 perfecte
471 4050 637 4120 fruitur»
657 4051 695 4120 S.
709 4051 841 4120 Bonuv.
855 4049 886 4118 1.
898 4049 981 4118 dist.
993 4047 1026 4116 1.
1041 4049 1122 4118 dub.
1144 4048 1199 4118 12.

108 4151 237 4224 Summe
252 4157 372 4249 itaque
386 4157 556 4243 omnium,
575 4179 663 4250 quse
678 4159 857 4250 hucusque
874 4157 916 4226 de
933 4157 1020 4225 bono
1043 4156 1204 4225 absoluto

63 4401 119 4458 Dens
135 4427 203 4464 amor
222 4413 312 4466 tonus
330 4412 401 4465 boni
412 4419 530 4479 proptor
549 4413 676 4465 conum»
692 4409 763 4466 ἐστιν
778 4411 791 4466 o'
806 4409 866 4473 θεας
887 4409 945 4485 ipsc
963 4409 1071 4484 α’γαθος
1090 4407 1199 4483 dystro

64 4493 97 4546 tc
111 4517 135 4551 το
150 4498 249 4574 ἀγαθον
268 4504 389 4570 Dionys.
405 4501 466 4558 div.
478 4517 553 4557 nom.
565 4517 588 4557 c.
601 4503 629 4556 4.
642 4503 667 4568 5.
681 4501 725 4555 10.

1060 4609 1079 4644 0
