3262 5076
525 357 563 372 -
583 324 643 388 493
665 357 703 372 -

38 435 67 496 et
85 428 300 498 dilectionem
324 429 588 520 discipulorum,
608 439 643 499 et
659 429 816 499 vicissim
834 429 951 498 Patris
974 429 1195 499 dilectionem

38 558 109 624 erga
131 538 235 626 ipsos;
262 537 420 628 postulat
444 543 559 606 autem
583 562 646 627 pro
670 539 745 606 illis
761 537 1058 628 perseverantiam
1076 537 1112 604 in
1129 537 1197 606 fido

37 649 66 712 et
86 642 270 728 charitate,
289 645 325 712 iu
342 665 411 735 qua
428 645 497 712 iem
522 649 616 713 suut.
646 675 662 708 u
680 646 785 713 Pater
809 651 929 712 saneta
953 665 1057 712 serva
1078 667 1136 712 eos
1159 644 1196 710 iu

38 750 158 818 nomine
182 756 258 819 ιιιο.
274 777 290 810 u
315 751 367 818 At
390 774 451 840 pro
476 752 602 820 mundo
626 775 687 820 nee
713 774 755 819 ex
779 752 842 821 illo
865 751 1009 836 motivo,
1034 774 1097 820 neo
1120 773 1195 841 per·

37 857 255 925 reverentiam
283 858 320 926 in
347 859 456 942 bono,
491 859 581 950 quod
612 859 681 927 iam
711 867 803 928 esset
835 867 1038 944 assecutus,
1072 881 1196 948 rogare

37 963 149 1052 potuit.
168 965 286 1053 Rogat
309 987 371 1054 pro
394 965 458 1032 illo
481 987 549 1032 non
572 973 614 1032 ιιι
632 981 822 1055 perseveret
838 987 925 1048 esse,
943 965 1034 1055 qnod
1052 971 1117 1052 est;
1137 965 1196 1034 sed

37 1069 124 1136 immo
145 1075 190 1138 ιιι
212 1070 348 1136 desinat
370 1093 444 1139 esse
468 1072 560 1162 quod
583 1078 646 1154 est,
674 1073 823 1142 muudus
846 1073 1000 1141 infidelis
1022 1082 1059 1142 et
1082 1072 1196 1141 iuimi-

36 1197 103 1258 ιιι,
132 1176 224 1267 quod
248 1176 368 1246 videre
391 1184 445 1246 est
469 1176 526 1246 vel
548 1179 586 1245 in
609 1178 675 1246 hae
699 1179 776 1269 ipse
802 1180 958 1248 oratioue
982 1204 1017 1248 v.
1035 1179 1092 1247 21:
1121 1187 1198 1248 aut

36 1281 310 1365 astremundus,
328 1285 467 1375 quintu
484 1307 537 1354 me
554 1285 694 1353 misisti.
709 1312 725 1346 u

511 1541 654 1602 THESIS
675 1543 713 1603 L.

158 1667 318 1729 Voluntas
339 1667 399 1729 Dei
420 1669 570 1746 saluifica
594 1669 789 1728 uniuersalis
810 1669 1053 1729 demonstratur

414 1787 457 1829 eru
477 1769 629 1829 doctrina
651 1767 802 1826 Petrum.

90 1959 274 2010 cdenniunm
287 1972 348 2009 esau
362 1972 435 2022 eum,
450 1972 532 2023 quom
546 1955 672 2008 diximus
685 1971 724 2007 ss.
736 1953 947 2020 Scripturarum
961 1969 1085 2020 sensnm,
1105 1957 1196 2010 totius

38 2067 47 2090 ε
59 2047 242 2114 antiquitatis
255 2047 414 2098 catholicus
426 2047 593 2098 intellectus
604 2049 696 2098 certos
707 2061 758 2098 uos
772 2043 878 2096 reddit.
891 2045 999 2098 Ducant
1012 2048 1086 2098 enim
1098 2061 1136 2098 ss.
1145 2047 1196 2102 l‘a·

38 2144 111 2189 atres
128 2137 291 2202 unanimes,
314 2139 389 2190 vello
409 2139 497 2190 Deum
517 2153 612 2189 omues
632 2137 762 2190 homiues
782 2137 878 2188 salvos
897 2135 960 2188 fleri
981 2138 1132 2190 voluntate
1146 2153 1195 2190 au·

39 2226 207 2292 accedunto,
227 2242 309 2293 qnam
329 2241 362 2278 ex
383 2242 444 2278 sose
464 2242 571 2300 suoque
591 2227 720 2278 bouitutu
734 2224 876 2290 concipit;
891 2239 943 2277 nee
957 2225 1044 2276 ulium
1058 2226 1120 2278 nius
1134 2241 1197 2280 esse

39 2318 230 2368 uoluntatem
251 2316 374 2382 nugandi
388 2321 533 2369 aeternum
547 2318 668 2369 sulutem
683 2319 713 2368 et
726 2313 880 2367 damnandi
894 2315 952 2366 nisi
966 2321 1193 2382 consequentem,

39 2411 212 2472 ’conceptam
233 2421 269 2458 ex
289 2405 406 2459 iustitie
426 2411 680 2473 promerueram,
697 2419 768 2471 quoe
782 2417 934 2469 numquam
947 2406 1064 2470 expieta
1080 2405 1195 2459 diriuao

40 2499 260 2563 quamunitas
279 2498 481 2550 obversantur.
497 2517 510 2542 n

91 2699 234 2768 Patrnm
259 2699 454 2768 doctrinam
470 2701 506 2766 iu
524 2698 616 2767 thesi
633 2698 698 2765 huo
715 2699 934 2767 enuntiatam
951 2698 1083 2766 discere
1101 2701 1193 2790 quis·

39 2827 90 2894 que
101 2813 214 2894 potest
226 2829 266 2875 ex
281 2807 427 2875 Petavio
441 2805 483 2874 de
494 2807 566 2874 Deo
579 2806 603 2874 l.
614 2805 660 2873 X.
672 2831 703 2874 o.
713 2806 747 2873 4.
760 2809 793 2892 5;
808 2806 849 2874 de
862 2807 1040 2875 Incarnot.
1052 2806 1077 2874 l.
1088 2805 1192 2874 XIII.
1254 2809 1258 2818 '

39 2911 1192 3004 e.1-14;Did.Ruizdevolunt.Deidisp.X1x.sect.5.6;disp.Xx.

40 3027 107 3086 sent.
122 3021 152 3088 1.
169 3021 202 3087 6.
224 3021 257 3107 7;
277 3020 370 3108 Scip.
389 3019 509 3088 Maffei
524 3020 659 3087 Histor.
679 3020 834 3109 dogmat.
853 3021 1057 3109 praesertim
1075 3019 1192 3088 11.1v.

40 3123 73 3192 V.
84 3127 139 3194 VI.
153 3129 266 3196 Nobis
281 3130 319 3194 in
335 3151 373 3196 ue
388 3151 456 3195 nou
472 3127 607 3196 difficili
625 3149 735 3216 pauoa
752 3127 924 3196 indicasse
940 3128 1103 3197 sufficiat.

92 3233 133 3301 1⁰.
151 3231 252 3303 Inter
268 3235 392 3302 Patres
408 3255 552 3323 graecos
568 3233 699 3318 nullus,
718 3233 813 3301 iuter
837 3233 966 3302 latinos
992 3236 1114 3302 saitem
1140 3259 1194 3304 us-

42 3361 91 3428 que
112 3343 152 3409 ad
174 3341 373 3430 Augustini
405 3347 553 3410 aetatem
580 3363 678 3408 neruo
701 3347 775 3425 est,
802 3343 863 3432 qni
886 3343 949 3410 Dei
976 3343 1195 3412 voluntatem

42 3446 182 3518 salvandi
198 3450 356 3516 homiues
376 3448 609 3517 universalem
634 3471 708 3518 esse
731 3454 768 3515 et
791 3449 835 3515 ad
859 3450 1018 3539 singulos
1034 3450 1195 3540 protendi

42 3559 218 3643 negaverit.
242 3555 440 3646 Augustini
464 3578 552 3648 quae
576 3557 688 3625 fuerit
711 3556 898 3640 sententia,
917 3557 1021 3646 paulo
1045 3565 1123 3647 post
1146 3559 1196 3626 vi-

43 3659 458 3732 dabimus.1mmo'nnllus
481 3669 535 3732 est
557 3664 716 3746 Petrum,
743 3664 804 3754 qui
827 3663 910 3732 data
934 3665 1194 3754 opportunitate

44 3789 100 3836 eam
121 3771 314 3839 voluntatis
338 3770 517 3838 salvificae
540 3769 805 3858 amplitudinem
823 3771 1051 3840 disertissime
1066 3773 1194 3859 proies·

45 3897 91 3944 urs
110 3901 171 3946 nnn
195 3880 255 3946 sit.
714 3956 718 3964 ¹

91 3985 214 4055 Doceat
224 3987 316 4055 enim
329 3991 366 4071 a)
379 3984 594 4052 voluntatem
608 3984 770 4052 salvandi
783 4007 856 4052 esse
869 3985 906 4052 in
920 3986 990 4052 Deo
1003 3985 1193 4073 prinoipem

46 4097 73 4155 et
90 4101 277 4184 conceptam
303 4116 345 4161 ex
365 4099 514 4160 naturae
531 4115 613 4161 suae
631 4092 798 4175 bonitate,
817 4113 885 4183 que
901 4097 1085 4182 propterea
1101 4093 1195 4162 Deus

48 4217 99 4262 non
119 4201 206 4285 nult,
223 4200 292 4268 nisi
321 4201 411 4292 quod
428 4205 609 4268 creaturae
626 4199 854 4291 undequaque
873 4201 995 4266 bonum
1013 4205 1077 4267 est.
1097 4200 1196 4270 Unda

49 4301 73 4366 si
90 4327 164 4394 erga
185 4309 334 4400 aliquem
366 4307 537 4377 homiuem
567 4330 634 4375 uun
660 4309 708 4375 sit
733 4307 898 4376 voluntas
928 4307 1109 4392 salvandi,
1135 4309 1194 4376 sed

49 4409 145 4493 potins
165 4415 362 4500 dammandi,
388 4415 478 4484 hano
501 4413 640 4483 aiunta
663 4413 735 4482 Deo
759 4435 825 4481 uon
850 4413 997 4504 concipi,
1016 4414 1085 4482 uisi
1112 4436 1194 4505 qua·
