<?xml version="1.0" encoding="UTF-8"?>
<!DOCTYPE html PUBLIC "-//W3C//DTD XHTML 1.0 Transitional//EN"
    "http://www.w3.org/TR/xhtml1/DTD/xhtml1-transitional.dtd">
<html xmlns="http://www.w3.org/1999/xhtml" xml:lang="en" lang="en">
 <head>
  <title>
</title>
<meta http-equiv="Content-Type" content="text/html;charset=utf-8" />
  <meta name='ocr-system' content='tesseract 3.04.00' />
  <meta name='ocr-capabilities' content='ocr_page ocr_carea ocr_par ocr_line ocrx_word'/>
</head>
<body>
  <div class='ocr_page' id='page_1' title='image "./ioannisbaptfran01frangoog_0129.png"; bbox 0 0 3292 5062; ppageno 0'>
   <div class='ocr_carea' id='block_1_1' title="bbox 384 333 1567 3540">
    <p class='ocr_par' dir='ltr' id='par_1_1' title="bbox 882 333 1060 393">
     <span class='ocr_line' id='line_1_1' title="bbox 882 333 1060 393; baseline -0.006 0"><span class='ocrx_word' id='word_1_1' title='bbox 882 333 1060 393; x_wconf 78' lang='lat'>-112-</span> 
     </span>
    </p>

    <p class='ocr_par' dir='ltr' id='par_1_2' title="bbox 385 435 1567 2788">
     <span class='ocr_line' id='line_1_2' title="bbox 386 435 1567 528; baseline -0.003 -20"><span class='ocrx_word' id='word_1_2' title='bbox 386 445 530 508; x_wconf 88' lang='lat' dir='ltr'><strong>conatus</strong></span> <span class='ocrx_word' id='word_1_3' title='bbox 554 461 668 508; x_wconf 86' lang='lat' dir='ltr'><strong>omnes</strong></span> <span class='ocrx_word' id='word_1_4' title='bbox 691 461 713 506; x_wconf 92' lang='lat' dir='ltr'><strong>a</strong></span> <span class='ocrx_word' id='word_1_5' title='bbox 734 437 901 508; x_wconf 89' lang='lat' dir='ltr'><strong>societate</strong></span> <span class='ocrx_word' id='word_1_6' title='bbox 924 436 1052 528; x_wconf 79' lang='lat' dir='ltr'><strong>gentili</strong></span> <span class='ocrx_word' id='word_1_7' title='bbox 1074 459 1134 527; x_wconf 88' lang='lat' dir='ltr'><strong>per</strong></span> <span class='ocrx_word' id='word_1_8' title='bbox 1157 436 1231 504; x_wconf 91' lang='lat' dir='ltr'><strong>tria</strong></span> <span class='ocrx_word' id='word_1_9' title='bbox 1253 435 1392 506; x_wconf 86' lang='lat' dir='ltr'><strong>saecula</strong></span> <span class='ocrx_word' id='word_1_10' title='bbox 1412 437 1567 506; x_wconf 89' lang='lat' dir='ltr'><strong>incredi-</strong></span> 
     </span>
     <span class='ocr_line' id='line_1_3' title="bbox 386 543 1564 636; baseline -0.001 -22"><span class='ocrx_word' id='word_1_11' title='bbox 386 547 449 631; x_wconf 87' lang='lat' dir='ltr'><strong>bili</strong></span> <span class='ocrx_word' id='word_1_12' title='bbox 473 547 669 636; x_wconf 77' lang='lat' dir='ltr'><strong>pertinacia</strong></span> <span class='ocrx_word' id='word_1_13' title='bbox 692 553 728 616; x_wconf 88' lang='lat' dir='ltr'><strong>et</strong></span> <span class='ocrx_word' id='word_1_14' title='bbox 752 546 962 616; x_wconf 86' lang='lat' dir='ltr'><strong>crudelitate</strong></span> <span class='ocrx_word' id='word_1_15' title='bbox 984 543 1161 612; x_wconf 88' lang='lat' dir='ltr'><strong>adhibitos</strong></span> <span class='ocrx_word' id='word_1_16' title='bbox 1185 545 1295 612; x_wconf 86' lang='lat' dir='ltr'><strong>fuisse</strong></span> <span class='ocrx_word' id='word_1_17' title='bbox 1311 545 1357 614; x_wconf 93' lang='lat' dir='ltr'><strong>ad</strong></span> <span class='ocrx_word' id='word_1_18' title='bbox 1374 545 1564 634; x_wconf 91' lang='lat' dir='ltr'><strong>impedien-</strong></span> 
     </span>
     <span class='ocr_line' id='line_1_4' title="bbox 386 651 1567 740; baseline -0.003 -18"><span class='ocrx_word' id='word_1_19' title='bbox 386 654 468 722; x_wconf 89' lang='lat' dir='ltr'><strong>dum</strong></span> <span class='ocrx_word' id='word_1_20' title='bbox 491 653 665 739; x_wconf 73' lang='lat' dir='ltr'><strong>effectum,</strong></span> <span class='ocrx_word' id='word_1_21' title='bbox 691 653 804 722; x_wconf 88' lang='lat' dir='ltr'><strong>media</strong></span> <span class='ocrx_word' id='word_1_22' title='bbox 820 651 902 721; x_wconf 84' lang='lat' dir='ltr'><strong>&#39;vero</strong></span> <span class='ocrx_word' id='word_1_23' title='bbox 919 651 963 720; x_wconf 94' lang='lat' dir='ltr'><strong>ad</strong></span> <span class='ocrx_word' id='word_1_24' title='bbox 979 675 1057 720; x_wconf 88' lang='lat' dir='ltr'><strong>eum</strong></span> <span class='ocrx_word' id='word_1_25' title='bbox 1074 652 1342 740; x_wconf 86' lang='lat' dir='ltr'><strong>producendum,</strong></span> <span class='ocrx_word' id='word_1_26' title='bbox 1361 651 1393 720; x_wconf 93' lang='lat' dir='ltr'><strong>si</strong></span> <span class='ocrx_word' id='word_1_27' title='bbox 1407 652 1567 720; x_wconf 89' lang='lat' dir='ltr'><strong>humana</strong></span> 
     </span>
     <span class='ocr_line' id='line_1_5' title="bbox 386 758 1564 850; baseline -0.003 -22"><span class='ocrx_word' id='word_1_28' title='bbox 386 767 587 850; x_wconf 74' lang='lat' dir='ltr'><strong>spectentur</strong></span> <span class='ocrx_word' id='word_1_29' title='bbox 610 769 646 830; x_wconf 91' lang='lat' dir='ltr'><strong>et</strong></span> <span class='ocrx_word' id='word_1_30' title='bbox 669 761 704 846; x_wconf 77' lang='lat' dir='ltr'><strong>ip</strong></span> <span class='ocrx_word' id='word_1_31' title='bbox 722 783 770 846; x_wconf 90' lang='lat' dir='ltr'><strong>se,</strong></span> <span class='ocrx_word' id='word_1_32' title='bbox 796 759 995 828; x_wconf 91' lang='lat' dir='ltr'><strong>huiusmodi</strong></span> <span class='ocrx_word' id='word_1_33' title='bbox 1020 765 1132 840; x_wconf 90' lang='lat' dir='ltr'><strong>erant,</strong></span> <span class='ocrx_word' id='word_1_34' title='bbox 1151 767 1192 826; x_wconf 91' lang='lat' dir='ltr'><strong>ut</strong></span> <span class='ocrx_word' id='word_1_35' title='bbox 1207 758 1324 847; x_wconf 91' lang='lat' dir='ltr'><strong>potius</strong></span> <span class='ocrx_word' id='word_1_36' title='bbox 1342 760 1386 828; x_wconf 92' lang='lat' dir='ltr'><strong>ad</strong></span> <span class='ocrx_word' id='word_1_37' title='bbox 1403 781 1481 828; x_wconf 86' lang='lat' dir='ltr'><strong>aum</strong></span> <span class='ocrx_word' id='word_1_38' title='bbox 1498 759 1564 825; x_wconf 89' lang='lat' dir='ltr'><strong>irn-</strong></span> 
     </span>
     <span class='ocr_line' id='line_1_6' title="bbox 386 866 1565 958; baseline -0.004 -21"><span class='ocrx_word' id='word_1_39' title='bbox 386 868 582 958; x_wconf 84' lang='lat' dir='ltr'><strong>possibilem</strong></span> <span class='ocrx_word' id='word_1_40' title='bbox 608 868 818 938; x_wconf 88' lang='lat' dir='ltr'><strong>reddendum</strong></span> <span class='ocrx_word' id='word_1_41' title='bbox 842 867 1044 956; x_wconf 86' lang='lat' dir='ltr'><strong>excogitata</strong></span> <span class='ocrx_word' id='word_1_42' title='bbox 1068 867 1284 936; x_wconf 87' lang='lat' dir='ltr'><strong>viderentur.</strong></span> <span class='ocrx_word' id='word_1_43' title='bbox 1310 867 1364 934; x_wconf 85' lang='lat' dir='ltr'><strong>Ex</strong></span> <span class='ocrx_word' id='word_1_44' title='bbox 1389 871 1490 956; x_wconf 87' lang='lat' dir='ltr'><strong>parte</strong></span> <span class='ocrx_word' id='word_1_45' title='bbox 1510 866 1565 933; x_wconf 93' lang='lat' dir='ltr'><strong>al-</strong></span> 
     </span>
     <span class='ocr_line' id='line_1_7' title="bbox 386 973 1565 1066; baseline -0.002 -22"><span class='ocrx_word' id='word_1_46' title='bbox 386 985 462 1044; x_wconf 89' lang='lat' dir='ltr'><strong>tera</strong></span> <span class='ocrx_word' id='word_1_47' title='bbox 478 979 507 1060; x_wconf 90' lang='lat' dir='ltr'><strong>c)</strong></span> <span class='ocrx_word' id='word_1_48' title='bbox 524 982 686 1044; x_wconf 88' lang='lat' dir='ltr'><strong>constans</strong></span> <span class='ocrx_word' id='word_1_49' title='bbox 701 985 738 1044; x_wconf 87' lang='lat' dir='ltr'><strong>et</strong></span> <span class='ocrx_word' id='word_1_50' title='bbox 753 975 923 1044; x_wconf 87' lang='lat' dir='ltr'><strong>latissime</strong></span> <span class='ocrx_word' id='word_1_51' title='bbox 940 983 1062 1066; x_wconf 89' lang='lat' dir='ltr'><strong>patens</strong></span> <span class='ocrx_word' id='word_1_52' title='bbox 1079 974 1186 1042; x_wconf 89' lang='lat' dir='ltr'><strong>series</strong></span> <span class='ocrx_word' id='word_1_53' title='bbox 1203 973 1462 1056; x_wconf 78' lang='lat' dir='ltr'><strong>miraculorum,</strong></span> <span class='ocrx_word' id='word_1_54' title='bbox 1484 997 1565 1064; x_wconf 83' lang='lat' dir='ltr'><strong>pro·</strong></span> 
     </span>
     <span class='ocr_line' id='line_1_8' title="bbox 386 1080 1564 1172; baseline -0.002 -24"><span class='ocrx_word' id='word_1_55' title='bbox 386 1083 584 1171; x_wconf 89' lang='lat' dir='ltr'><strong>phetiarum</strong></span> <span class='ocrx_word' id='word_1_56' title='bbox 608 1105 695 1172; x_wconf 87' lang='lat' dir='ltr'><strong>quae</strong></span> <span class='ocrx_word' id='word_1_57' title='bbox 718 1083 966 1172; x_wconf 79' lang='lat' dir='ltr'><strong>adimplentur,</strong></span> <span class='ocrx_word' id='word_1_58' title='bbox 993 1103 1222 1170; x_wconf 89' lang='lat' dir='ltr'><strong>supernarum</strong></span> <span class='ocrx_word' id='word_1_59' title='bbox 1254 1080 1564 1148; x_wconf 89' lang='lat' dir='ltr'><strong>collustratiounm</strong></span> 
     </span>
     <span class='ocr_line' id='line_1_9' title="bbox 385 1187 1566 1280; baseline -0.002 -22"><span class='ocrx_word' id='word_1_60' title='bbox 385 1196 422 1258; x_wconf 90' lang='lat' dir='ltr'><strong>et</strong></span> <span class='ocrx_word' id='word_1_61' title='bbox 444 1189 737 1258; x_wconf 79' lang='lat' dir='ltr'><strong>confortationem</strong></span> <span class='ocrx_word' id='word_1_62' title='bbox 762 1190 976 1272; x_wconf 89' lang='lat' dir='ltr'><strong>animorum,</strong></span> <span class='ocrx_word' id='word_1_63' title='bbox 1002 1210 1090 1280; x_wconf 90' lang='lat' dir='ltr'><strong>quae</strong></span> <span class='ocrx_word' id='word_1_64' title='bbox 1122 1187 1291 1255; x_wconf 89' lang='lat' dir='ltr'><strong>mirandis</strong></span> <span class='ocrx_word' id='word_1_65' title='bbox 1314 1189 1352 1254; x_wconf 91' lang='lat' dir='ltr'><strong>in</strong></span> <span class='ocrx_word' id='word_1_66' title='bbox 1375 1189 1566 1256; x_wconf 86' lang='lat' dir='ltr'><strong>effectibus</strong></span> 
     </span>
     <span class='ocr_line' id='line_1_10' title="bbox 385 1295 1564 1386; baseline 0 -24"><span class='ocrx_word' id='word_1_67' title='bbox 385 1306 566 1386; x_wconf 80' lang='lat' dir='ltr'><strong>apparent,</strong></span> <span class='ocrx_word' id='word_1_68' title='bbox 586 1298 801 1366; x_wconf 88' lang='lat' dir='ltr'><strong>demonstrat</strong></span> <span class='ocrx_word' id='word_1_69' title='bbox 823 1319 900 1366; x_wconf 91' lang='lat' dir='ltr'><strong>eum</strong></span> <span class='ocrx_word' id='word_1_70' title='bbox 924 1304 1111 1380; x_wconf 81' lang='lat' dir='ltr'><strong>auctorem,</strong></span> <span class='ocrx_word' id='word_1_71' title='bbox 1138 1295 1196 1364; x_wconf 89' lang='lat' dir='ltr'><strong>cui</strong></span> <span class='ocrx_word' id='word_1_72' title='bbox 1218 1303 1330 1364; x_wconf 88' lang='lat' dir='ltr'><strong>totum</strong></span> <span class='ocrx_word' id='word_1_73' title='bbox 1356 1295 1564 1364; x_wconf 88' lang='lat' dir='ltr'><strong>universum</strong></span> 
     </span>
     <span class='ocr_line' id='line_1_11' title="bbox 386 1400 1566 1494; baseline -0.004 -21"><span class='ocrx_word' id='word_1_74' title='bbox 386 1427 585 1493; x_wconf 85' lang='lat' dir='ltr'><strong>corporeum</strong></span> <span class='ocrx_word' id='word_1_75' title='bbox 602 1411 638 1472; x_wconf 88' lang='lat' dir='ltr'><strong>et</strong></span> <span class='ocrx_word' id='word_1_76' title='bbox 654 1403 818 1494; x_wconf 91' lang='lat' dir='ltr'><strong>spiritale</strong></span> <span class='ocrx_word' id='word_1_77' title='bbox 834 1404 1027 1472; x_wconf 88' lang='lat' dir='ltr'><strong>subiectum</strong></span> <span class='ocrx_word' id='word_1_78' title='bbox 1049 1413 1115 1470; x_wconf 91' lang='lat' dir='ltr'><strong>est.</strong></span> <span class='ocrx_word' id='word_1_79' title='bbox 1133 1401 1230 1492; x_wconf 85' lang='lat' dir='ltr'><strong>Ergo</strong></span> <span class='ocrx_word' id='word_1_80' title='bbox 1257 1401 1449 1469; x_wconf 85' lang='lat' dir='ltr'><strong>universim</strong></span> <span class='ocrx_word' id='word_1_81' title='bbox 1468 1400 1566 1470; x_wconf 89' lang='lat' dir='ltr'><strong>chri·</strong></span> 
     </span>
     <span class='ocr_line' id='line_1_12' title="bbox 386 1509 1566 1600; baseline 0 -22"><span class='ocrx_word' id='word_1_82' title='bbox 386 1511 502 1579; x_wconf 89' lang='lat' dir='ltr'><strong>stiana</strong></span> <span class='ocrx_word' id='word_1_83' title='bbox 526 1511 719 1580; x_wconf 87' lang='lat' dir='ltr'><strong>oeconomia</strong></span> <span class='ocrx_word' id='word_1_84' title='bbox 742 1516 819 1579; x_wconf 91' lang='lat' dir='ltr'><strong>tota</strong></span> <span class='ocrx_word' id='word_1_85' title='bbox 841 1511 887 1578; x_wconf 94' lang='lat' dir='ltr'><strong>iis</strong></span> <span class='ocrx_word' id='word_1_86' title='bbox 903 1511 1031 1578; x_wconf 91' lang='lat' dir='ltr'><strong>nititur</strong></span> <span class='ocrx_word' id='word_1_87' title='bbox 1055 1510 1264 1600; x_wconf 86' lang='lat' dir='ltr'><strong>principiis,</strong></span> <span class='ocrx_word' id='word_1_88' title='bbox 1290 1509 1337 1578; x_wconf 90' lang='lat' dir='ltr'><strong>iis</strong></span> <span class='ocrx_word' id='word_1_89' title='bbox 1361 1509 1566 1578; x_wconf 83' lang='lat' dir='ltr'><strong>continetur</strong></span> 
     </span>
     <span class='ocr_line' id='line_1_13' title="bbox 385 1616 1565 1706; baseline -0.001 -21"><span class='ocrx_word' id='word_1_90' title='bbox 385 1619 519 1703; x_wconf 89' lang='lat' dir='ltr'><strong>mediis,</strong></span> <span class='ocrx_word' id='word_1_91' title='bbox 545 1618 591 1686; x_wconf 92' lang='lat' dir='ltr'><strong>iis</strong></span> <span class='ocrx_word' id='word_1_92' title='bbox 614 1617 730 1706; x_wconf 81' lang='lat' dir='ltr'><strong>fulget</strong></span> <span class='ocrx_word' id='word_1_93' title='bbox 753 1619 902 1686; x_wconf 88' lang='lat' dir='ltr'><strong>internis</strong></span> <span class='ocrx_word' id='word_1_94' title='bbox 925 1623 1067 1686; x_wconf 84' lang='lat' dir='ltr'><strong>externe</strong></span> <span class='ocrx_word' id='word_1_95' title='bbox 1091 1639 1164 1686; x_wconf 88' lang='lat' dir='ltr'><strong>sese</strong></span> <span class='ocrx_word' id='word_1_96' title='bbox 1180 1616 1486 1697; x_wconf 81' lang='lat' dir='ltr'><strong>manifestantibus</strong></span> <span class='ocrx_word' id='word_1_97' title='bbox 1503 1617 1565 1685; x_wconf 94' lang='lat' dir='ltr'><strong>do-</strong></span> 
     </span>
     <span class='ocr_line' id='line_1_14' title="bbox 385 1726 1566 1818; baseline 0.001 -25"><span class='ocrx_word' id='word_1_98' title='bbox 385 1727 441 1794; x_wconf 91' lang='lat' dir='ltr'><strong>nis</strong></span> <span class='ocrx_word' id='word_1_99' title='bbox 464 1735 500 1796; x_wconf 91' lang='lat' dir='ltr'><strong>et</strong></span> <span class='ocrx_word' id='word_1_100' title='bbox 523 1726 771 1796; x_wconf 87' lang='lat' dir='ltr'><strong>charismatum</strong></span> <span class='ocrx_word' id='word_1_101' title='bbox 797 1727 1082 1816; x_wconf 86' lang='lat' dir='ltr'><strong>perfectionibus,</strong></span> <span class='ocrx_word' id='word_1_102' title='bbox 1108 1735 1239 1796; x_wconf 87' lang='lat' dir='ltr'><strong>utnon</strong></span> <span class='ocrx_word' id='word_1_103' title='bbox 1264 1727 1375 1818; x_wconf 86' lang='lat' dir='ltr'><strong>possit</strong></span> <span class='ocrx_word' id='word_1_104' title='bbox 1397 1749 1465 1794; x_wconf 91' lang='lat' dir='ltr'><strong>non</strong></span> <span class='ocrx_word' id='word_1_105' title='bbox 1486 1749 1566 1794; x_wconf 89' lang='lat' dir='ltr'><strong>esse</strong></span> 
     </span>
     <span class='ocr_line' id='line_1_15' title="bbox 386 1833 1562 1924; baseline 0 -22"><span class='ocrx_word' id='word_1_106' title='bbox 386 1856 472 1924; x_wconf 86' lang='lat' dir='ltr'><strong>opus</strong></span> <span class='ocrx_word' id='word_1_107' title='bbox 507 1833 629 1917; x_wconf 92' lang='lat' dir='ltr'><strong>illius,</strong></span> <span class='ocrx_word' id='word_1_108' title='bbox 657 1835 718 1924; x_wconf 85' lang='lat' dir='ltr'><strong>qui</strong></span> <span class='ocrx_word' id='word_1_109' title='bbox 741 1833 790 1902; x_wconf 89' lang='lat' dir='ltr'><strong>sit</strong></span> <span class='ocrx_word' id='word_1_110' title='bbox 820 1833 957 1902; x_wconf 85' lang='lat' dir='ltr'><strong>infinite</strong></span> <span class='ocrx_word' id='word_1_111' title='bbox 982 1835 1113 1918; x_wconf 90' lang='lat' dir='ltr'><strong>bouus,</strong></span> <span class='ocrx_word' id='word_1_112' title='bbox 1138 1835 1303 1924; x_wconf 78' lang='lat' dir='ltr'><strong>sepiens,</strong></span> <span class='ocrx_word' id='word_1_113' title='bbox 1329 1835 1562 1924; x_wconf 87' lang='lat' dir='ltr'><strong>omnipotens,</strong></span> 
     </span>
     <span class='ocr_line' id='line_1_16' title="bbox 386 1943 1563 2035; baseline -0.001 -25"><span class='ocrx_word' id='word_1_114' title='bbox 386 1951 521 2010; x_wconf 89' lang='lat' dir='ltr'><strong>creator</strong></span> <span class='ocrx_word' id='word_1_115' title='bbox 544 1951 580 2010; x_wconf 89' lang='lat' dir='ltr'><strong>et</strong></span> <span class='ocrx_word' id='word_1_116' title='bbox 603 1943 853 2028; x_wconf 78' lang='lat' dir='ltr'><strong>sanctificator,</strong></span> <span class='ocrx_word' id='word_1_117' title='bbox 879 1966 979 2035; x_wconf 91' lang='lat' dir='ltr'><strong>quem</strong></span> <span class='ocrx_word' id='word_1_118' title='bbox 1003 1943 1130 2032; x_wconf 90' lang='lat' dir='ltr'><strong>religio</strong></span> <span class='ocrx_word' id='word_1_119' title='bbox 1152 1943 1348 2014; x_wconf 90' lang='lat' dir='ltr'><strong>christiana</strong></span> <span class='ocrx_word' id='word_1_120' title='bbox 1364 1944 1441 2032; x_wconf 90' lang='lat' dir='ltr'><strong>ipsa</strong></span> <span class='ocrx_word' id='word_1_121' title='bbox 1457 1965 1563 2010; x_wconf 90' lang='lat' dir='ltr'><strong>suurn</strong></span> 
     </span>
     <span class='ocr_line' id='line_1_17' title="bbox 385 2049 1565 2140; baseline 0 -24"><span class='ocrx_word' id='word_1_122' title='bbox 385 2055 561 2118; x_wconf 86' lang='lat' dir='ltr'><strong>auctorem</strong></span> <span class='ocrx_word' id='word_1_123' title='bbox 593 2051 791 2140; x_wconf 85' lang='lat' dir='ltr'><strong>profitetur.</strong></span> <span class='ocrx_word' id='word_1_124' title='bbox 818 2051 899 2120; x_wconf 88' lang='lat' dir='ltr'><strong>Sese</strong></span> <span class='ocrx_word' id='word_1_125' title='bbox 922 2051 1064 2128; x_wconf 82' lang='lat' dir='ltr'><strong>exhibet</strong></span> <span class='ocrx_word' id='word_1_126' title='bbox 1085 2074 1169 2140; x_wconf 90' lang='lat' dir='ltr'><strong>ergo</strong></span> <span class='ocrx_word' id='word_1_127' title='bbox 1192 2049 1388 2120; x_wconf 87' lang='lat' dir='ltr'><strong>christiana</strong></span> <span class='ocrx_word' id='word_1_128' title='bbox 1419 2072 1565 2118; x_wconf 88' lang='lat' dir='ltr'><strong>oecono-</strong></span> 
     </span>
     <span class='ocr_line' id='line_1_18' title="bbox 386 2157 1563 2249; baseline 0.001 -25"><span class='ocrx_word' id='word_1_129' title='bbox 386 2159 455 2226; x_wconf 88' lang='lat' dir='ltr'><strong>mia</strong></span> <span class='ocrx_word' id='word_1_130' title='bbox 479 2167 519 2226; x_wconf 90' lang='lat' dir='ltr'><strong>ut</strong></span> <span class='ocrx_word' id='word_1_131' title='bbox 542 2159 842 2249; x_wconf 87' lang='lat' dir='ltr'><strong>supernaturalem</strong></span> <span class='ocrx_word' id='word_1_132' title='bbox 866 2161 1075 2228; x_wconf 86' lang='lat' dir='ltr'><strong>creationem</strong></span> <span class='ocrx_word' id='word_1_133' title='bbox 1098 2161 1163 2228; x_wconf 93' lang='lat' dir='ltr'><strong>Dei</strong></span> <span class='ocrx_word' id='word_1_134' title='bbox 1181 2159 1244 2246; x_wconf 85' lang='lat'><strong>(1),</strong></span> <span class='ocrx_word' id='word_1_135' title='bbox 1262 2167 1300 2229; x_wconf 88' lang='lat' dir='ltr'><strong>et</strong></span> <span class='ocrx_word' id='word_1_136' title='bbox 1315 2160 1392 2248; x_wconf 76' lang='lat' dir='ltr'><strong>ipse</strong></span> <span class='ocrx_word' id='word_1_137' title='bbox 1407 2165 1471 2226; x_wconf 75' lang='lat' dir='ltr'><strong>sua</strong></span> <span class='ocrx_word' id='word_1_138' title='bbox 1486 2157 1563 2226; x_wconf 83' lang='lat' dir='ltr'><strong>exi-</strong></span> 
     </span>
     <span class='ocr_line' id='line_1_19' title="bbox 385 2265 1555 2356; baseline 0.001 -23"><span class='ocrx_word' id='word_1_139' title='bbox 385 2265 515 2333; x_wconf 78' lang='lat' dir='ltr'><strong>stentia</strong></span> <span class='ocrx_word' id='word_1_140' title='bbox 537 2273 592 2332; x_wconf 89' lang='lat' dir='ltr'><strong>est</strong></span> <span class='ocrx_word' id='word_1_141' title='bbox 614 2288 654 2334; x_wconf 92' lang='lat' dir='ltr'><strong>ac</strong></span> <span class='ocrx_word' id='word_1_142' title='bbox 678 2265 897 2356; x_wconf 87' lang='lat' dir='ltr'><strong>intelligitur</strong></span> <span class='ocrx_word' id='word_1_143' title='bbox 921 2267 1202 2356; x_wconf 87' lang='lat' dir='ltr'><strong>supernaturalis</strong></span> <span class='ocrx_word' id='word_1_144' title='bbox 1221 2266 1458 2336; x_wconf 76' lang='lat' dir='ltr'><strong>manifestatio</strong></span> <span class='ocrx_word' id='word_1_145' title='bbox 1475 2266 1555 2334; x_wconf 88' lang='lat' dir='ltr'><strong>Dei.</strong></span> 
     </span>
     <span class='ocr_line' id='line_1_20' title="bbox 386 2371 1564 2464; baseline 0 -23"><span class='ocrx_word' id='word_1_146' title='bbox 386 2371 679 2455; x_wconf 79' lang='lat' dir='ltr'><strong>Quemadmodum</strong></span> <span class='ocrx_word' id='word_1_147' title='bbox 703 2397 785 2444; x_wconf 90' lang='lat' dir='ltr'><strong>vero</strong></span> <span class='ocrx_word' id='word_1_148' title='bbox 809 2375 921 2464; x_wconf 88' lang='lat' dir='ltr'><strong>prima</strong></span> <span class='ocrx_word' id='word_1_149' title='bbox 944 2374 1159 2444; x_wconf 88' lang='lat' dir='ltr'><strong>christianae</strong></span> <span class='ocrx_word' id='word_1_150' title='bbox 1178 2375 1356 2444; x_wconf 88' lang='lat' dir='ltr'><strong>societatis</strong></span> <span class='ocrx_word' id='word_1_151' title='bbox 1380 2373 1564 2444; x_wconf 89' lang='lat' dir='ltr'><strong>institutio</strong></span> 
     </span>
     <span class='ocr_line' id='line_1_21' title="bbox 386 2479 1562 2568; baseline 0 -18"><span class='ocrx_word' id='word_1_152' title='bbox 386 2482 494 2550; x_wconf 87' lang='lat' dir='ltr'><strong>Deum</strong></span> <span class='ocrx_word' id='word_1_153' title='bbox 519 2479 661 2550; x_wconf 85' lang='lat' dir='ltr'><strong>exhibet</strong></span> <span class='ocrx_word' id='word_1_154' title='bbox 679 2489 719 2550; x_wconf 92' lang='lat' dir='ltr'><strong>ut</strong></span> <span class='ocrx_word' id='word_1_155' title='bbox 736 2505 874 2551; x_wconf 89' lang='lat' dir='ltr'><strong>oausam</strong></span> <span class='ocrx_word' id='word_1_156' title='bbox 891 2505 989 2550; x_wconf 89' lang='lat' dir='ltr'><strong>suam</strong></span> <span class='ocrx_word' id='word_1_157' title='bbox 1007 2485 1222 2568; x_wconf 86' lang='lat' dir='ltr'><strong>creatricem,</strong></span> <span class='ocrx_word' id='word_1_158' title='bbox 1240 2484 1294 2552; x_wconf 86' lang='lat' dir='ltr'><strong>ita</strong></span> <span class='ocrx_word' id='word_1_159' title='bbox 1309 2483 1463 2552; x_wconf 88' lang='lat' dir='ltr'><strong>eiusdem</strong></span> <span class='ocrx_word' id='word_1_160' title='bbox 1481 2505 1562 2552; x_wconf 90' lang='lat' dir='ltr'><strong>cou-</strong></span> 
     </span>
     <span class='ocr_line' id='line_1_22' title="bbox 385 2587 1562 2681; baseline -0.001 -24"><span class='ocrx_word' id='word_1_161' title='bbox 385 2587 539 2657; x_wconf 87' lang='lat' dir='ltr'><strong>servatio</strong></span> <span class='ocrx_word' id='word_1_162' title='bbox 554 2596 609 2656; x_wconf 87' lang='lat' dir='ltr'><strong>est</strong></span> <span class='ocrx_word' id='word_1_163' title='bbox 624 2589 790 2658; x_wconf 88' lang='lat' dir='ltr'><strong>continua</strong></span> <span class='ocrx_word' id='word_1_164' title='bbox 806 2590 1045 2659; x_wconf 83' lang='lat' dir='ltr'><strong>manifestatio</strong></span> <span class='ocrx_word' id='word_1_165' title='bbox 1064 2591 1128 2660; x_wconf 90' lang='lat' dir='ltr'><strong>Dei</strong></span> <span class='ocrx_word' id='word_1_166' title='bbox 1144 2589 1407 2681; x_wconf 88' lang='lat' dir='ltr'><strong>supernaturali</strong></span> <span class='ocrx_word' id='word_1_167' title='bbox 1424 2589 1562 2658; x_wconf 91' lang='lat' dir='ltr'><strong>virtute</strong></span> 
     </span>
     <span class='ocr_line' id='line_1_23' title="bbox 385 2695 1286 2788; baseline 0.002 -24"><span class='ocrx_word' id='word_1_168' title='bbox 385 2695 527 2764; x_wconf 90' lang='lat' dir='ltr'><strong>eandem</strong></span> <span class='ocrx_word' id='word_1_169' title='bbox 551 2697 802 2782; x_wconf 88' lang='lat' dir='ltr'><strong>conservantis,</strong></span> <span class='ocrx_word' id='word_1_170' title='bbox 828 2699 1056 2788; x_wconf 88' lang='lat' dir='ltr'><strong>protegentis,</strong></span> <span class='ocrx_word' id='word_1_171' title='bbox 1082 2699 1286 2767; x_wconf 84' lang='lat' dir='ltr'><strong>nutrientis.</strong></span> 
     </span>
    </p>

    <p class='ocr_par' dir='ltr' id='par_1_3' title="bbox 384 2805 1564 3540">
     <span class='ocr_line' id='line_1_24' title="bbox 434 2805 1562 2897; baseline 0.001 -25"><span class='ocrx_word' id='word_1_172' title='bbox 434 2805 487 2886; x_wconf 44' lang='lat'><strong>,2⁰</strong></span> <span class='ocrx_word' id='word_1_173' title='bbox 503 2805 661 2872; x_wconf 89' lang='lat' dir='ltr'><strong>Historia</strong></span> <span class='ocrx_word' id='word_1_174' title='bbox 673 2805 868 2874; x_wconf 86' lang='lat' dir='ltr'><strong>christiana</strong></span> <span class='ocrx_word' id='word_1_175' title='bbox 884 2807 1006 2876; x_wconf 88' lang='lat' dir='ltr'><strong>intime</strong></span> <span class='ocrx_word' id='word_1_176' title='bbox 1022 2808 1178 2875; x_wconf 87' lang='lat' dir='ltr'><strong>nectitur</strong></span> <span class='ocrx_word' id='word_1_177' title='bbox 1189 2831 1265 2876; x_wconf 92' lang='lat' dir='ltr'><strong>cum</strong></span> <span class='ocrx_word' id='word_1_178' title='bbox 1278 2806 1427 2874; x_wconf 90' lang='lat' dir='ltr'><strong>historia</strong></span> <span class='ocrx_word' id='word_1_179' title='bbox 1440 2807 1562 2897; x_wconf 91' lang='lat' dir='ltr'><strong>populi</strong></span> 
     </span>
     <span class='ocr_line' id='line_1_25' title="bbox 385 2911 1561 3002; baseline 0 -22"><span class='ocrx_word' id='word_1_180' title='bbox 385 2911 487 2980; x_wconf 91' lang='lat' dir='ltr'><strong>electi</strong></span> <span class='ocrx_word' id='word_1_181' title='bbox 500 2911 555 2978; x_wconf 91' lang='lat' dir='ltr'><strong>·V.</strong></span> <span class='ocrx_word' id='word_1_182' title='bbox 573 2913 614 2979; x_wconf 82' lang='grc' dir='ltr'><strong>Τ.</strong></span> <span class='ocrx_word' id='word_1_183' title='bbox 635 2921 674 2980; x_wconf 86' lang='lat' dir='ltr'><strong>nt</strong></span> <span class='ocrx_word' id='word_1_184' title='bbox 698 2914 865 3002; x_wconf 83' lang='lat' dir='ltr'><strong>perfectio</strong></span> <span class='ocrx_word' id='word_1_185' title='bbox 888 2937 966 2982; x_wconf 91' lang='lat' dir='ltr'><strong>cum</strong></span> <span class='ocrx_word' id='word_1_186' title='bbox 983 2935 1047 2982; x_wconf 89' lang='lat' dir='ltr'><strong>sua</strong></span> <span class='ocrx_word' id='word_1_187' title='bbox 1066 2913 1299 2982; x_wconf 89' lang='lat' dir='ltr'><strong>inchoatione.</strong></span> <span class='ocrx_word' id='word_1_188' title='bbox 1317 2913 1417 2982; x_wconf 88' lang='lat' dir='ltr'><strong>Hanc</strong></span> <span class='ocrx_word' id='word_1_189' title='bbox 1434 2914 1465 2980; x_wconf 92' lang='lat' dir='ltr'><strong>si</strong></span> <span class='ocrx_word' id='word_1_190' title='bbox 1482 2935 1561 2982; x_wconf 89' lang='lat' dir='ltr'><strong>oon·</strong></span> 
     </span>
     <span class='ocr_line' id='line_1_26' title="bbox 385 3020 1563 3110; baseline 0.002 -24"><span class='ocrx_word' id='word_1_191' title='bbox 385 3020 587 3102; x_wconf 83' lang='lat' dir='ltr'><strong>sideramus,</strong></span> <span class='ocrx_word' id='word_1_192' title='bbox 613 3021 794 3088; x_wconf 87' lang='lat' dir='ltr'><strong>evidenter</strong></span> <span class='ocrx_word' id='word_1_193' title='bbox 817 3026 962 3110; x_wconf 89' lang='lat' dir='ltr'><strong>apparet</strong></span> <span class='ocrx_word' id='word_1_194' title='bbox 984 3021 1096 3088; x_wconf 89' lang='lat' dir='ltr'><strong>totins</strong></span> <span class='ocrx_word' id='word_1_195' title='bbox 1118 3021 1272 3089; x_wconf 87' lang='lat' dir='ltr'><strong>nationis</strong></span> <span class='ocrx_word' id='word_1_196' title='bbox 1296 3021 1460 3090; x_wconf 86' lang='lat' dir='ltr'><strong>Iudaicae</strong></span> <span class='ocrx_word' id='word_1_197' title='bbox 1483 3021 1563 3088; x_wconf 90' lang='lat' dir='ltr'><strong>vita</strong></span> 
     </span>
     <span class='ocr_line' id='line_1_27' title="bbox 385 3125 1562 3216; baseline 0.002 -22"><span class='ocrx_word' id='word_1_198' title='bbox 385 3125 552 3215; x_wconf 87' lang='lat' dir='ltr'><strong>religiosa</strong></span> <span class='ocrx_word' id='word_1_199' title='bbox 574 3135 611 3195; x_wconf 88' lang='lat' dir='ltr'><strong>et</strong></span> <span class='ocrx_word' id='word_1_200' title='bbox 635 3125 780 3216; x_wconf 85' lang='lat' dir='ltr'><strong>politica</strong></span> <span class='ocrx_word' id='word_1_201' title='bbox 802 3151 863 3216; x_wconf 92' lang='lat' dir='ltr'><strong>per</strong></span> <span class='ocrx_word' id='word_1_202' title='bbox 887 3127 940 3196; x_wconf 92' lang='lat' dir='ltr'><strong>his</strong></span> <span class='ocrx_word' id='word_1_203' title='bbox 963 3127 1059 3197; x_wconf 90' lang='lat' dir='ltr'><strong>mille</strong></span> <span class='ocrx_word' id='word_1_204' title='bbox 1083 3152 1190 3196; x_wconf 88' lang='lat' dir='ltr'><strong>annos</strong></span> <span class='ocrx_word' id='word_1_205' title='bbox 1214 3129 1352 3196; x_wconf 85' lang='lat' dir='ltr'><strong>omnino</strong></span> <span class='ocrx_word' id='word_1_206' title='bbox 1375 3129 1520 3197; x_wconf 86' lang='lat' dir='ltr'><strong>diversa</strong></span> <span class='ocrx_word' id='word_1_207' title='bbox 1540 3151 1562 3196; x_wconf 90' lang='lat' dir='ltr'><strong>a</strong></span> 
     </span>
     <span class='ocr_line' id='line_1_28' title="bbox 384 3232 1561 3325; baseline 0.002 -25"><span class='ocrx_word' id='word_1_208' title='bbox 384 3232 576 3321; x_wconf 80' lang='lat' dir='ltr'><strong>religione,</strong></span> <span class='ocrx_word' id='word_1_209' title='bbox 602 3233 679 3302; x_wconf 86' lang='lat' dir='ltr'><strong>vita</strong></span> <span class='ocrx_word' id='word_1_210' title='bbox 708 3241 743 3300; x_wconf 90' lang='lat' dir='ltr'><strong>et</strong></span> <span class='ocrx_word' id='word_1_211' title='bbox 774 3234 927 3303; x_wconf 89' lang='lat' dir='ltr'><strong>moribus</strong></span> <span class='ocrx_word' id='word_1_212' title='bbox 949 3235 1101 3303; x_wconf 90' lang='lat' dir='ltr'><strong>omnium</strong></span> <span class='ocrx_word' id='word_1_213' title='bbox 1124 3236 1294 3325; x_wconf 88' lang='lat' dir='ltr'><strong>gentium.</strong></span> <span class='ocrx_word' id='word_1_214' title='bbox 1322 3235 1412 3304; x_wconf 80' lang='lat' dir='ltr'><strong>&#39;Pota</strong></span> <span class='ocrx_word' id='word_1_215' title='bbox 1442 3239 1561 3304; x_wconf 83' lang='lat' dir='ltr'><strong>autem</strong></span> 
     </span>
     <span class='ocr_line' id='line_1_29' title="bbox 384 3339 1564 3434; baseline 0.004 -28"><span class='ocrx_word' id='word_1_216' title='bbox 384 3339 470 3408; x_wconf 89' lang='lat' dir='ltr'><strong>haec</strong></span> <span class='ocrx_word' id='word_1_217' title='bbox 492 3339 584 3408; x_wconf 89' lang='lat' dir='ltr'><strong>ratio</strong></span> <span class='ocrx_word' id='word_1_218' title='bbox 607 3339 749 3408; x_wconf 88' lang='lat' dir='ltr'><strong>diversa</strong></span> <span class='ocrx_word' id='word_1_219' title='bbox 771 3341 930 3431; x_wconf 88' lang='lat' dir='ltr'><strong>integras</strong></span> <span class='ocrx_word' id='word_1_220' title='bbox 954 3343 1120 3426; x_wconf 89' lang='lat' dir='ltr'><strong>nationis,</strong></span> <span class='ocrx_word' id='word_1_221' title='bbox 1147 3365 1234 3434; x_wconf 87' lang='lat' dir='ltr'><strong>quae</strong></span> <span class='ocrx_word' id='word_1_222' title='bbox 1258 3344 1351 3412; x_wconf 86' lang='lat' dir='ltr'><strong>inter</strong></span> <span class='ocrx_word' id='word_1_223' title='bbox 1374 3365 1492 3411; x_wconf 87' lang='lat' dir='ltr'><strong>omnes</strong></span> <span class='ocrx_word' id='word_1_224' title='bbox 1509 3345 1564 3411; x_wconf 89' lang='lat' dir='ltr'><strong>vi-</strong></span> 
     </span>
     <span class='ocr_line' id='line_1_30' title="bbox 386 3446 1564 3540; baseline 0.004 -26"><span class='ocrx_word' id='word_1_225' title='bbox 386 3446 611 3516; x_wconf 88' lang='lat' dir='ltr'><strong>cissitudines</strong></span> <span class='ocrx_word' id='word_1_226' title='bbox 633 3447 777 3516; x_wconf 90' lang='lat' dir='ltr'><strong>eundem</strong></span> <span class='ocrx_word' id='word_1_227' title='bbox 802 3473 936 3540; x_wconf 87' lang='lat' dir='ltr'><strong>semper</strong></span> <span class='ocrx_word' id='word_1_228' title='bbox 962 3459 1082 3520; x_wconf 85' lang='lat' dir='ltr'><strong>servat</strong></span> <span class='ocrx_word' id='word_1_229' title='bbox 1111 3449 1359 3534; x_wconf 86' lang='lat' dir='ltr'><strong>characterem,</strong></span> <span class='ocrx_word' id='word_1_230' title='bbox 1379 3451 1564 3540; x_wconf 88' lang='lat' dir='ltr'><strong>complexa</strong></span> 
     </span>
    </p>
   </div>
   <div class='ocr_carea' id='block_1_2' title="bbox 383 3701 1563 4312">
    <p class='ocr_par' dir='ltr' id='par_1_4' title="bbox 386 3701 1563 3934">
     <span class='ocr_line' id='line_1_31' title="bbox 387 3701 1561 3770; baseline 0.003 -18"><span class='ocrx_word' id='word_1_231' title='bbox 387 3702 465 3754; x_wconf 84' lang='lat' dir='ltr'><strong>inter</strong></span> <span class='ocrx_word' id='word_1_232' title='bbox 483 3701 693 3768; x_wconf 83' lang='lat' dir='ltr'><strong>persecutiones</strong></span> <span class='ocrx_word' id='word_1_233' title='bbox 720 3707 879 3770; x_wconf 77' lang='lat' dir='ltr'><strong>propagata</strong></span> <span class='ocrx_word' id='word_1_234' title='bbox 902 3709 960 3770; x_wconf 88' lang='lat' dir='ltr'><strong>est,</strong></span> <span class='ocrx_word' id='word_1_235' title='bbox 985 3703 1131 3758; x_wconf 82' lang='lat' dir='ltr'><strong>concludit</strong></span> <span class='ocrx_word' id='word_1_236' title='bbox 1148 3707 1201 3759; x_wconf 84' lang='lat' dir='ltr'><strong>hac</strong></span> <span class='ocrx_word' id='word_1_237' title='bbox 1218 3703 1370 3757; x_wconf 78' lang='lat' dir='ltr'><strong>illatione:</strong></span> <span class='ocrx_word' id='word_1_238' title='bbox 1388 3724 1401 3750; x_wconf 74' lang='lat' dir='ltr'><strong>a</strong></span> <span class='ocrx_word' id='word_1_239' title='bbox 1414 3703 1474 3756; x_wconf 81' lang='lat' dir='ltr'><strong>iste</strong></span> <span class='ocrx_word' id='word_1_240' title='bbox 1500 3719 1561 3757; x_wconf 85' lang='lat' dir='ltr'><strong>uon</strong></span> 
     </span>
     <span class='ocr_line' id='line_1_32' title="bbox 386 3789 1563 3861; baseline 0.005 -19"><span class='ocrx_word' id='word_1_241' title='bbox 386 3789 523 3843; x_wconf 83' lang='lat' dir='ltr'><strong>videntur</strong></span> <span class='ocrx_word' id='word_1_242' title='bbox 541 3791 666 3844; x_wconf 87' lang='lat' dir='ltr'><strong>hominis</strong></span> <span class='ocrx_word' id='word_1_243' title='bbox 692 3808 790 3860; x_wconf 81' lang='lat' dir='ltr'><strong>opera,</strong></span> <span class='ocrx_word' id='word_1_244' title='bbox 812 3793 880 3847; x_wconf 82' lang='lat' dir='ltr'><strong>haec</strong></span> <span class='ocrx_word' id='word_1_245' title='bbox 898 3793 995 3848; x_wconf 81' lang='lat' dir='ltr'><strong>virtus</strong></span> <span class='ocrx_word' id='word_1_246' title='bbox 1013 3797 1058 3847; x_wconf 86' lang='lat' dir='ltr'><strong>ast</strong></span> <span class='ocrx_word' id='word_1_247' title='bbox 1076 3793 1145 3861; x_wconf 87' lang='lat' dir='ltr'><strong>Dei,</strong></span> <span class='ocrx_word' id='word_1_248' title='bbox 1166 3794 1219 3847; x_wconf 80' lang='lat' dir='ltr'><strong>hae</strong></span> <span class='ocrx_word' id='word_1_249' title='bbox 1239 3793 1382 3847; x_wconf 80' lang='lat' dir='ltr'><strong>adventus</strong></span> <span class='ocrx_word' id='word_1_250' title='bbox 1407 3793 1469 3846; x_wconf 88' lang='lat' dir='ltr'><strong>eius</strong></span> <span class='ocrx_word' id='word_1_251' title='bbox 1490 3799 1563 3848; x_wconf 83' lang='lat' dir='ltr'><strong>sunt</strong></span> 
     </span>
     <span class='ocr_line' id='line_1_33' title="bbox 387 3877 753 3934; baseline 0.011 -4"><span class='ocrx_word' id='word_1_252' title='bbox 387 3877 646 3934; x_wconf 81' lang='lat' dir='ltr'><strong>demonstrationes</strong></span> <span class='ocrx_word' id='word_1_253' title='bbox 657 3901 670 3928; x_wconf 74' lang='lat' dir='ltr'><strong>s</strong></span> <span class='ocrx_word' id='word_1_254' title='bbox 686 3897 714 3934; x_wconf 91' lang='lat' dir='ltr'><strong>u.</strong></span> <span class='ocrx_word' id='word_1_255' title='bbox 727 3883 753 3934; x_wconf 78' lang='lat'><strong>7.</strong></span> 
     </span>
    </p>

    <p class='ocr_par' dir='ltr' id='par_1_5' title="bbox 383 3965 1562 4312">
     <span class='ocr_line' id='line_1_34' title="bbox 447 3965 1561 4046; baseline 0.007 -26"><span class='ocrx_word' id='word_1_256' title='bbox 447 3965 489 4041; x_wconf 87' lang='grc'><strong>(1)</strong></span> <span class='ocrx_word' id='word_1_257' title='bbox 509 3968 565 4024; x_wconf 63' lang='lat' dir='ltr'><strong>“Sl</strong></span> <span class='ocrx_word' id='word_1_258' title='bbox 583 3985 640 4038; x_wconf 73' lang='lat' dir='ltr'><strong>qua</strong></span> <span class='ocrx_word' id='word_1_259' title='bbox 657 3971 689 4024; x_wconf 83' lang='lat' dir='ltr'><strong>ln</strong></span> <span class='ocrx_word' id='word_1_260' title='bbox 715 3971 830 4026; x_wconf 75' lang='lat' dir='ltr'><strong>(lhrlalo</strong></span> <span class='ocrx_word' id='word_1_261' title='bbox 857 3989 932 4026; x_wconf 70' lang='lat' dir='ltr'><strong>nova</strong></span> <span class='ocrx_word' id='word_1_262' title='bbox 951 3982 1081 4026; x_wconf 62' lang='lat' dir='ltr'><strong>mouture</strong></span> <span class='ocrx_word' id='word_1_263' title='bbox 1098 3971 1187 4046; x_wconf 71' lang='lat' dir='ltr'><strong>(alors</strong></span> <span class='ocrx_word' id='word_1_264' title='bbox 1209 3975 1231 4030; x_wconf 78' lang='lat' dir='ltr'><strong>ir</strong></span> <span class='ocrx_word' id='word_1_265' title='bbox 1254 3995 1292 4035; x_wconf 82' lang='grc' dir='ltr'><strong>τις</strong></span> <span class='ocrx_word' id='word_1_266' title='bbox 1309 3973 1336 4028; x_wconf 77' lang='lat' dir='ltr'><strong>r&#39;r</strong></span> <span class='ocrx_word' id='word_1_267' title='bbox 1353 3995 1462 4046; x_wconf 76' lang='grc' dir='ltr'><strong><em>χριστω,</em></strong></span> <span class='ocrx_word' id='word_1_268' title='bbox 1483 3998 1561 4034; x_wconf 71' lang='lat' dir='ltr'><strong>aureo</strong></span> 
     </span>
     <span class='ocr_line' id='line_1_35' title="bbox 386 4055 1561 4130; baseline 0.007 -18"><span class='ocrx_word' id='word_1_269' title='bbox 386 4055 492 4130; x_wconf 76' lang='grc' dir='ltr'><strong>κτισις),</strong></span> <span class='ocrx_word' id='word_1_270' title='bbox 514 4063 613 4114; x_wconf 82' lang='lat' dir='ltr'><strong>vetera</strong></span> <span class='ocrx_word' id='word_1_271' title='bbox 632 4063 826 4115; x_wconf 83' lang='lat' dir='ltr'><strong>transierunt:</strong></span> <span class='ocrx_word' id='word_1_272' title='bbox 848 4079 908 4117; x_wconf 87' lang='lat' dir='ltr'><strong>ecoe</strong></span> <span class='ocrx_word' id='word_1_273' title='bbox 928 4065 1004 4118; x_wconf 81' lang='lat' dir='ltr'><strong>iacta</strong></span> <span class='ocrx_word' id='word_1_274' title='bbox 1024 4069 1093 4118; x_wconf 85' lang='lat' dir='ltr'><strong>sunt</strong></span> <span class='ocrx_word' id='word_1_275' title='bbox 1111 4067 1205 4118; x_wconf 78' lang='lat' dir='ltr'><strong>omnia</strong></span> <span class='ocrx_word' id='word_1_276' title='bbox 1223 4081 1309 4119; x_wconf 83' lang='lat' dir='ltr'><strong>nova.</strong></span> <span class='ocrx_word' id='word_1_277' title='bbox 1335 4067 1438 4122; x_wconf 80' lang='lat' dir='ltr'><strong>Omnia</strong></span> <span class='ocrx_word' id='word_1_278' title='bbox 1461 4070 1561 4120; x_wconf 81' lang='lat' dir='ltr'><strong>autern</strong></span> 
     </span>
     <span class='ocr_line' id='line_1_36' title="bbox 385 4149 1562 4224; baseline 0.004 -22"><span class='ocrx_word' id='word_1_279' title='bbox 385 4164 419 4202; x_wconf 87' lang='lat' dir='ltr'><strong>ex</strong></span> <span class='ocrx_word' id='word_1_280' title='bbox 433 4149 513 4202; x_wconf 75' lang='lat' dir='ltr'><strong>Deo·</strong></span> <span class='ocrx_word' id='word_1_281' title='bbox 526 4150 552 4200; x_wconf 76' lang='lat'><strong>2.</strong></span> <span class='ocrx_word' id='word_1_282' title='bbox 565 4149 628 4202; x_wconf 82' lang='lat' dir='ltr'><strong>cor.</strong></span> <span class='ocrx_word' id='word_1_283' title='bbox 642 4152 676 4204; x_wconf 87' lang='lat' dir='ltr'><strong>V.</strong></span> <span class='ocrx_word' id='word_1_284' title='bbox 686 4153 729 4205; x_wconf 78' lang='lat'><strong>17.</strong></span> <span class='ocrx_word' id='word_1_285' title='bbox 744 4153 827 4205; x_wconf 79' lang='lat' dir='ltr'><strong>«Non</strong></span> <span class='ocrx_word' id='word_1_286' title='bbox 839 4155 1026 4222; x_wconf 82' lang='lat' dir='ltr'><strong>exoperibus,</strong></span> <span class='ocrx_word' id='word_1_287' title='bbox 1041 4159 1074 4207; x_wconf 92' lang='lat' dir='ltr'><strong>ut</strong></span> <span class='ocrx_word' id='word_1_288' title='bbox 1086 4171 1121 4208; x_wconf 88' lang='lat' dir='ltr'><strong>ne</strong></span> <span class='ocrx_word' id='word_1_289' title='bbox 1136 4155 1200 4224; x_wconf 84' lang='lat' dir='ltr'><strong>qula</strong></span> <span class='ocrx_word' id='word_1_290' title='bbox 1213 4155 1365 4220; x_wconf 79' lang='lat' dir='ltr'><strong>glorietur.</strong></span> <span class='ocrx_word' id='word_1_291' title='bbox 1378 4156 1473 4222; x_wconf 77' lang='lat' dir='ltr'><strong>Ipsius</strong></span> <span class='ocrx_word' id='word_1_292' title='bbox 1486 4157 1562 4208; x_wconf 76' lang='lat' dir='ltr'><strong>saise</strong></span> 
     </span>
     <span class='ocr_line' id='line_1_37' title="bbox 383 4241 1560 4312; baseline 0.007 -21"><span class='ocrx_word' id='word_1_293' title='bbox 383 4256 474 4292; x_wconf 76' lang='lat' dir='ltr'><strong>menae</strong></span> <span class='ocrx_word' id='word_1_294' title='bbox 482 4241 605 4307; x_wconf 79' lang='lat' dir='ltr'><strong>foetare</strong></span> <span class='ocrx_word' id='word_1_295' title='bbox 622 4243 709 4292; x_wconf 78' lang='lat' dir='ltr'><strong>erecti</strong></span> <span class='ocrx_word' id='word_1_296' title='bbox 722 4243 754 4294; x_wconf 78' lang='lat' dir='ltr'><strong>in</strong></span> <span class='ocrx_word' id='word_1_297' title='bbox 775 4243 887 4296; x_wconf 74' lang='lat' dir='ltr'><strong>Christo</strong></span> <span class='ocrx_word' id='word_1_298' title='bbox 901 4246 967 4296; x_wconf 78' lang='lat' dir='ltr'><strong>Iera</strong></span> <span class='ocrx_word' id='word_1_299' title='bbox 982 4245 1296 4310; x_wconf 61' lang='lat' dir='ltr'><strong>impertiendorum...</strong></span> <span class='ocrx_word' id='word_1_300' title='bbox 1312 4245 1381 4312; x_wconf 83' lang='lat' dir='ltr'><strong>quia</strong></span> <span class='ocrx_word' id='word_1_301' title='bbox 1399 4245 1491 4298; x_wconf 83' lang='lat' dir='ltr'><strong>eratis</strong></span> <span class='ocrx_word' id='word_1_302' title='bbox 1505 4247 1560 4301; x_wconf 92' lang='lat' dir='ltr'><strong>illo</strong></span> 
     </span>
    </p>
   </div>
   <div class='ocr_carea' id='block_1_3' title="bbox 384 4330 1556 4486">
    <p class='ocr_par' dir='ltr' id='par_1_6' title="bbox 384 4330 1556 4486">
     <span class='ocr_line' id='line_1_38' title="bbox 384 4330 1556 4412; baseline 0.006 -30"><span class='ocrx_word' id='word_1_303' title='bbox 384 4330 416 4382; x_wconf 82' lang='lat' dir='ltr'><strong>in</strong></span> <span class='ocrx_word' id='word_1_304' title='bbox 435 4333 561 4397; x_wconf 86' lang='lat' dir='ltr'><strong>ternpore</strong></span> <span class='ocrx_word' id='word_1_305' title='bbox 583 4331 644 4384; x_wconf 87' lang='lat' dir='ltr'><strong>eine</strong></span> <span class='ocrx_word' id='word_1_306' title='bbox 670 4330 786 4385; x_wconf 70' lang='lat' dir='ltr'><strong>christo</strong></span> <span class='ocrx_word' id='word_1_307' title='bbox 789 4371 879 4386; x_wconf 92' lang='grc'><strong>.....</strong></span> <span class='ocrx_word' id='word_1_308' title='bbox 902 4337 931 4412; x_wconf 79' lang='lat' dir='ltr'><strong>et</strong></span> <span class='ocrx_word' id='word_1_309' title='bbox 949 4334 1011 4388; x_wconf 85' lang='lat' dir='ltr'><strong>sina</strong></span> <span class='ocrx_word' id='word_1_310' title='bbox 1030 4335 1088 4388; x_wconf 84' lang='lat' dir='ltr'><strong>Deo</strong></span> <span class='ocrx_word' id='word_1_311' title='bbox 1106 4331 1217 4408; x_wconf 65' lang='lat' dir='ltr'><strong>(assa)</strong></span> <span class='ocrx_word' id='word_1_312' title='bbox 1237 4337 1267 4388; x_wconf 85' lang='lat' dir='ltr'><strong>in</strong></span> <span class='ocrx_word' id='word_1_313' title='bbox 1287 4336 1339 4388; x_wconf 89' lang='lat' dir='ltr'><strong>hoc</strong></span> <span class='ocrx_word' id='word_1_314' title='bbox 1352 4334 1482 4388; x_wconf 78' lang='lat' dir='ltr'><strong>monto·</strong></span> <span class='ocrx_word' id='word_1_315' title='bbox 1503 4341 1556 4390; x_wconf 86' lang='lat' dir='ltr'><strong>eto.</strong></span> 
     </span>
     <span class='ocr_line' id='line_1_39' title="bbox 384 4419 843 4486; baseline 0.011 -16"><span class='ocrx_word' id='word_1_316' title='bbox 384 4419 458 4486; x_wconf 77' lang='lat' dir='ltr'><strong>Epir.</strong></span> <span class='ocrx_word' id='word_1_317' title='bbox 470 4421 509 4472; x_wconf 89' lang='lat'><strong>11.</strong></span> <span class='ocrx_word' id='word_1_318' title='bbox 520 4419 602 4474; x_wconf 78' lang='lat'><strong>8-16.</strong></span> <span class='ocrx_word' id='word_1_319' title='bbox 616 4419 653 4473; x_wconf 85' lang='lat' dir='ltr'><strong>ci.</strong></span> <span class='ocrx_word' id='word_1_320' title='bbox 667 4419 730 4474; x_wconf 80' lang='lat' dir='ltr'><strong>(iel.</strong></span> <span class='ocrx_word' id='word_1_321' title='bbox 739 4422 789 4475; x_wconf 84' lang='lat' dir='ltr'><strong>Vl.</strong></span> <span class='ocrx_word' id='word_1_322' title='bbox 800 4421 843 4475; x_wconf 78' lang='lat'><strong>15.</strong></span> 
     </span>
    </p>
   </div>
   <div class='ocr_carea' id='block_1_4' title="bbox 0 0 1650 5062">
    <p class='ocr_par' dir='ltr' id='par_1_7' title="bbox 0 0 1650 5062">
     <span class='ocr_line' id='line_1_40' title="bbox 0 0 1650 5062; baseline 0 0"><span class='ocrx_word' id='word_1_323' title='bbox 0 0 1650 5062; x_wconf 95' lang='lat' dir='ltr'><strong> </strong></span> 
     </span>
    </p>
   </div>
  </div>
 </body>
</html>
