3262 5076
475 397 478 402 .
541 391 576 404 -
599 359 659 420 489
680 391 718 404 -

46 460 234 530 salvificae
255 459 426 529 declarat.
452 462 634 538 Rationem
664 463 772 530 huius
806 463 1003 531 voluntatis
1030 485 1099 554 que
1121 463 1226 532 Deus·

47 569 127 636 vult
149 591 265 636 omnes
289 567 445 636 homines
469 570 587 638 salvos
610 570 708 654 fieri,
733 569 866 638 Paulus
893 569 1066 659 duplicem
1097 570 1213 639 affert:

46 675 203 764 primam,
223 677 307 767 quia
323 677 417 744 Deus
434 700 526 745 unus
538 678 629 744 Deus
646 680 857 743 aesomnium
874 677 1057 742 laconicum:
1073 700 1216 746 somnes

46 782 200 850 homines
224 783 305 850 vult
321 783 439 852 salvos
454 785 544 870 fieri;
562 809 649 850 unae
665 786 753 848 enim
766 784 868 850 Deus.
885 811 901 844 n
919 783 994 852 Hoc
1009 791 1215 872 argumento

43 891 148 957 etiam
172 891 259 958 alibi
283 915 368 960 usus
390 899 445 960 est
467 893 658 982 Apostolus
672 893 771 960 Rom.
788 893 858 960 111.
872 892 928 980 293
944 893 990 960 Χ.
1006 893 1068 978 12,
1096 899 1136 961 nt
1159 892 1214 961 de·

45 1006 281 1083 monstraret,
313 1023 381 1066 non
413 999 505 1067 solos
528 998 676 1067 ludaeos
707 1021 830 1066 verum
858 1001 964 1068 etiam
995 1009 1117 1088 gentes
1140 1001 1215 1069 sina

45 1105 270 1173 distinctione
300 1106 393 1174 inter
425 1107 588 1175 Iudaeum
618 1112 654 1174 et
682 1105 854 1176 Graecum
882 1131 903 1176 a
929 1108 1000 1176 Deo
1028 1109 1148 1176 vocari
1170 1107 1215 1176 ad

43 1214 166 1298 fidem,
192 1215 234 1281 ui
256 1238 316 1304 per
340 1213 440 1282 fidem
464 1221 501 1282 et
522 1214 727 1304 religionem
755 1215 984 1283 christianam
1016 1215 1211 1284 salventur.

47 1351 62 1384 a
80 1323 139 1389 An
162 1322 369 1390 Iudaeorum
393 1323 488 1390 Deus
509 1328 659 1406 tantum,
685 1345 797 1417 nonne
812 1329 849 1390 et
863 1321 1046 1411 gentium?
1062 1323 1164 1390 immo
1180 1327 1217 1390 et

43 1432 222 1519 gentium,
249 1430 410 1521 quoniam
436 1429 574 1520 quidem
598 1451 688 1496 unus
715 1437 771 1498 est
797 1430 940 1498 Deus.»
973 1430 1028 1498 Ex
1057 1431 1217 1500 doctrina

43 1538 156 1625 igitur
178 1535 340 1626 Apostoli
370 1535 481 1619 ratio,
507 1557 613 1626 quare
637 1536 730 1603 Deus
755 1536 845 1604 velit
876 1536 1045 1606 hominem
1077 1537 1214 1604 salvum

44 1643 131 1727 fieri,
158 1666 200 1710 ea
223 1642 298 1710 sola
321 1644 409 1712 satis
435 1653 501 1725 est,
521 1643 610 1734 quod
625 1643 721 1711 Deus
743 1650 798 1710 est
821 1643 929 1710 huius
945 1643 1107 1713 hominis.
1127 1645 1214 1713 Nul-

44 1750 97 1817 lns
120 1773 207 1840 ergo
230 1751 406 1818 hominum
430 1751 619 1838 excipitur,
638 1749 707 1817 nisi
732 1751 823 1818 forte
847 1751 919 1818 sint
943 1751 1109 1836 homines,
1133 1775 1214 1843 quo·

44 1882 118 1925 rum
142 1859 218 1948 ipse
241 1883 333 1927 rinus
358 1882 462 1928 verus
479 1859 572 1926 Deus
589 1881 657 1926 non
673 1859 722 1926 sit
737 1859 843 1942 Deus,
862 1867 899 1926 et
914 1859 1104 1928 inducatur
1127 1883 1213 1929 oom-

46 1975 196 2035 mentum
228 1969 472 2036 Gnosticorum
497 1969 539 2036 da
562 1966 696 2057 duplici
727 1968 817 2052 Deo,
851 1990 919 2034 uno
950 1967 1211 2056 spiritualium,

45 2074 153 2143 altero
184 2075 390 2142 animalium
414 2083 450 2144 et
472 2082 689 2144 terrenorum
717 2077 904 2143 hominum.
931 2075 1035 2144 Ratio
1063 2077 1215 2146 secunda

45 2181 203 2270 Apostoli
234 2189 311 2267 est,
345 2183 429 2272 quia
463 2190 596 2250 u'unus
622 2191 676 2250 cet
703 2183 872 2250 mediator
895 2183 963 2249 Dei
985 2199 1017 2249 et
1045 2185 1214 2250 homiuum

47 2289 133 2354 tomo
158 2287 325 2357 Christus
354 2289 464 2358 Iesus.
490 2317 506 2352 n
541 2289 643 2358 Siout
672 2289 839 2359 videlicet
869 2289 1033 2358 Christus
1067 2314 1157 2360 unus
1180 2298 1215 2360 et

46 2394 132 2463 solus
148 2403 207 2464 est
223 2396 417 2485 condignus
442 2397 610 2466 mediator
626 2398 670 2465 ad
686 2397 809 2483 Deum,
831 2400 915 2490 quia
932 2399 1035 2467 hebet
1051 2406 1212 2468 naturam

47 2501 209 2590 divinam;
235 2503 288 2571 ita
311 2510 364 2572 est
388 2505 462 2593 ipse
485 2503 654 2572 mediator
678 2526 740 2594 pro
764 2505 973 2590 hominibus,
1000 2504 1083 2596 quia
1110 2505 1215 2574 habet

46 2617 203 2678 naturam
228 2609 414 2677 humanam
439 2616 650 2700 assumptam
675 2633 716 2679 ex
740 2633 867 2700 genera
883 2611 1044 2680 humano.
1063 2612 1131 2680 Est
1147 2613 1214 2680 ita·

48 2740 104 2806 que
126 2717 300 2784 mediator
314 2717 408 2786 inter
423 2719 533 2786 Deum
552 2719 703 2803 Patrem,
729 2741 750 2785 a
774 2743 841 2810 quo
864 2719 1088 2808 generatione
1109 2719 1215 2790 habet

48 2826 326 2894 communicatam
342 2833 506 2894 naturum
525 2826 692 2910 divinam,
713 2836 750 2896 et
767 2829 858 2896 inter
881 2827 1047 2912 homines,
1067 2851 1212 2918 quorum

48 2935 231 3022 assumpsit
261 2939 424 3002 naturam
453 2933 652 3002 humanam.
671 2935 1023 3004 Ct.ch.II.14-16.
1050 2935 1149 3004 Unde
1172 2942 1214 3004 ut

49 3036 169 3130 aliquis
200 3040 514 3130 comprehendatur
543 3043 607 3108 sub
630 3041 765 3110 Christi
795 3041 1003 3110 mediatione
1030 3063 1071 3110 ac
1098 3065 1212 3111 conse·

50 3157 183 3235 quanter
208 3150 274 3216 sub
298 3149 480 3216 voluntate
498 3149 565 3218 Dei
587 3147 760 3232 salvifica,
779 3149 908 3218 sufficit
932 3159 972 3218 ut
995 3149 1122 3218 habeat
1138 3173 1212 3241 spe·

52 3255 134 3325 rifice
157 3258 302 3325 eandem
326 3262 502 3341 naturam,
528 3265 563 3325 et
587 3265 627 3324 ut
650 3257 699 3324 sit
721 3279 762 3324 ex
786 3279 825 3324 eo
848 3279 974 3346 genere
991 3257 1152 3345 humano,
1171 3283 1213 3329 ex

52 3385 107 3451 quo
129 3363 294 3431 Christus
317 3371 483 3430 naturam
506 3370 719 3451 assumptam
745 3362 862 3450 habet;
890 3365 1029 3448 sufficit,
1057 3367 1210 3458 inquam,

52 3489 85 3534 ex
106 3469 206 3538 Pauli
230 3469 392 3537 doctrina
412 3492 486 3538 esse
502 3468 686 3553 hominem,
706 3475 747 3537 ut
769 3476 806 3538 et
829 3469 995 3540 voluntas
1018 3473 1083 3540 Dei
1106 3474 1213 3542 salvi·

54 3574 107 3642 lica
128 3585 163 3645 et
185 3579 353 3646 mediatio
368 3575 503 3644 Christi
520 3576 565 3644 ad
581 3599 659 3644 eum
676 3577 900 3646 extendatur.
921 3577 981 3646 Ita
996 3601 1037 3646 ex
1053 3602 1103 3663 eo,
1123 3579 1214 3671 quod

56 3682 138 3751 homo
152 3684 317 3754 Christus
333 3685 434 3753 Iesus
449 3707 510 3775 per
526 3691 743 3774 assumptam
760 3692 923 3752 naturam
948 3684 1134 3752 humanam
1160 3691 1214 3753 est

58 3792 209 3862 mediator
230 3795 296 3862 Dei
320 3800 356 3862 et
379 3793 568 3877 hominum,
594 3793 785 3882 Apostolus
809 3794 884 3883 ipse
908 3793 1097 3861 concludit:
1122 3793 1213 3884 quod

60 3897 173 3967 credit
196 3901 419 3989 semetipsum
442 3901 709 3990 redemptionem
726 3924 788 3990 pro
806 3901 970 3967 omnibus.
989 3926 1005 3960 n
1023 3899 1118 3988 Ergo
1136 3920 1211 3966 rur·

59 4021 130 4088 sum,
147 4008 215 4075 nisi
233 4008 382 4076 velimus
397 4031 475 4077 oum
487 4010 629 4076 Docetis
646 4031 772 4098 negare
786 4009 965 4076 Christum
983 4006 1212 4096 assumpsisse

61 4121 200 4184 naturam
224 4139 305 4185 vere
328 4116 515 4184 humanam
532 4139 573 4184 ex
591 4140 714 4206 genere
731 4116 892 4201 humano,
911 4116 1077 4206 nobisque
1094 4137 1212 4183 secun·

62 4210 125 4284 dum
149 4244 219 4289 eam
244 4245 318 4291 esse
342 4223 685 4306 consubstantialem,
712 4224 885 4290 fateamur
914 4233 1062 4313 oportet,
1092 4245 1211 4291 seeun-

63 4316 126 4390 dum
138 4327 326 4399 doctrinam
341 4331 504 4422 Apostoli
519 4329 759 4398 mediationem
775 4351 816 4397 ac
831 4329 1097 4420 redemptionem
1112 4328 1212 4398 Chri-

64 4428 101 4496 tti
119 4441 150 4502 et
169 4441 313 4528 proinde
329 4439 548 4510 voluntatem
563 4436 727 4508 salvandi
742 4437 917 4527 pertinere
940 4439 986 4509 ad
1009 4439 1212 4508 universum
