3230 5072
900 361 937 374 -
958 329 1019 390 394
1041 359 1077 373 -

402 434 653 526 improbatione
675 441 791 504 eutem
814 433 1012 505 includitur
1034 431 1178 524 negotio
1207 433 1388 502 oontreuie
1410 430 1589 500 soientise

402 542 682 634 approbetionis;
708 541 793 635 quie
821 542 935 634 igitur
957 543 1052 612 Deus
1084 563 1162 628 eos,
1187 563 1273 634 qnos
1303 541 1378 611 suis
1402 539 1592 609 benefieiis

402 655 440 718 et
456 649 584 740 gratiis
607 671 683 719 oum
706 649 834 718 effeetu
849 649 926 739 ipso
942 648 1166 742 prosequitur
1189 670 1324 740 sueque
1344 646 1517 716 umioitia
1541 645 1591 713 tli-

402 763 546 846 gnetur,
564 755 783 848 potissimum
806 759 936 825 aoniae
951 757 989 825 in
1006 755 1201 847 Seripturis
1216 756 1362 843 dioitur;
1380 753 1463 824 ideo
1481 753 1593 821 huius

403 863 586 932 benevoles
609 863 821 954 oognitionie
843 863 987 955 negatio
1008 863 1188 935 conuerte
1210 864 1247 932 in
1270 863 1395 932 moen
1420 859 1591 952 Scriptu-

402 971 453 1040 ris
482 971 615 1041 dioitur
636 993 705 1040 non
728 993 809 1040 roro
833 975 1021 1062 ipaoratio.
1050 971 1318 1056 «lisseium,
1342 971 1440 1039 unde
1465 969 1588 1037 sitis»

405 1078 626 1172 «Numquem
641 1080 725 1150 novi
742 1101 831 1148 vose
845 1077 1061 1150 Metonvn.
1076 1079 1131 1168 283
1142 1081 1228 1149 Luo.
1239 1077 1411 1148 ΧΠΜΊ.
1431 1075 1591 1146 «Mundi

402 1193 488 1256 sunt
510 1185 603 1256 oonli
626 1187 693 1272 tui,
711 1211 753 1256 ne
777 1188 900 1258 videus
923 1188 1063 1274 melum,
1086 1193 1122 1257 et
1143 1189 1317 1280 respicere
1340 1187 1385 1256 ed
1409 1186 1588 1278 iniquite-

401 1297 471 1362 tem
493 1315 562 1362 non
584 1294 747 1384 poteris»
772 1293 904 1364 Habeo.
926 1293 958 1363 Ι.
976 1293 1032 1364 13.
1046 1295 1101 1365 Gt.
1115 1295 1212 1386 Aug.
1226 1317 1282 1386 ep.
1297 1293 1374 1362 169.
1401 1293 1450 1362 ed
1464 1291 1584 1362 Evod.

401 1423 438 1468 n.
455 1399 497 1488 23
522 1422 577 1491 ep.
596 1397 675 1469 215.
697 1400 742 1470 etl
765 1399 947 1471 Velentin.
974 1425 1009 1470 n.
1027 1401 1061 1489 63
1086 1401 1253 1492 Fulgent.
1277 1401 1323 1471 etl
1345 1399 1582 1469 Treeimund.

402 1507 429 1578 l.
449 1507 498 1577 11.
517 1527 548 1578 o.
564 1508 599 1577 8.

466 1613 522 1682 Ex
545 1615 651 1685 dietis
674 1616 880 1705 approbatio
903 1615 1058 1708 pertinet
1079 1623 1154 1686 tum
1169 1613 1214 1683 etl
1237 1613 1423 1684 solentium
1448 1612 1585 1704 pretti-

402 1742 476 1792 oem
498 1727 574 1791 tum
595 1723 640 1791 ed
664 1722 929 1814 rpeanlativem.
948 1722 1093 1792 Veteres
1114 1721 1344 1792 nihilominus
1364 1719 1584 1789 Soholestioi

400 1829 650 1919 distinguendo
665 1830 733 1899 duo
749 1831 899 1899 membre
921 1836 1098 1922 mquam
1113 1852 1150 1900 se
1164 1829 1316 1898 invioem
1338 1826 1581 1909 exolndentie,

401 1937 580 2003 seientiam
594 1937 763 2028 simplicio
778 1939 927 2004 notitiae
940 1943 977 2007 et
992 1940 1171 2007 tantiam
1186 1935 1465 2028 approbationis,
1478 1934 1582 2004 illem

400 2043 569 2130 simplioie
591 2045 740 2110 notitiae
761 2045 942 2114 sumebent
965 2065 1070 2114 sensu
1091 2043 1212 2112 letiori
1242 2065 1305 2134 pro
1328 2042 1480 2111 seientia
1505 2061 1581 2130 spe

402 2149 563 2220 euletive
584 2154 674 2238 (tum
697 2151 845 2220 visionis
867 2157 943 2220 tum
966 2149 1136 2242 simpliois
1165 2149 1460 2240 intelligentiae),
1487 2149 1580 2216 hena

401 2257 664 2348 approbationis
685 2265 807 2328 oontre
830 2257 1047 2348 eooipiebent
1068 2279 1172 2328 sensu
1194 2255 1407 2327 restriotiori
1422 2275 1488 2346 pro
1504 2253 1578 2322 sole

401 2364 551 2434 soientie
572 2363 730 2454 preotioe
750 2370 788 2434 et
809 2364 986 2450 effeotive,
1012 2369 1055 2434 nt
1076 2364 1181 2457 peulo
1204 2368 1285 2434 unte
1307 2385 1351 2432 ex
1373 2361 1411 2432 S.
1443 2361 1578 2430 'lhome

402 2469 649 2542 indicavimus.
674 2469 767 2540 Hino
789 2475 947 2564 appetet,
973 2471 1066 2542 nihil
1089 2493 1193 2564 egere
1214 2493 1273 2542 eos
1294 2469 1489 2560 theologos,
1517 2465 1576 2560 qni

400 2578 611 2648 auotoritete
633 2583 790 2648 veterum
805 2577 1056 2669 Magistrornm
1080 2579 1288 2672 perenedere
1310 2577 1449 2662 volunt,
1468 2579 1574 2644 roien

402 2687 488 2752 tiam
510 2687 654 2753 visionis
670 2707 745 2755 esse
762 2686 952 2776 preotioem
967 2692 1004 2757 et
1018 2687 1228 2757 sffeotrioem
1251 2707 1382 2770 eornm,
1400 2705 1489 2776 qnee
1505 2683 1572 2772 ipsi

400 2793 562 2862 subsunt.
593 2790 649 2860 Ex
678 2791 850 2862 eommuni
879 2797 1037 2864 veterum
1067 2792 1362 2864 Soholeetioonum
1391 2791 1569 2872 (lontrina,

401 2899 514 2984 siunt,
539 2901 686 2967 orientia
708 2901 969 2990 approbationis
984 2907 1039 2972 eet
1052 2900 1212 2993 praetioe
1226 2907 1263 2971 et
1277 2899 1441 2970 effioieue.
1461 2897 1570 2990 Atqui

400 3007 546 3074 orientia
579 3007 841 3096 approbationis
864 3014 919 3078 est
939 3011 1086 3077 roieatia
1116 3011 1275 3079 eieioaie.
1299 3009 1397 3100 Ergo
1428 3009 1569 3075 seientia

400 3116 545 3181 visionis
567 3121 622 3183 est
651 3113 808 3204 preotioe
830 3121 866 3184 et
888 3115 1051 3188 effloiens.
1083 3117 1276 3208 Responsio
1306 3114 1507 3187 oontinstur
1533 3113 1568 3180 in

400 3221 575 3312 superiori
605 3219 851 3292 deoluretione
877 3221 1021 3294 Seilioet
1050 3223 1229 3315 diotiapao
1259 3227 1440 3292 maiorem.-
1465 3221 1567 3292 omnis
1608 3293 1609 3298 ,

400 3327 559 3414 soientie,
584 3349 673 3420 ques
695 3349 717 3396 e
740 3327 993 3399 reoentioribne
1014 3329 1214 3422 eppelletnr
1236 3333 1382 3400 seientia
1405 3329 1565 3422 approbo·

402 3433 521 3516 tionis,
537 3456 580 3504 ex
603 3433 763 3504 doetrine
784 3439 942 3504 veterum
957 3443 1012 3506 eet
1026 3437 1194 3528 prestita,
1211 3461 1312 3529 aspa·
1327 3459 1433 3508 sensu
1452 3433 1563 3507 nestri·

400 3539 523 3626 otiori,
549 3563 616 3633 quo
638 3542 861 3612 emtoribus
883 3545 1028 3611 tantia
1049 3545 1314 3635 approbationis
1335 3545 1564 3638 opponebam

400 3649 642 3738 mendatium,
667 3649 818 3718 aoaaedo.
843 3649 983 3720 Pariter
1013 3649 1192 3744 dietiaqeo
1221 3656 1403 3722 minorem:
1427 3649 1562 3720 eaimfio

399 3755 662 3847 approbationis
684 3761 726 3826 ut
740 3756 1008 3848 intelligebetur
1030 3760 1074 3829 eb
1090 3759 1167 3832 illis
1189 3761 1382 3846 veteribus,
1400 3765 1456 3829 eet
1469 3757 1559 3825 auio·

399 3865 469 3946 nie,
493 3885 594 3954 aspa·
615 3865 647 3932 ui
662 3865 750 3931 virio
773 3864 925 3934 sumitur
946 3866 1135 3938 seeundum
1158 3889 1259 3937 usum
1280 3864 1446 3959 loquendi
1467 3859 1559 3956 poulo

400 4131 474 4187 niter
492 4138 645 4200 aogaoeaet
661 4138 692 4190 et
703 4151 800 4192 onnes
812 4137 1036 4194 contrementes
1049 4139 1081 4194 ln
1094 4139 1138 4194 ete
1149 4141 1289 4207 reportem
1303 4137 1379 4192 nde
1391 4151 1453 4192 eum
1465 4135 1554 4189 melon

400 4221 443 4275 alt
460 4221 587 4290 privatio
605 4224 683 4292 bont,
697 4229 811 4295 oportet
823 4225 898 4296 quoti
917 4243 953 4282 ex
971 4227 1025 4284 hoe
1041 4228 1119 4297 lpse,
1140 4227 1214 4296 quod
1232 4227 1290 4282 salt
1306 4226 1454 4295 quodlibet
1466 4225 1553 4278 tunm

401 4314 432 4366 et
449 4328 609 4370 menarum
626 4316 798 4387 oaluellbet‚
818 4323 970 4385 amomo
992 4317 1143 4390 quodlibet
1160 4321 1292 4374 mulum·
1304 4317 1335 4373 Ι.
1347 4317 1401 4374 n.
1421 4315 1457 4370 de
1477 4312 1551 4368 vetit»

401 4417 431 4468 q.
444 4403 472 4458 1.
483 4419 510 4457 e.
522 4402 567 4458 to.
581 4419 662 4474 serp·
