3360 5060
958 356 996 372 -
1017 325 1079 386 640
1101 357 1139 370 -

457 454 555 504 error
566 431 608 502 de
620 431 723 500 initio
735 429 773 498 in
789 429 848 498 via
860 429 1001 514 salutis,
1019 452 1059 500 ac
1071 431 1158 499 fides
1170 431 1248 520 ipsa
1259 437 1296 501 et
1310 429 1397 500 fidei
1409 431 1545 500 initium
1555 453 1609 501 cre·

457 541 563 610 datur
586 539 713 608 donum
728 537 877 628 gratiae,
898 538 988 629 quod
1012 559 1080 605 non
1104 539 1241 607 meritis
1267 538 1329 608 sed
1344 539 1466 628 gratis
1481 539 1611 607 daturet

458 647 745 764 praedestinatur
768 645 872 732 (Vide
896 645 1225 716 demonstrationem
1245 646 1284 714 in
1299 647 1353 715 th.
1365 646 1486 715 nvn.
1502 645 1611 715 LVIII.

526 865 572 933 2⁰.
598 863 724 934 Verbis
754 861 897 932 disertis
919 861 1019 932 docet
1047 863 1275 953 Augustinus
1297 885 1338 932 eo
1361 863 1464 953 ipso,
1489 861 1615 954 qnodin

459 973 679 1043 exsecutione
702 971 827 1041 electio
850 971 894 1040 ad
917 971 1106 1040 mercedem
1129 972 1236 1040 liter
1262 971 1425 1056 meritis,
1452 971 1617 1038 electiones

460 1097 633 1150 serenam
655 1103 716 1150 seu
736 1077 1080 1168 praedestinationem
1104 1077 1151 1146 od
1172 1078 1350 1148 mercedem
1374 1081 1517 1148 eunden
1539 1079 1616 1147 nullo

461 1191 560 1262 modo
582 1213 679 1282 posse
702 1189 857 1279 intelligi
878 1189 950 1257 nisi
977 1191 1164 1258 laetamen
1181 1189 1406 1278 praevisione
1424 1187 1614 1256 meritorum.

461 1301 649 1390 Propterea
660 1299 724 1382 ait,
738 1299 775 1366 iu
788 1299 834 1366 iis
846 1297 933 1368 locis
946 1297 1164 1388 scripturae,
1175 1296 1236 1364 ubi
1248 1319 1360 1364 sermo
1372 1303 1434 1366 est
1445 1297 1488 1365 de
1499 1303 1615 1364 aeterna

460 1409 627 1479 electione
641 1427 727 1498 quae
741 1429 809 1474 nou
820 1407 869 1474 sit
884 1429 926 1474 ex
940 1407 1101 1496 operibus
1113 1409 1171 1490 (nt
1185 1405 1283 1473 Rom.
1298 1405 1365 1472 IX.
1380 1405 1474 1488 11.),
1488 1423 1615 1474 necessa·

461 1517 514 1586 rio
525 1517 646 1586 debere
661 1513 818 1602 intelligi
830 1513 1032 1582 electionem
1048 1513 1092 1582 ad
1108 1512 1174 1581 illa
1188 1513 1289 1595 dona,
1308 1533 1401 1603 quae
1414 1511 1522 1580 etiarn
1532 1511 1616 1578 iner-

461 1621 636 1694 seoutione
661 1605 891 1688 conferuntur
907 1620 1018 1687 nullis
1034 1619 1319 1710 praecedentibus
1336 1618 1500 1704 meritis;
1525 1616 1615 1685 ouius

460 1729 551 1798 modi
567 1731 658 1794 certe
674 1747 741 1791 non
758 1731 812 1792 est
825 1749 888 1816 pro
903 1727 1038 1796 adultis
1054 1728 1130 1796 vita
1145 1733 1305 1810 aeterna,
1324 1727 1388 1796 sed
1401 1733 1490 1794 sunt
1502 1725 1615 1794 vomtio

460 1835 505 1906 ed
527 1831 629 1900 fidem
652 1835 689 1898 et
712 1829 802 1900 aliae
819 1833 958 1922 gratiae
975 1833 1200 1924 multiplices.
1218 1832 1309 1901 Vide
1323 1832 1380 1901 tb.
1401 1833 1520 1902 LVII.
1535 1857 1566 1900 n.
1581 1831 1613 1896 3².

524 1938 617 2008 Hinc
639 1937 734 2006 sicut
756 1937 1027 2030 Chrysostomus
1050 1942 1159 2026 docet,
1185 1941 1542 2030 praedestinationem
1561 1959 1615 2006 esse

461 2077 478 2114 ι
491 2067 600 2138 neque
616 2065 638 2112 a
652 2044 726 2114 sola
741 2043 916 2116 charitate
939 2072 1048 2142 neque
1063 2071 1086 2116 a
1100 2055 1219 2116 nostra
1243 2047 1379 2117 virtute
1396 2049 1461 2117 sed
1475 2049 1520 2116 ab
1533 2045 1615 2114 utris

458 2177 535 2248 que3
552 2179 568 2216 ι
587 2157 625 2220 et
647 2153 740 2222 siout
761 2153 975 2244 Fulgentius
991 2158 1054 2240 ait,
1075 2155 1308 2247 :praeparari
1323 2156 1486 2244 gratiam
1500 2177 1557 2247 per
1569 2151 1614 2220 ni·

458 2259 680 2332 sericordiam
697 2267 733 2330 et
749 2264 1004 2352 praedestinari
1020 2263 1209 2354 praemium
1222 2287 1282 2352 per
1293 2263 1478 2332 iustitiam
1488 2290 1505 2324 ι
1518 2269 1614 2350 (supra

457 2367 510 2436 th.
529 2365 655 2454 LIX.):
681 2367 733 2436 ita
757 2369 794 2436 in
817 2370 959 2440 eandem
983 2371 1175 2440 doctrinam
1192 2369 1291 2458 plene
1314 2370 1498 2438 consentit
1516 2369 1613 2456 Augu·

457 2474 584 2543 atinus.
606 2473 733 2556 «Quos
760 2477 877 2547 voluit
906 2478 1094 2562 Dominus,
1119 2477 1183 2546 hos
1211 2477 1340 2566 elegit;
1365 2477 1482 2568 elegit
1503 2484 1611 2547 autem

458 2581 552 2650 sicut
564 2580 617 2648 ait
631 2581 823 2673 Apostolus
839 2583 956 2672 (Rom.
971 2587 1036 2654 XI.
1048 2587 1112 2672 4.),
1126 2591 1161 2654 et
1176 2583 1356 2652 secundum
1370 2609 1472 2651 eoam
1487 2587 1612 2676 prorius

458 2702 490 2758 et
505 2688 683 2755 secondom
697 2691 837 2758 illoram
865 2695 1067 2760 iustitiam»
1084 2694 1180 2782 Aug.
1206 2715 1307 2762 serm.
1327 2692 1410 2760 100.
1430 2717 1467 2762 n.
1487 2679 1519 2760 a’.
1536 2691 1611 2759 Siout

382 2889 385 2894 Ι
455 2793 689 2885 Epiphanius,
707 2797 879 2888 Cyrinus,
897 2801 1102 2869 Ambrosius
1128 2809 1194 2869 etc.
1214 2800 1305 2868 illud
1326 2799 1464 2869 Matth.
1481 2800 1556 2869 XX.
1569 2795 1609 2865 23.

459 2902 616 2992 aquibus
633 2911 794 2992 paratum
810 2913 901 2976 este
919 2909 1024 2976 Patre
1041 2931 1125 2990 meo,
1139 2935 1154 2968 ι
1169 2907 1347 2998 explicant
1362 2908 1408 2978 de
1420 2908 1521 2998 regni
1536 2925 1610 2998 prae·

455 3009 634 3099 paratione
658 3034 720 3100 pro
743 3012 942 3100 laboribus,
969 3015 1183 3098 virtutibus,
1209 3015 1344 3084 meritis
1372 3019 1500 3107 (supra
1521 3015 1545 3081 l.
1560 3017 1605 3092 o.):

455 3115 571 3186 eodem
603 3119 706 3185 sensu
734 3117 990 3210 iuterpretatur
1020 3121 1126 3190 etiam
1156 3122 1384 3210 Augustinus
1418 3125 1458 3192 in
1480 3123 1534 3190 Ps.
1551 3115 1606 3188 126.

455 3247 490 3294 n.
506 3225 539 3292 5.
562 3221 684 3294 «Aliis
700 3233 863 3316 peretum
877 3235 931 3298 est
947 3231 1084 3299 aPatre
1102 3253 1173 3300 meo
1188 3229 1410 3316 (humilibus,
1429 3255 1498 3300 uon
1514 3249 1608 3318 super·
1654 3307 1655 3318 χ

456 3332 566 3418 bie)...
592 3339 628 3402 ab
650 3359 707 3402 coe
730 3337 799 3402 alii
826 3352 948 3420 estote,
974 3353 1006 3405 et
1029 3339 1122 3406 cobis
1141 3353 1307 3428 paratum
1329 3353 1392 3408 est.
1410 3367 1428 3404 a
1448 3340 1544 3410 Sicut
1560 3333 1607 3404 alii

453 3438 576 3508 Patres
591 3440 762 3509 communi
779 3443 953 3511 sententie
976 3443 1111 3529 docent,
1130 3445 1284 3534 praemia
1306 3469 1375 3514 uon
1391 3469 1470 3516 esse
1492 3441 1606 3536 praede

454 3547 586 3618 atinate
608 3547 678 3615 nisi
694 3547 731 3616 in
748 3549 981 3639 praescientia
1007 3553 1208 3622 meritorum
1227 3560 1348 3644 (supra
1363 3555 1390 3623 l.
1408 3561 1472 3644 o.):
1490 3555 1537 3622 ita
1551 3551 1604 3616 Au·
1653 3559 1654 3649 l

453 3653 620 3746 gustinus
634 3657 808 3726 consentit
824 3658 861 3725 in
877 3659 1018 3728 eandem
1037 3661 1242 3730 doctrinam.
1263 3691 1278 3725 ι
1292 3661 1384 3744 Quia
1399 3659 1604 3753 (propositum

452 3763 534 3850 Dei)
557 3769 673 3832 manet
697 3770 737 3833 ut
761 3763 930 3834 iustidoet
953 3767 1144 3852 credentes,
1164 3765 1238 3836 ideo
1263 3772 1396 3836 invenit
1419 3793 1518 3860 opero
1538 3783 1603 3856 quoe

453 3873 524 3938 inm
548 3871 659 3962 elipot
682 3870 727 3937 od
749 3896 890 3962 reputem
914 3874 1077 3940 coelorum
1082 3925 1150 3944 .....
1177 3875 1276 3945 Unde
1302 3877 1394 3968 quod
1418 3876 1544 3945 dictum
1563 3873 1602 3937 est

453 3979 690 4071 (Eph.1.4.),
716 3983 802 4072 puio
826 3981 930 4070 clepit
953 4007 1013 4048 nos
1046 3983 1136 4051 Deae
1160 3999 1241 4051 onte
1266 3982 1387 4050 mundi
1417 3981 1601 4052 constitutio

451 4111 544 4170 nem,
568 4111 636 4153 con
660 4084 775 4169 video,
801 4085 962 4180 quomodo
987 4093 1035 4157 eit
1059 4088 1186 4158 dictum
1208 4093 1281 4157 nisi
1299 4079 1598 4181 praescienticrad

452 4194 608 4286 Simplie.
627 4193 653 4264 l.
675 4193 705 4262 I.
725 4220 758 4288 q.
778 4195 811 4262 2.
829 4219 865 4263 n.
884 4197 917 4264 6.

519 4301 566 4369 3⁰.
591 4299 685 4370 Idem
718 4302 887 4391 probatur
917 4323 959 4370 ex
991 4303 1108 4390 modo,
1138 4327 1205 4396 quo
1234 4303 1459 4394 Augustinus
1487 4295 1595 4372 censuit

450 4429 631 4478 numerum
653 4406 1023 4500 praedestinandornm
1040 4409 1085 4479 ed
1102 4409 1263 4500 gloriam,
1281 4412 1475 4481 formaliter
1488 4409 1592 4498 spectu·
