3292 5062
920 365 958 382 ·-
982 335 1040 395 174
1060 365 1099 382 -

417 437 545 506 tionem
569 460 723 524 omnam,
749 459 839 530 quae
861 439 1001 531 quidem
1023 442 1201 508 naturalis
1223 441 1295 527 sit,
1320 443 1386 512 hoc
1415 441 1489 531 ipso
1515 463 1593 509 esse

418 545 715 636 proportionatam
738 569 806 614 non
830 546 900 614 iam
921 553 1071 617 naturas
1102 549 1235 637 cogniti
1267 548 1329 618 sed
1359 557 1511 618 naturae
1544 571 1598 616 co·

418 653 629 742 gnoscentis,
644 677 706 723 uec
729 677 829 744 posse
851 677 925 722 esso
949 655 1085 724 modum
1110 657 1321 744 cognitionis
1344 655 1528 725 naturalis
1545 677 1601 723 su.

418 783 484 853 pra
506 757 752 850 perfectionem
773 766 921 829 naturas
949 763 1209 851 cognoscentis,
1235 763 1379 854 perinde
1415 763 1510 832 enim
1549 771 1603 832 cst

419 867 533 937 dicere
548 867 712 934 naturale
732 888 773 936 ec
793 871 1095 956 proportionatam
1119 884 1276 938 naturae.
1297 869 1398 954 Quod
1413 871 1534 960 ipsum
1554 869 1599 936 si·

416 975 608 1064 gnificatur
631 974 694 1042 illo
709 975 881 1043 axiomata
898 976 935 1042 in
951 973 1082 1070 scholis
1098 977 1295 1046 notissimo:
1316 1006 1333 1040 a
1351 977 1475 1046 modus
1487 977 1600 1045 actio·
1641 1015 1642 1020 κ

417 1081 473 1149 nis
496 1082 657 1172 sequitur
681 1083 818 1153 modum
841 1080 1005 1151 mendi„
1041 1082 1103 1172 (του
1121 1081 1221 1172 ὲιναι);
1244 1091 1281 1154 et
1303 1085 1451 1174 proinde
1485 1087 1600 1156 etiam

421 1217 438 1252 a
455 1209 552 1258 omne
575 1189 754 1279 cognitum
777 1200 831 1262 est
853 1193 891 1260 in
915 1201 1142 1282 cognoscente
1165 1193 1355 1262 secuudum
1378 1194 1521 1262 modum
1548 1219 1599 1264 co

417 1297 628 1386 gnosoentis.
651 1299 805 1368 »Omnis
828 1323 912 1390 ergo
933 1299 1388 1392 intellectus'quaecumqne
1405 1304 1598 1372 secundum

418 1427 501 1476 suae
524 1413 672 1477 naturae
695 1408 899 1477 facultatem
921 1431 962 1478 ac
985 1409 1136 1478 indolem
1154 1408 1340 1498 intelligit,
1360 1429 1401 1476 ea
1415 1409 1600 1498 iutelligit
1642 1453 1643 1456 =

418 1515 606 1584 meandum
629 1516 766 1586 modum
789 1518 846 1586 sui
868 1517 1002 1607 proprii
1027 1541 1105 1586 aaa.
1123 1517 1216 1586 Hinc
1250 1538 1354 1606 porro
1387 1517 1599 1586 intellectus

418 1624 552 1693 obiectu
575 1625 756 1694 inferioris
779 1625 912 1694 ordinis
935 1625 1085 1717 concipit
1100 1624 1392 1708 nobiliorimodo,
1407 1646 1516 1717 qnam
1534 1648 1600 1717 quo

419 1733 493 1800 sint
514 1731 552 1798 in
576 1755 612 1801 sa
635 1732 734 1822 ipsis,
749 1735 930 1824 superiora
944 1739 1061 1802 autom
1077 1733 1146 1802 sibi
1162 1755 1314 1824 suaeque
1330 1739 1481 1802 naturae
1499 1735 1599 1802 modo

417 1839 662 1908 accommodat.
676 1840 771 1908 Deus
794 1839 970 1931 intelligit
984 1841 1099 1908 omnia
1114 1840 1151 1908 in
1168 1860 1232 1908 sua
1244 1841 1397 1908 essentia
1415 1847 1596 1932 tamqnam

418 1946 455 2014 in
478 1969 583 2016 causa
606 1949 797 2038 exemplari
820 1950 918 2020 modo
941 1950 1081 2020 infinite
1105 1951 1279 2040 perfecto,
1305 1949 1426 2039 angeli
1447 1955 1597 2018 natura-

418 2055 502 2124 litcr
525 2063 738 2146 cognoscunt
760 2057 874 2124 omnia
897 2057 1086 2126 secundum
1109 2057 1307 2147 analogiam
1332 2079 1415 2126 succ
1432 2059 1597 2148 propriae
1644 2137 1645 2142 ἵ

418 2163 607 2248 essentiae,
633 2163 749 2231 anime
775 2163 927 2232 hnmana
958 2165 1124 2256 quamdiu
1154 2172 1208 2234 est
1239 2167 1351 2234 forma
1380 2168 1417 2233 in
1453 2187 1599 2255 corpore

419 2270 616 2354 materiali,
642 2272 813 2340 obiectum
836 2271 1047 2361 cognitionis
1078 2273 1145 2340 sibi
1179 2273 1361 2362 proprium
1384 2277 1421 2340 at
1443 2273 1596 2340 maxime

418 2377 718 2467 proportionatum
752 2378 859 2448 habat
891 2402 952 2448 ens
977 2379 1157 2448 materiale
1179 2386 1216 2448 et
1238 2382 1282 2448 ab
1305 2402 1344 2448 eo
1367 2381 1531 2449 ascendit
1555 2379 1597 2447 ad

285 2571 289 2580 .
419 2487 656 2576 cognoscenda
677 2487 866 2577 spiritalia,
892 2511 980 2580 quac
1003 2489 1215 2558 naturaliter
1240 2511 1308 2558 uon
1331 2493 1446 2579 potest
1469 2513 1595 2579 cogno·

418 2617 524 2679 scere,
551 2601 592 2663 ut
615 2595 652 2662 in
676 2617 712 2664 se
734 2605 830 2682 sunt,
844 2598 904 2666 scd
917 2595 1029 2666 solnm
1046 2597 1233 2666 secuudum
1250 2595 1450 2686 analogiam
1466 2597 1596 2666 obiecti

418 2701 485 2770 sibi
509 2703 776 2792 proportionati.

483 2809 558 2876 Iam
582 2833 665 2878 vero
688 2811 782 2878 Deus
805 2815 882 2878 tota
904 2811 1040 2879 ratione
1062 2811 1155 2880 entis
1178 2811 1344 2902 modoque
1367 2809 1424 2878 sui
1439 2809 1531 2878 Eue
1546 2811 1596 2878 in·

418 2915 512 2984 finiti
535 2917 755 2988 transcendit
778 2917 892 2988 omnia
915 2925 1045 3002 creata,
1070 2919 1123 2988 ite
1153 2927 1194 2986 ut
1223 2917 1308 2987 haec
1338 2917 1412 2984 sint
1443 2917 1597 2987 alterius

416 3024 518 3115 plana
542 3026 688 3111 ordinis,
706 3033 742 3094 et
756 3050 825 3094 non
847 3025 918 3094 uisi
934 3027 1102 3116 analogae
1117 3025 1401 3094 adumbrationes
1420 3027 1595 3094 essentiae

417 3133 570 3202 divinas.
588 3134 684 3224 Ergo
699 3133 819 3202 nullus
835 3133 1038 3203 intellectus
1054 3139 1206 3218 creatus,
1221 3132 1387 3225 quamdiu
1404 3132 1595 3202 secundum

417 3241 671 3330 proportionem
694 3265 777 3312 suae
800 3249 948 3312 naturae
973 3243 1170 3331 cognoscit,
1189 3243 1299 3314 Deum
1316 3243 1497 3331 concipere
1521 3249 1594 3332 pot·

418 3355 483 3432 est,
503 3349 596 3417 utin
620 3373 656 3418 sc
677 3357 743 3438 est;
763 3373 825 3420 nec
840 3355 955 3439 potest
970 3350 1003 3416 ci
1018 3350 1113 3418 Deus
1137 3372 1212 3419 esse
1237 3349 1476 3419 immediatum
1501 3351 1595 3418 obie-

417 3459 512 3522 ctum
535 3455 749 3524 intuitionis.

482 3563 560 3632 Non
583 3569 697 3654 potest
719 3565 830 3633 Deum
854 3586 1077 3654 cognoscere,
1103 3571 1147 3634 ut
1176 3563 1214 3632 in
1245 3588 1282 3634 se
1312 3570 1378 3634 est.
1405 3563 1595 3653 Cognoscit

418 3669 509 3738 enim
532 3671 721 3740 secuudum
744 3673 880 3742 modum
905 3673 960 3740 sui
983 3671 1118 3762 proprii
1142 3697 1221 3755 cosa,
1238 3696 1307 3741 non
1324 3673 1514 3741 secuudum
1527 3696 1593 3740 mo

416 3775 497 3843 dum
510 3778 598 3844 Esse
613 3780 758 3868 cogniti.
776 3781 851 3848 Hoc
866 3781 941 3870 ipso
957 3787 1074 3848 autem
1089 3781 1188 3850 Deus
1203 3802 1270 3847 non
1288 3783 1490 3870 potestesse
1504 3779 1593 3847 obie-

416 3889 510 3952 ctum
534 3885 772 3954 immediatum
794 3885 997 3956 intuitionis
1017 3909 1078 3976 pro
1091 3887 1275 3956 intellectu
1288 3891 1404 3954 creato
1420 3885 1592 3954 naturali-

415 3995 470 4058 ter
494 3999 731 4081 cognoscents.
752 3995 840 4062 Nam
857 4000 889 4080 a)
906 3994 1042 4086 quando
1065 3991 1157 4062 illud
1181 3995 1269 4062 Esse
1292 3992 1592 4083 simplicissimum

416 4107 469 4168 est
491 4101 529 4169 in
552 4123 588 4170 sc
610 4101 687 4192 ipso
710 4103 881 4172 obiectum
904 4101 1119 4186 intuitionis,
1139 4101 1333 4170 necessario
1349 4101 1587 4190 cognoscitur,

418 4215 458 4276 ut
481 4207 519 4276 iu
542 4231 577 4276 ss
602 4217 667 4278 est.
694 4208 802 4277 Immo
825 4209 863 4276 id
886 4232 1007 4279 verum
1038 4215 1093 4278 cst
1123 4207 1317 4299 generatim
1348 4209 1390 4278 de
1423 4209 1518 4276 omni
1541 4232 1590 4278 co-

416 4315 623 4404 gnoscibili,
649 4318 739 4408 quod
763 4319 800 4386 in
834 4339 871 4385 sc
905 4317 981 4406 ipso
1016 4323 1054 4386 et
1087 4341 1155 4386 non
1189 4341 1250 4406 per
1282 4303 1381 4386 aliud
1417 4319 1590 4406 cognosci·

417 4431 490 4491 tur.
520 4423 598 4492 Non
624 4424 791 4509 dicimus,
816 4427 927 4494 Deum
952 4427 983 4492 si
1005 4433 1183 4518 tamquam
1213 4447 1319 4494 causa
1347 4425 1501 4494 efficiens
1533 4425 1590 4493 im-
