3292 5062
902 333 940 366 '-
963 321 1023 380 142
1043 353 1082 368 -

401 430 474 493 net.
491 423 560 492 Hie
582 423 703 493 modus
726 424 953 513 cognoscendi
977 425 1052 494 sine
1082 425 1187 494 dnbio
1217 424 1499 514 perfectissimus
1530 449 1582 493 es-
1631 465 1632 480 .

402 531 563 602 sentialis
586 537 641 600 est
664 532 734 626 Deo
757 531 837 621 ipsi,
856 533 916 623 qui
939 539 994 602 est
1016 533 1092 624 ipsa
1116 534 1250 603 veritas
1265 533 1532 618 substantialis,
1547 542 1583 601 et
1631 529 1632 608 ζ

285 681 288 687 -
402 637 718 729 supernaturaliter
740 639 1013 708 communicatur
1036 662 1097 729 per
1120 639 1437 730 participationem,
1455 662 1582 708 secun·

402 747 484 816 dum
508 745 721 834 multiplices
743 745 887 834 gradus,
914 747 951 814 in
974 746 1109 816 visione
1134 747 1307 816 beatifica.
1325 747 1435 816 Nobis
1451 748 1582 814 saltem

403 853 617 922 naturaliter
638 861 674 921 et
695 853 801 922 etiam
825 855 1012 922 secundnm
1036 855 1442 924 charismateordinaria
1458 877 1581 943 super-

402 961 576 1030 naturalis
607 959 813 1029 elevationis
847 961 959 1030 solnm
994 961 1173 1052 possibilis
1206 967 1262 1030 eat
1296 961 1466 1052 quaedam
1506 961 1583 1028 eius

404 1069 495 1138 modi
517 1067 681 1150 imitatio,
708 1067 810 1159 quod,
832 1069 903 1138 Deo
926 1093 968 1138 ex
985 1071 1158 1139 creaturis
1180 1069 1386 1152 etmaxima
1398 1093 1463 1158 per
1478 1068 1581 1136 fidem

401 1179 472 1243 iam
494 1175 645 1263 cognito,
671 1175 715 1242 ab
738 1173 802 1242 illa
824 1178 1022 1266 cognitione
1045 1177 1292 1246 descendamus
1316 1177 1360 1244 ad
1387 1176 1578 1266 perfectio
1631 1169 1632 1196 ³

401 1305 475 1352 rem
504 1282 777 1371 recognitionem
812 1289 1052 1353 creaturarum
1085 1291 1123 1352 et
1156 1283 1349 1352 veritatum
1383 1285 1420 1350 in
1456 1283 1581 1350 ordine
1631 1347 1632 1372 ,

403 1388 561 1478 physico,
588 1387 714 1477 logico,
739 1387 866 1472 ethico,
885 1411 973 1481 quae
996 1413 1111 1458 omnes
1135 1411 1234 1458 suam
1256 1411 1453 1480 supremam
1471 1389 1581 1457 ratio·
1631 1443 1632 1456 .

404 1518 480 1564 nem
503 1497 541 1562 in
564 1495 635 1564 Deo
658 1495 799 1564 habent:
817 1496 870 1564 ita
892 1498 998 1566 etiam
1021 1495 1219 1588 philosophi
1238 1526 1254 1560 r
1271 1497 1342 1565 Deo
1366 1498 1514 1586 cognito
1529 1518 1579 1564 re·
1631 1497 1632 1530 ³

404 1607 582 1691 perernnt,
606 1603 667 1669 nbi
689 1607 781 1670 esset
803 1624 909 1670 cansa
932 1605 1146 1672 constitutae
1170 1604 1428 1686 universitatis,
1455 1608 1496 1671 et
1519 1603 1579 1669 lux
1631 1651 1632 1672 .

403 1711 644 1800 percipiendae
675 1709 857 1794 veritatis,
882 1717 919 1778 et
948 1713 1026 1778 fons
1060 1711 1224 1780 bibendae
1257 1711 1443 1780 felicitatis
1463 1738 1481 1772 n
1500 1709 1578 1777 Cir·
1631 1693 1632 1718 ¹

402 1820 469 1888 Dei
482 1818 584 1886 VIII.
604 1817 658 1885 10.
676 1817 771 1886 Haec
786 1840 861 1886 esse
877 1839 918 1885 ex
935 1819 1109 1888 sententia
1125 1820 1323 1909 Augustini
1337 1819 1578 1887 demonstrant
1631 1827 1632 1898 ζ

405 1925 530 2009 omnia,
556 1947 644 2017 qnae
666 1925 820 1994 diximus
843 1949 878 1994 n.
895 1925 927 1992 I.
1631 1959 1632 1966 .

469 2036 522 2102 At
544 2039 637 2103 certe
656 2033 881 2122 Augustinus
903 2056 966 2102 neo
991 2034 1091 2102 unice
1115 2056 1177 2101 nac
1194 2033 1379 2122 praecipue
1394 2033 1489 2100 hanc
1505 2038 1577 2100 tan-
1631 2107 1632 2124 χ

406 2143 580 2212 tummodo
593 2140 882 2210 illuminationem
896 2163 1012 2210 rerum
1025 2141 1350 2230 cognoscendarum,
1361 2141 1421 2209 sed
1433 2141 1579 2208 maxime
1631 2151 1632 2238 ζ

405 2249 582 2340 spectavit
603 2247 894 2316 illuminationem
923 2250 1181 2338 cognoscentis:
1202 2279 1219 2312 κ
1244 2251 1339 2317 Deus
1372 2256 1428 2317 est
1461 2249 1575 2316 lumen
1631 2239 1632 2304 ἐ

405 2359 578 2424 mentium.
599 2381 614 2416 n
634 2355 848 2437 Quaeritur,
875 2377 942 2446 quo
966 2377 1069 2424 sensu
1103 2357 1140 2425 id
1174 2355 1412 2444 intelligatur.
1442 2357 1575 2424 Lumen
1631 2363 1632 2418 Ἰ

406 2463 531 2534 mentis
553 2463 685 2532 dicitur
708 2460 972 2548 multiplicitcr;
990 2463 1067 2552 ipsa
1090 2463 1146 2530 vis
1162 2463 1337 2530 naturalis
1353 2459 1576 2552 intelligendi
1631 2477 1632 2480 ’

405 2553 521 2642 lumen
544 2578 598 2641 est
619 2571 877 2656 intellectuale,
896 2577 951 2639 est
980 2571 1097 2639 lumen
1128 2571 1271 2640 habitus
1298 2571 1479 2640 naturalis
1511 2567 1575 2658 pri·
1631 2577 1632 2594 ¹

407 2703 539 2748 morum
568 2679 837 2768 principiorum,
870 2701 957 2769 quae
979 2679 1180 2748 intellectus
1208 2680 1358 2768 primum
1382 2677 1573 2766 intelligit,

407 2796 442 2855 et
470 2787 656 2856 secundnm
681 2787 828 2878 quaein
852 2809 888 2854 se
917 2785 1094 2856 evidentia
1116 2787 1159 2855 de
1181 2787 1263 2855 aliis
1290 2786 1506 2856 veritatibus
1527 2785 1573 2850 iu·

407 2895 521 2981 dicat,
555 2899 610 2964 est
638 2895 754 2963 lumen
784 2893 928 2964 habitus
959 2895 1133 2964 naturalis
1163 2895 1348 2980 scientiae,
1379 2901 1434 2962 cst
1461 2894 1575 2960 lumen
1631 2925 1632 2980 1

406 3001 548 3070 habitus
571 3002 852 3090 supernaturalis
875 3003 1149 3091 cognoscitivns,
1169 3001 1245 3070 h.e.
1266 3001 1449 3070 ordinatus
1464 3001 1511 3068 ad
1527 3019 1573 3068 co·

327 3099 337 3116 ⁰
406 3110 597 3200 gnitionem
622 3109 923 3198 supernaturalem
955 3110 1056 3193 veri,
1090 3115 1133 3176 ut
1162 3117 1216 3177 est
1246 3109 1389 3177 habitus
1413 3109 1517 3193 fidei,
1542 3111 1575 3172 et
1631 3193 1632 3204 ἵ

320 3279 330 3310 ,
405 3215 510 3284 etiarn
546 3215 664 3305 gratia
698 3215 849 3284 actualia
883 3215 1081 3298 transiens,
1108 3237 1178 3306 qua
1212 3237 1307 3283 mene
1340 3214 1503 3283 elevatur
1534 3211 1573 3278 ad

405 3323 579 3390 actualem
617 3322 850 3410 cognitionem
883 3323 1204 3412 supernaturalem;
1238 3327 1414 3414 tamqnam
1453 3322 1572 3389 ultima

407 3430 586 3520 perfectio,
612 3429 656 3498 ad
680 3453 782 3521 qnam
805 3430 891 3498 fides
915 3429 1080 3498 sehabet
1104 3430 1204 3498 velut
1234 3429 1432 3513 inchoatio,
1462 3429 1571 3498 lumen

406 3545 461 3606 est
483 3537 548 3604 illa
570 3537 849 3627 supernsturalis
872 3538 1056 3628 dispositio
1082 3537 1236 3621 animae,
1262 3559 1331 3629 qna
1360 3538 1521 3606 elevatur
1540 3537 1572 3603 et
1631 3561 1632 3600 1

407 3655 490 3736 apta
513 3645 675 3714 redditur
705 3645 749 3714 ad
780 3645 948 3714 visionem
977 3647 1044 3714 Dei
1075 3646 1307 3714 immediatam
1340 3646 1378 3714 in
1409 3667 1447 3713 se
1479 3647 1568 3735 ipso,

408 3753 498 3844 qnod
522 3753 653 3822 dicitur
683 3751 797 3822 lumen
830 3752 983 3842 gloriae;
1009 3759 1126 3843 potest
1155 3754 1225 3822 dici
1254 3753 1317 3820 lox
1350 3755 1426 3842 ipse
1458 3750 1570 3822 vitalis

407 3865 508 3928 aetus
530 3858 780 3928 intellectionis
803 3859 878 3928 sive
899 3859 1076 3928 naturalis
1092 3861 1167 3930 sive
1191 3859 1486 3950 supernaturalis.
1505 3859 1569 3926 Iam

407 3965 492 4034 haec
515 3967 631 4034 omnia
653 3968 809 4057 proiecto
825 3991 892 4035 non
909 3978 993 4036 eunt
1016 3969 1132 4050 Deus,
1158 3969 1218 4036 sed
1242 3973 1326 4035 sunt
1347 3967 1463 4036 lumen
1488 3985 1569 4036 crea·

406 4079 481 4140 tum
504 4082 680 4166 tamquam
704 4075 816 4143 forma
832 4073 888 4144 vel
904 4083 1005 4143 actus
1021 4075 1289 4162 inhaerensipsi
1306 4073 1414 4141 menti
1430 4083 1566 4142 creatae.

406 4179 458 4248 At
479 4179 574 4249 Deus
596 4191 650 4249 est
673 4181 778 4250 huius
806 4181 950 4250 luminis
985 4181 1114 4272 partim
1149 4204 1257 4250 causa
1290 4181 1441 4250 efficiens
1477 4181 1568 4250 unica

407 4287 534 4377 partim
558 4309 664 4356 causa
686 4289 810 4377 prima,
834 4290 985 4382 adeoque
1009 4297 1064 4360 ast
1086 4289 1202 4358 lumen
1226 4313 1248 4356 a
1270 4289 1342 4358 Deo
1365 4290 1566 4370 derivatum,

406 4401 444 4464 et
465 4403 627 4463 creatura
650 4396 835 4463 rationalis
857 4397 1049 4486 peripsum
1066 4397 1181 4466 lumen
1198 4397 1439 4466 intellectuale
1454 4400 1511 4484 (ab
1525 4417 1566 4462 es·
