3224 5068
528 380 566 392 -
587 348 648 410 297
669 380 707 392 -

106 450 203 520 Unde
224 450 263 518 iu
286 451 414 520 creatis
438 473 583 544 quoque,
603 475 748 543 quorum
771 451 979 542 simplicitas
1007 460 1207 543 comparata

45 581 113 625 cum
138 557 260 626 divina
282 564 338 627 cst
361 559 472 627 solum
496 557 674 626 secandum
696 558 795 652 quid,
820 561 988 648 perfectio
1013 561 1207 630 formaliter

43 689 104 732 non
127 672 180 734 est
203 667 240 734 iu
263 667 448 756 negatione
472 668 650 757 partium,
670 669 729 736 sed
761 668 799 735 in
829 668 993 741 realitate
1027 668 1209 738 intensiva

45 774 149 862 ipsius
169 773 274 842 entis.
294 772 387 855 Quis
410 797 492 842 vero
515 774 627 842 omnis
650 775 781 843 entitas
812 781 930 844 creata
965 780 1019 844 est
1051 775 1209 843 limitata

44 879 175 950 defectu
191 881 372 950 ulterioris
384 883 562 972 possibilis
577 883 804 972 perfectionis
819 891 855 952 et
869 883 946 951 ideo
962 883 1206 974 perfectibilis,

43 989 81 1056 ad
103 991 347 1079 perfectionem
372 996 554 1060 creaturae
577 991 774 1083 requiritur
797 992 999 1081 compositio
1022 1015 1061 1062 eo
1097 993 1208 1060 maior

43 1095 184 1184 physica
206 1097 266 1165 vel
288 1096 540 1187 metaphysica,
568 1120 635 1190 quc
658 1098 849 1167 intrinseca
871 1099 1064 1168 entitativa
1095 1101 1207 1189 perfe-

43 1203 107 1269 ctio
129 1209 184 1272 eet
206 1204 329 1273 minor.
352 1204 491 1294 uApud
514 1226 576 1271 nos
599 1205 787 1294 composita
811 1211 894 1274 sunt
917 1205 1061 1273 meliora
1077 1205 1207 1295 simpli-

44 1309 153 1394 cibus,
177 1312 263 1402 quis
284 1312 452 1402 perfectio
477 1312 645 1381 bonitatis
669 1317 850 1381 creaturae
873 1335 941 1380 non
964 1313 1146 1383 invenitur
1170 1312 1206 1381 in

45 1439 106 1485 uno
129 1419 281 1508 simplici
304 1421 364 1489 sed
387 1421 425 1490 iu
449 1421 584 1508 multis;
603 1422 662 1490 sed
687 1421 855 1510 perfectio
874 1421 1015 1491 divinae
1039 1421 1207 1490 bonitatis

46 1524 219 1596 iuvenitur
241 1527 278 1596 in
303 1551 372 1596 uno
395 1529 546 1618 simplici
565 1557 581 1591 n
600 1528 637 1598 S.
657 1529 724 1598 Th.
744 1530 776 1598 1.
795 1557 828 1621 q.
848 1527 881 1596 3.
901 1551 933 1597 a.
954 1530 987 1597 7.
1006 1530 1050 1598 ad
1067 1529 1101 1598 2.

104 1635 158 1702 Ex
181 1635 288 1704 dictis
310 1636 414 1706 facile
437 1637 656 1727 componitur
670 1637 717 1704 lis
740 1637 836 1705 inter
859 1635 1106 1721 scholasticos,
1126 1660 1207 1729 quo·

48 1762 115 1808 rum
137 1741 201 1808 alii
223 1748 354 1831 negant
371 1765 447 1811 cum
460 1743 624 1812 Caietano
648 1743 909 1834 simplicitatem
932 1766 1007 1812 esse
1030 1743 1209 1834 perfectio-

49 1867 115 1914 nem
137 1871 199 1938 per
222 1872 276 1934 se,
302 1849 367 1918 alii
390 1850 575 1921 affirmant.
603 1851 642 1920 Si
665 1851 884 1940 intelligitur
911 1850 1110 1941 outolcgica
1132 1874 1207 1942 per-

50 1954 143 2024 fectio
166 1956 355 2026 excludens
378 1958 679 2047 compositionem,
705 1981 747 2027 ea
775 1981 856 2028 sane
880 1966 934 2028 cst
956 1959 1122 2050 perfectio
1146 1981 1208 2050 per

50 2083 79 2128 se
99 2071 133 2132 et
154 2063 374 2154 simpliciter;
394 2064 425 2132 si
447 2065 522 2134 sola
544 2067 687 2155 negatio
709 2066 862 2156 partium
878 2066 1108 2156 intelligitur,
1123 2066 1208 2138 haec

50 2191 102 2256 per
122 2193 157 2238 se
179 2179 215 2240 et
239 2171 330 2240 citra
351 2172 598 2262 perfectionem
621 2172 850 2262 outolcgicam
867 2180 1005 2242 nonest
1025 2173 1204 2263 perfectio.

51 2271 96 2342 Cf.
112 2277 246 2346 Ludos.
265 2277 399 2346 Moliua
428 2279 464 2346 in
489 2277 521 2346 1.
542 2303 575 2370 q.
594 2277 627 2346 d.
647 2300 679 2346 a.
701 2279 734 2346 7.
753 2279 844 2370 disp.
863 2280 897 2349 2.
916 2279 1077 2348 Ulterius
1109 2285 1209 2369 patet
1306 2274 1311 2283 ’

50 2401 85 2446 ex
106 2383 221 2469 dictis,
247 2383 332 2475 quid
356 2384 473 2454 valeat
495 2389 740 2477 argumentum
765 2408 806 2478 ex
829 2386 1042 2475 perfectione
1074 2384 1207 2476 simpli-

52 2487 159 2559 citatis
188 2492 333 2560 ductum
368 2499 491 2560 contra
525 2492 796 2582 possibilitatem
827 2492 962 2561 antium
997 2491 1208 2582 simplicium

52 2598 295 2684 materialium,
322 2621 410 2691 quae
444 2600 612 2669 dicuntur
646 2599 842 2689 simplicia,
881 2606 1052 2692 quatenns
1083 2623 1207 2690 suppo·

52 2711 170 2776 cuntur
190 2707 303 2776 nullis
327 2714 483 2776 constare
507 2708 667 2797 partibus
694 2707 971 2796 integrantibus,
997 2713 1101 2798 atque
1124 2707 1208 2776 adeo

53 2831 156 2882 carere
187 2814 400 2884 extensione.
439 2814 621 2906 Quidquid
655 2814 788 2882 sentias
811 2814 853 2882 de
887 2813 1020 2882 talibus
1042 2813 1205 2898 entibus,

53 2925 133 2986 certe
154 2919 342 2988 ridiculum
359 2927 413 2989 est
428 2943 557 3010 negare
573 2943 690 2989 eorum
706 2918 974 3011 possibilitatem
990 2940 1032 2987 ex
1048 2943 1099 3005 ec,
1117 2920 1207 3012 quod

53 3022 248 3116 simplicitas
271 3034 326 3097 est
348 3027 529 3118 perfectio.

474 3235 618 3297 THESIS
640 3236 773 3296 XXVII.

91 3355 143 3416 dic
162 3359 363 3421 dccrcmemr's
382 3362 594 3422 revelationis
614 3360 803 3420 declaratur
823 3358 942 3418 civica
963 3357 1159 3435 simplicitas,

165 3466 196 3517 ct
214 3461 351 3535 propria
370 3461 441 3518 eius
461 3461 559 3531 ratic,
583 3458 669 3536 quod
689 3456 774 3518 Deus
795 3463 841 3516 cst
862 3461 952 3516 actus
972 3473 1079 3533 purus.

114 3620 242 3686 «rogae
263 3619 439 3674 omnimodas
465 3618 663 3687 simplicitatis
683 3619 736 3671 Dei
761 3619 792 3670 in
816 3616 947 3671 doctriua
969 3618 1129 3672 christiana
1152 3633 1208 3671 nou

57 3707 150 3762 ’nodo
169 3725 278 3778 semper
297 3711 427 3763 habitum
447 3715 491 3763 cst
506 3709 584 3776 ⁸citra
605 3708 832 3762 controversiam
852 3709 1059 3774 certissimump
1079 3706 1128 3760 sed
1149 3714 1209 3761 turn

58 3796 105 3848 vin
123 3798 278 3868 Scripturis
294 3804 355 3853 tum
374 3801 405 3852 in
426 3799 556 3852 doctrina
578 3799 696 3851 Petrum
716 3798 803 3850 etiarn
830 3797 967 3864 explicite
986 3796 1149 3850 declaratur
1167 3795 1209 3848 di·

58 3886 155 3940 ·ιΙιιιι
174 3890 372 3958 simplicitatis
389 3890 464 3942 ratio
485 3889 656 3954 intrinseca,
681 3886 756 3954 quod
777 3887 807 3939 in
831 3888 889 3939 Deo
912 3890 941 3938 et
960 3885 1098 3952 perfectio
1119 3885 1209 3940 omnis

58 3981 105 4028 -et
122 3979 285 4033 nominatim
307 3979 469 4032 intellectio
491 3994 523 4032 ac
540 3977 644 4032 volitio
660 3978 780 4030 realiter
800 3981 846 4030 est
870 3977 935 4043 ipss
954 3975 1007 4028 Dei
1029 3973 1208 4027 substantia:

60 4068 145 4121 nonos
159 4070 331 4138 simplicitas
350 4084 382 4122 so
403 4067 518 4122 tandem
539 4071 700 4134 revocatur,
722 4065 797 4134 quod
814 4065 916 4120 divina
935 4063 1064 4117 essentia
1076 4067 1122 4117 est
1133 4069 1211 4116 octus

61 4173 154 4220 ’rama
173 4158 370 4228 perfectionis.
383 4180 397 4208 ι

112 4327 138 4396 Ι.
156 4329 256 4413 Quod
279 4328 434 4420 pertinet
459 4327 505 4396 ad
534 4325 781 4417 professionem
812 4323 989 4414 dogmatis
1023 4322 1210 4414 (praescin-

63 4430 153 4505 dendo
172 4437 216 4506 ab
238 4437 317 4507 eius
340 4433 519 4507 subtiliori
543 4431 806 4520 declaratione),
831 4431 956 4500 Patres
977 4429 1010 4498 1ο
1025 4428 1117 4498 illud
1132 4449 1209 4520 pro-
