3224 5068
558 379 594 392 -—
617 349 678 408 317
701 379 737 392 -

77 454 175 542 ipsun
196 451 420 542 participatio
447 453 568 545 eliqua
601 454 764 523 veritatis
796 461 832 523 et
862 453 1055 544 sapientiae
1088 454 1152 522 Dei
1179 458 1229 537 ot,

77 566 111 626 ut
135 559 194 626 ΡΡ.
211 558 422 648 loquuntur,
451 562 594 630 verbum
627 561 792 630 seminale
822 559 908 650 λιγος
925 583 1138 651 σπερματικος,
1172 583 1233 650 per

75 667 155 758 quod
178 667 422 736 constituimur
438 667 553 758 imago
575 669 641 738 Dei
665 673 788 758 (supro
815 692 849 759 p.
866 668 1015 742 96.,141.
1031 673 1142 761 seqq.)
1167 669 1230 756 (1).

74 777 233 844 Postremo
257 797 299 842 ex
324 776 474 845 veritate
497 777 711 867 participate
727 776 867 845 formali
891 777 1076 846 derivetur
1100 777 1233 846 veritus

76 882 105 948 iu
127 881 222 970 siguo
244 886 281 948 ct
304 882 411 950 verba
433 889 566 952 nostra.

129 989 224 1058 Petet
246 1013 330 1079 ergo
357 1013 489 1060 omnem
513 989 717 1076 veritatem,
737 1013 825 1083 quae
848 997 902 1060 est
916 997 953 1060 ct
967 991 1101 1081 concipi
1118 997 1234 1081 potest

73 1103 193 1186 praeter
214 1097 338 1181 Deum,
356 1099 541 1187 penderes
568 1099 640 1167 Deo
668 1107 840 1190 quotenus
856 1105 910 1167 est
926 1098 1003 1188 ipsu
1020 1099 1155 1167 veritas
1171 1122 1233 1188 per

72 1226 123 1286 se,
147 1210 320 1296 tamqnam
345 1228 366 1272 c
389 1228 451 1274 suo
486 1205 660 1296 principio
694 1212 730 1275 et
763 1207 956 1296 exemplari
991 1213 1026 1275 et
1057 1230 1230 1276 mensura.

73 1311 128 1378 Est
140 1334 219 1401 ergo
241 1314 339 1382 Deus
354 1316 471 1383 eodem
487 1337 603 1398 sensu,
623 1339 690 1407 quo
708 1317 857 1406 primum
879 1316 979 1397 Esse,
997 1316 1103 1383 etiem
1119 1315 1233 1404 prima

74 1420 190 1488 veritus
206 1422 380 1493 absoluta.
400 1423 489 1492 Vide
511 1423 668 1492 Loesium
686 1424 728 1493 de
744 1424 855 1493 divin.
871 1425 1016 1514 perfect.
1033 1425 1058 1490 l.
1073 1422 1136 1490 VI.
1152 1445 1181 1491 c.
1196 1423 1231 1491 4.

500 1645 643 1704 THESIS
665 1645 782 1704 XXIX.

354 1780 514 1845 Quomodo
535 1779 620 1840 Deus
642 1782 684 1839 eit
706 1779 774 1856 ipso
795 1780 929 1840 bonitas.

126 1961 216 2013 «Peri
235 1961 348 2012 ratione
368 1960 442 2013 Dens
462 1963 507 2012 eet
524 1961 589 2027 ipen
608 1961 723 2012 bonitas
743 1961 773 2011 in
794 1975 823 2012 ee
843 1959 1002 2025 ontolcgice
1023 1963 1055 2012 nt
1075 1960 1230 2027 perfectio,

75 2052 233 2104 enereliter
252 2055 287 2103 ut
305 2051 456 2117 sanctitas,
478 2050 680 2118 quodammodo
699 2050 827 2104 finaliter
841 2053 874 2101 nt
887 2049 1048 2113 bestitndm·
1069 2053 1155 2116 etque
1169 2050 1233 2102 ideo

76 2149 134 2193 -est
150 2157 287 2193 summum
310 2141 414 2192 bonnm
429 2142 578 2193 creaturae
599 2143 632 2192 ιιι
651 2155 736 2192 ceuee
750 2140 876 2206 efficiens
900 2155 932 2192 ec
945 2141 1062 2205 finalis,
1087 2144 1116 2192 et
1133 2140 1232 2206 aliquo

75 2230 154 2282 *lieet
175 2230 334 2298 improprio
354 2245 438 2282 senen
458 2233 490 2282 nt
510 2230 647 2297 formatio
665 2245 751 2282 ceuee
770 2229 800 2282 in
820 2229 1046 2282 sanctificatione
1065 2233 1096 2281 et
1116 2228 1230 2281 bestili-

76 2321 206 2372 =eetione.
220 2340 233 2367 e

126 2504 355 2596 supponendo
371 2511 425 2574 est
441 2504 614 2595 imprimis
631 2505 726 2572 notio
754 2505 844 2571 toni.
865 2504 901 2572 S.
922 2503 1072 2572 Thomas
1090 2504 1121 2572 1.
1141 2529 1174 2593 q.
1195 2505 1230 2570 e.

73 2612 129 2680 ui.
139 2614 262 2681 bonum
275 2613 410 2698 definit,
423 2619 463 2681 ut
475 2613 523 2682 eit
534 2643 549 2676 c
560 2612 651 2682 rotie
664 2614 823 2702 perfecti,
835 2613 924 2706 quod
938 2619 992 2680 est
1004 2612 1228 2702 appetibile.»

73 2717 105 2784 ln
124 2719 183 2790 hac
200 2720 404 2790 definitione
417 2721 610 2810 perfectum
628 2721 718 2812 quod
734 2720 879 2804 dicitur,
899 2725 954 2789 est
969 2721 1100 2788 hebens
1118 2720 1233 2787 omnis

75 2825 128 2894 sibi
151 2827 406 2913 convenientia,
433 2829 523 2920 quod
555 2827 673 2917 graeci
704 2829 794 2896 forte
818 2828 937 2918 aptius
961 2827 1084 2896 dicunt
1108 2825 1230 2904 τειειιν,

75 2931 217 3004 ultimum
241 2935 317 3005 sive
340 2935 441 3005 finem
466 2939 501 3004 et
524 2935 660 3005 culmen
684 2957 816 3020 eorum,
839 2957 926 3027 quae
951 2939 1150 3024 competunt
1165 2935 1230 3020 (2).

124 3189 160 3262 (1)
175 3214 185 3240 ι
198 3193 281 3245 Sicut
298 3193 390 3256 igitur
408 3193 520 3245 animee
534 3196 563 3245 et
578 3207 623 3244 res
643 3192 718 3244 eliae
738 3206 822 3244 verse
837 3189 951 3257 quidem
966 3190 1101 3243 dicuntur
1120 3189 1150 3240 ιιι
1166 3189 1227 3242 suis

76 3281 177 3346 ueteris,
198 3281 354 3336 secundum
379 3282 453 3348 quod
473 3280 694 3334 similitudmem
714 3281 797 3334 illiue
817 3295 941 3333 summes
960 3283 1080 3333 netnree
1105 3281 1230 3344 hebent,

77 3377 191 3432 quaeest
209 3373 275 3438 ipse
293 3371 413 3437 veritae,
433 3387 494 3424 cnm
515 3371 555 3422 sit
575 3387 656 3423 enum
675 3371 855 3422 intellectum
876 3385 954 3423 esse:
976 3371 1019 3423 ιιι,
1038 3369 1078 3434 id,
1095 3371 1169 3437 quod
1183 3387 1233 3436 per

77 3456 178 3511 aninum
196 3459 341 3524 cognitum
362 3463 415 3526 est,
437 3475 536 3511 verum
556 3464 610 3525 eet,
635 3459 667 3510 iu
687 3463 825 3524 quantum
845 3459 928 3510 illiue
948 3459 1065 3511 divinoe
1086 3460 1230 3524 veritatis,

77 3558 144 3607 quen
155 3548 228 3600 liene
241 3547 398 3613 cognoscit,
415 3547 577 3600 similitudo
592 3547 729 3614 quaedem
744 3547 848 3599 existit
860 3547 891 3600 iu
906 3547 980 3614 ipre.
995 3547 1074 3600 Unde
1090 3552 1119 3600 et
1132 3548 1233 3601 (iloeee

78 3631 273 3707 (Augustinus)
293 3653 379 3704 super
397 3639 475 3691 Psel.
486 3639 537 3690 XI.
553 3641 579 3690 2.
595 3637 684 3690 dicit:
701 3635 776 3702 quod
791 3637 868 3689 sicnt
881 3638 916 3690 sb
930 3653 988 3690 nne
1003 3637 1075 3691 fecie
1089 3639 1236 3690 resultent

79 3727 164 3779 multoe
182 3728 270 3781 lecies
290 3727 321 3778 in
342 3729 473 3792 speculo,
495 3729 537 3780 ite
557 3729 592 3780 eb
612 3744 669 3780 nne
695 3726 787 3793 prime
808 3727 932 3779 venitote
961 3729 1109 3780 resultent
1127 3729 1234 3780 multae

79 3815 195 3870 reritctcs
214 3818 245 3870 ιιι
264 3817 409 3870 mentibus
438 3817 610 3870 hominumn
626 3817 654 3871 S.
667 3817 720 3870 Th.
741 3820 817 3870 cont.
831 3821 910 3882 gent.
926 3818 979 3870 111.
994 3833 1018 3870 c.
1030 3817 1065 3868 47
1079 3817 1133 3870 ,ιιι
1149 3833 1236 3884 supro

82 3902 207 3960 textu.
221 3909 260 3960 11.

130 3993 166 4066 (1)
182 3997 299 4051 Scilicet
306 3997 463 4064 perfectum
476 4012 511 4049 ex
525 4012 576 4050 ene
589 3997 783 4062 etymologica
797 3997 1006 4064 significatione
1020 3995 1154 4061 designet
1168 3997 1235 4050 boni

83 4082 266 4142 plenitudinem
287 4087 431 4161 aliquem,
454 4103 525 4153 qnae
546 4089 687 4154 paulatim
708 4088 870 4140 excreverit
895 4091 924 4140 et
951 4087 1073 4154 primum
1101 4087 1179 4140 fecte
1205 4104 1236 4140 sc

84 4165 164 4223 deinde
181 4175 305 4240 perlecta
325 4174 375 4226 sit.
397 4173 477 4226 Unde
496 4173 529 4226 de
549 4175 621 4228 bono
642 4192 659 4225 o
677 4191 731 4226 eeu
750 4175 802 4226 hoc
825 4174 901 4241 quod
920 4173 1077 4241 perlectum
1097 4174 1232 4239 dicimus,

85 4262 175 4326 mopere
191 4280 246 4318 non
266 4263 397 4317 dicimus.
417 4265 515 4331 Neque
535 4265 610 4318 enim
630 4264 704 4331 qnod
724 4264 831 4318 fectum
852 4267 976 4330 nonest,
993 4264 1107 4331 proprie
1126 4263 1234 4317 dicitnr

87 4357 133 4399 eree
154 4354 326 4418 perrectum»
347 4353 376 4408 S.
389 4353 555 4418 Gregoru.
582 4355 684 4408 Merel.
707 4355 727 4406 l.
747 4354 855 4406 XXIII.
874 4353 958 4420 c.11;
983 4354 1090 4407 XXIX.
1107 4370 1131 4407 c.
1145 4354 1170 4406 1.
1189 4352 1232 4406 (ιι.

87 4429 160 4493 Β-Τι,
171 4441 192 4495 1.
207 4459 235 4512 q.
248 4445 275 4497 4.
288 4459 315 4496 e.
329 4443 356 4497 1.
370 4443 543 4500 Vocabulum
562 4459 692 4510 graecum
708 4450 805 4496 τελιιιι
827 4458 883 4497 non
903 4443 1017 4512 quidem
1031 4445 1145 4512 sectum
1167 4459 1229 4508 eme,
