3394 5056
621 395 659 408 -
680 363 701 425 9
721 395 759 408 -

170 469 320 539 Praeter
330 469 520 538 discrimen
534 467 828 536 manifestationis
837 467 1050 537 extrinsecae
1065 474 1102 536 et
1115 467 1280 537 obiectivi

106 578 275 668 principii
301 574 513 668 cognitionis
529 574 779 644 consideranda
793 580 848 643 est
862 575 967 643 etiam
983 575 1163 644 distinctio
1178 583 1214 645 ct
1229 576 1279 644 di-

107 687 257 755 versitas
282 685 452 776 principii
475 683 656 753 intrinseci
679 683 717 750 in
732 689 845 752 mente
862 691 1100 773 cognoscente.
1118 685 1193 754 Hoc
1205 685 1280 776 ipso

104 793 190 883 quod
213 791 504 882 supernaturalis
526 789 649 858 divine
671 789 841 858 revelatio
872 789 1074 859 manifestat
1109 791 1280 861 obiectum

104 899 305 991 theologiae
321 900 415 983 fidei,
432 899 529 968 istud
542 899 724 981 obiectum,
744 903 785 966 ut
799 897 897 966 modo
913 897 981 966 sibi
995 921 1147 988 congruo
1158 923 1281 990 cogno·

105 1015 245 1092 scetur,
274 1009 431 1076 refertur
453 1005 498 1074 ad
520 1005 737 1074 intellectum
761 1003 987 1072 informatum
1010 1005 1200 1076 intrinseco
1226 1007 1280 1076 1ιι-

106 1115 192 1184 mine
215 1114 317 1202 fidei3
344 1119 381 1182 et
410 1111 553 1204 proinde
588 1112 690 1180 fidem
721 1111 1020 1201 supernaturalem
1045 1114 1210 1204 supponit
1236 1115 1280 1183 ad

106 1245 300 1312 congruam
323 1222 380 1291 sui
404 1223 649 1312 cognitionem:
675 1221 845 1290 obiectum
863 1245 945 1291 vero
960 1221 1156 1311 theologiae
1178 1228 1280 1292 natu·

107 1331 201 1416 ralis,
229 1331 327 1423 quod
343 1331 503 1400 naturali
525 1329 805 1398 manifestatione
821 1329 1022 1414 innotescit,
1044 1353 1105 1418 per
1122 1352 1157 1398 se
1173 1333 1280 1400 refer·

107 1443 164 1505 tur
175 1437 220 1506 ad
233 1437 459 1506 intellectum
472 1437 628 1505 naturali
639 1441 776 1506 tantum
787 1436 918 1504 lumine
930 1437 1154 1506 instructum.
1169 1438 1280 1508 Adeo·

109 1566 169 1632 quc
183 1545 425 1614 subiectivum
438 1545 648 1634 principium
661 1566 870 1633 cognoscens
882 1543 920 1610 in
934 1543 1111 1633 theologia
1125 1546 1281 1614 naturali

110 1673 166 1740 per
187 1676 225 1722 se
249 1660 311 1723 est
334 1654 425 1722 ratio
449 1653 601 1721 humane
621 1652 754 1720 lumine
778 1673 841 1720 suo
863 1651 1032 1738 naturali;
1051 1651 1088 1719 in
1103 1653 1281 1743 theologie

109 1759 184 1828 fidei
207 1761 425 1851 principium
449 1761 680 1830 subiectivnm
704 1782 913 1850 cognoscens
936 1765 991 1827 est
1020 1761 1159 1851 quidem
1189 1762 1281 1830 ratio

111 1865 282 1953 humana,
303 1870 363 1938 sed
386 1870 564 1938 instructa
585 1876 622 1938 ct
644 1867 767 1938 adiuta
799 1868 989 1936 intrinseco
1019 1868 1281 1957 supernaturali

111 1973 236 2046 lumine
253 1975 353 2061 fidei,
372 1983 414 2046 ut
437 1977 615 2067 theologia
630 1977 679 2046 eit
698 2000 760 2046 suo
783 1976 925 2066 proprio
948 1976 1080 2045 obiecto
1105 1983 1279 2045 consenta-

112 2105 180 2168 nea,
197 2086 298 2155 sicut
320 2091 470 2176 oportet.
496 2086 547 2153 De
570 2087 635 2154 hac
649 2107 687 2153 re
709 2084 910 2175 paulopost
933 2083 1046 2152 adhuc
1069 2083 1233 2154 dicemus.

170 2191 372 2283 Utrumque
396 2197 472 2260 tum
495 2191 630 2260 scilicet
646 2192 757 2257 lumen
773 2191 958 2258 obiecticoe
971 2191 1192 2258 revelationis
1205 2197 1281 2260 tum

113 2297 214 2364 lamen
225 2297 320 2388 fidei
341 2299 547 2366 subiectione
567 2305 744 2389 tamquam
767 2297 1000 2367 necessarium
1016 2298 1225 2388 principium
1238 2301 1281 2369 ad

114 2405 343 2494 cognitionem
366 2404 597 2494 theologicam
621 2405 684 2474 SS.
712 2405 834 2474 Patras
857 2406 1118 2490 commendant,
1145 2407 1281 2498 quando

114 2517 275 2600 repetunt
296 2517 336 2580 et
358 2512 549 2597 inculcant,
574 2513 676 2582 fidem
699 2518 857 2603 oportere
881 2513 1157 2602 praecederent
1179 2513 1281 2582 intel-

114 2615 217 2687 lectus
233 2619 339 2710 sequi
351 2619 474 2710 possit,
491 2627 527 2690 et
539 2621 675 2713 quando
692 2620 871 2711 theologie
885 2621 929 2688 ab
940 2621 991 2688 eie
1008 2619 1140 2690 dicitur
1160 2649 1176 2684 u
1194 2621 1280 2690 fides

114 2747 280 2814 quaerens
295 2726 528 2812 intellectum,
541 2755 557 2790 n
573 2751 675 2819 quarn
690 2727 728 2796 in
740 2727 947 2796 sententiam
963 2727 1214 2796 accommodare
1230 2750 1282 2796 so-

114 2830 304 2904 lentverba
315 2833 520 2924 Scripturas
531 2836 616 2904 Isai.
628 2835 710 2904 VII.
722 2835 755 2902 9.
771 2835 887 2922 (iuxta
901 2835 1042 2920 LXX.):
1065 2834 1158 2902 enisi
1174 2835 1282 2903 oredi-

114 2939 245 3028 deritis,
260 2965 332 3010 non
346 2943 557 3032 intelligetis
568 2973 584 3007 n
596 2944 658 3031 (1).
669 2943 799 3012 Eodem
807 2966 910 3012 sensu
920 2943 987 3011 PP.
999 2943 1112 3028 aiunt,
1122 2964 1179 3010 res
1191 2941 1282 3011 divi·

116 3067 172 3118 nas
182 3051 328 3119 nonnisi
344 3051 452 3119 aDeo
469 3052 545 3142 ipso
558 3052 674 3121 doceri
689 3073 751 3121 nos
769 3074 879 3142 posse,
899 3051 951 3139 (2)
966 3071 1151 3142 veramque
1174 3071 1283 3138 γνωσιν

170 3302 211 3378 (1)
227 3325 241 3352 ι
262 3305 492 3358 Rationebiliter
515 3305 622 3360 dictum
642 3311 686 3360 est
704 3323 722 3359 e
740 3306 894 3374 prophete,
919 3307 978 3360 nisi
1003 3305 1200 3375 credideritis,
1224 3321 1281 3360 non

120 3389 298 3461 intelligetis.
313 3395 368 3447 ilbi
387 3397 486 3462 procul
511 3394 596 3448 dubio
623 3395 762 3452 discrevit
780 3396 849 3449 haec
868 3395 938 3463 duo,
959 3395 1095 3462 deditque
1113 3397 1280 3464 consilinm,

119 3494 166 3551 quc
183 3485 266 3550 prius
285 3483 442 3552 credemus,
455 3487 489 3537 ut
501 3485 531 3537 id
550 3485 626 3552 qnod
644 3486 793 3552 credimus,
812 3485 979 3550 intelligere
991 3487 1147 3540 valeamus.
1159 3485 1282 3540 Proinde

120 3571 148 3620 nt
162 3571 229 3625 ides
249 3572 418 3640 praecedat,
449 3573 663 3627 rationabiliter
683 3577 778 3628 risum
798 3578 843 3626 est
857 3614 865 3628 .
878 3611 885 3627 .
898 3611 927 3626 ..
949 3573 980 3627 si
1000 3578 1094 3626 autem
1113 3576 1169 3626 iam
1187 3575 1282 3628 fidelis

119 3661 251 3715 rationem
270 3667 377 3730 poseat,
392 3667 426 3715 ut
445 3663 519 3730 quod
537 3663 640 3730 credit,
655 3664 814 3730 intelligat,
829 3665 973 3730 capacitas
992 3665 1054 3716 eius
1068 3663 1208 3717 intuenda
1226 3667 1280 3732 eet,

120 3753 147 3800 rt
163 3751 315 3805 secundum
334 3767 396 3806 eam
415 3754 528 3806 ratione
541 3751 655 3806 reddita
676 3757 769 3807 sumet
787 3754 854 3814 fidei
872 3771 948 3821 suae,
971 3757 1106 3821 quantam
1125 3757 1221 3820 potest
1238 3753 1281 3806 in-

119 3839 317 3910 telligentiam
332 3844 467 3896 maiorem
481 3843 506 3896 ei
519 3845 584 3910 plue
596 3843 682 3910 capit,
696 3844 833 3896 minorem
848 3846 873 3897 ai
893 3846 1005 3897 minua:
1021 3843 1086 3898 dum
1100 3848 1196 3896 temen
1215 3857 1281 3910 quo-

120 3940 198 3995 usque
217 3929 255 3983 ad
274 3931 486 3998 plenitudinem
501 3933 673 3996 cognitionis
687 3933 943 4002 perfectionemque
957 3934 1117 4002 perveniet,
1130 3932 1283 3986 abitinere

120 4014 176 4070 idei
187 4036 247 4073 non
259 4020 396 4074 recedet»
408 4021 438 4076 S.
448 4021 521 4088 Aug.
533 4023 569 4076 ad
581 4022 714 4079 consent.
726 4039 771 4092 ep.
784 4024 845 4077 120.
857 4039 886 4078 n.
901 4025 930 4080 3.
941 4025 968 4077 4.
986 4023 1116 4078 Glemona
1132 4022 1217 4076 Alex.
1231 4021 1284 4074 un·

121 4104 182 4176 den,
196 4112 250 4178 ait,
265 4114 324 4164 tem
337 4127 400 4164 esse
415 4113 607 4192 necessariam⁸
617 4113 749 4180 theologo
771 4111 828 4186 (τῳ
841 4135 972 4183 procusa
982 4109 1004 4184 )‚
1026 4129 1110 4180 quem
1129 4113 1283 4180 respiratio

122 4201 271 4252 nemmem
290 4203 335 4252 cst
356 4199 503 4253 advitam
523 4202 566 4268 ei,
588 4202 637 4268 qni
657 4201 738 4267 degit
759 4202 790 4254 ln
811 4203 863 4256 lrcc
889 4201 1005 4268 mundo;
1033 4202 1200 4256 sicutenim
1220 4202 1282 4254 siue

123 4293 232 4350 quatuor
251 4289 405 4342 clementie
418 4290 517 4342 vivere
535 4305 592 4342 non
610 4306 769 4358 possumus,
784 4291 828 4344 ita
841 4307 892 4344 nec
911 4291 972 4344 sine
990 4289 1044 4343 flde
1064 4293 1160 4358 puteat
1178 4289 1283 4342 theolo-

124 4372 177 4436 gice
193 4378 319 4446 cognitio
333 4378 441 4444 saquis
457 4379 478 4430 l.
490 4379 529 4431 H.
541 4378 644 4434 Strom.
658 4395 686 4448 p.
701 4379 765 4432 373.
780 4379 850 4432 edit.
868 4379 947 4434 1641.

174 4463 215 4540 (3)
234 4466 288 4521 «A
306 4468 366 4522 Dec
387 4465 551 4522 discendum
571 4471 631 4536 eet,
652 4467 721 4536 qnid
748 4467 782 4520 de
806 4468 864 4521 Deo
889 4465 1112 4535 intelligendum
1136 4466 1189 4534 sit,
1214 4467 1283 4534 quia
