3224 5068
894 369 933 382 -
954 337 1014 398 344
1036 367 1073 381 ..

466 436 510 508 1·.
538 437 716 531 Quidquid
740 440 867 532 incipit
889 443 1061 527 existere,
1085 445 1121 510 et
1145 438 1316 532 quidquid
1346 437 1471 507 existit
1492 457 1563 504 cnm

395 555 548 634 tempore
570 547 666 615 etin
689 554 853 639 tempore,
878 548 1074 618 necessario
1097 547 1262 618 coexistit
1282 545 1490 616 aeternitati
1509 565 1564 612 sen

395 652 575 722 durationi
599 661 759 725 aeternae
782 656 868 740 Dei,
894 678 982 748 quae
1008 655 1099 724 nihil
1129 661 1184 724 eet
1206 655 1305 724 eliud
1328 675 1433 747 quam
1456 655 1564 744 ipsum

394 759 485 828 ane
506 761 685 849 divinum,
711 769 884 856 quatenus
906 770 1019 834 totum
1043 763 1149 832 simul
1171 761 1441 832 immutabiliter
1460 769 1497 830 et
1517 761 1563 828 in·

393 867 664 938 terminabiliter
687 892 902 961 permanens.
934 870 1106 940 Coexistit
1135 875 1253 938 antem
1279 891 1335 938 res
1357 868 1564 957 temporarie

395 976 583 1043 secundum
596 997 693 1044 suam
706 980 925 1045 existentiam
937 979 976 1042 in
987 992 1067 1044 actu
1079 983 1235 1068 spectata
1244 975 1314 1066 ipsi
1324 976 1415 1044 Esse
1427 983 1563 1044 aeterno

393 1081 470 1149 sive
492 1083 673 1152 durationi
688 1091 850 1154 aeternae
861 1085 927 1154 Dei
942 1107 1005 1176 pro
1019 1107 1059 1154 eo
1073 1089 1213 1154 tantum
1228 1092 1393 1174 tempore,
1408 1106 1477 1175 quo
1493 1083 1563 1172 ipso

391 1193 602 1282 temporaria
623 1195 813 1262 existentia
835 1194 953 1282 durat;
978 1203 1120 1264 atvero
1143 1195 1308 1264 coexistit
1329 1217 1386 1263 ree
1410 1193 1469 1263 vel
1491 1214 1561 1282 per-

392 1307 570 1369 manenter
594 1300 651 1370 vel
673 1301 880 1387 successive,
906 1306 1011 1393 prout
1033 1303 1070 1371 in
1093 1325 1129 1372 se
1153 1303 1371 1372 durationem
1387 1301 1495 1370 habet
1510 1297 1561 1366 vei

390 1413 646 1496 permanentem
659 1409 716 1478 vel
727 1409 970 1480 successivam.
986 1409 1194 1480 Successiva
1208 1409 1374 1478 nimirum
1384 1415 1441 1478 est
1454 1406 1560 1477 coexi-

390 1516 521 1584 stentia
543 1539 613 1585 non
636 1518 737 1610 quasi
760 1519 934 1588 successio
957 1525 1048 1590 esset
1063 1520 1100 1588 in
1115 1519 1193 1609 ipsa
1208 1519 1392 1588 duratione
1408 1523 1556 1600 aeterna,

390 1623 460 1696 sed,
473 1629 646 1714 quatenus
662 1627 833 1695 successio
848 1628 956 1696 estin
973 1627 1122 1697 termino
1138 1626 1362 1711 coexistente,
1377 1625 1478 1695 onius
1494 1623 1558 1690 sin·

388 1728 493 1816 gulae
517 1731 716 1802 durationis
738 1742 857 1824 partes
880 1735 1059 1804 durationi
1082 1741 1243 1804 aeternae
1261 1755 1330 1825 'pro
1351 1757 1391 1802 eo
1414 1739 1556 1822 tempore

388 1835 512 1922 solum,
538 1861 606 1930 quo
628 1847 712 1910 actu
734 1847 830 1925 sunt,
857 1842 1056 1910 coexistunt
1078 1841 1116 1910 in
1139 1843 1304 1910 realitate
1320 1841 1464 1910 actuali.
1489 1835 1555 1927 Igi-

387 1947 448 2011 tur
470 1942 535 2014 hae
558 1945 691 2014 actuali
714 1947 879 2017 realitate
902 1955 1078 2038 spectata,
1104 1969 1192 2041 quae
1217 1973 1308 2015 nunc
1330 1954 1425 2032 eunt,
1450 1944 1554 2016 coexi-
1604 2009 1605 2038 ,

387 2055 487 2119 stunt
508 2053 713 2120 aeternitati
737 2053 820 2142 Dei;
847 2075 935 2147 quae
953 2059 1212 2144 praeterieram
1234 2061 1272 2126 et
1293 2077 1363 2123 non
1386 2059 1468 2124 sunt
1489 2073 1551 2119 em·
1604 2055 1605 2126 i

384 2157 492 2248 plius,
511 2161 748 2232 coexistebant
769 2171 855 2233 tnnc
872 2164 1010 2255 quando
1025 2171 1138 2250 erant,
1157 2163 1264 2232 eidem
1278 2163 1481 2232 aeternitati
1496 2161 1551 2228 im-

384 2266 566 2354 mutabili;
593 2291 679 2360 qnae
702 2270 855 2340 nondum
878 2281 961 2342 aotu
993 2273 1053 2342 sed
1078 2274 1212 2364 futuru
1234 2279 1342 2356 sunt,
1368 2271 1551 2340 coexistent

383 2371 489 2440 eidem
512 2376 716 2446 aeternitati
739 2385 836 2464 tunc,
855 2380 992 2470 quando
1015 2389 1133 2451 erunt:
1151 2387 1351 2450 nouantem
1367 2377 1550 2470 praeterita

382 2481 445 2550 nni
469 2483 576 2572 parti,
601 2486 804 2574 praesentia
825 2485 951 2572 alteri,
977 2495 1013 2557 et
1036 2489 1162 2558 futura
1184 2489 1314 2558 iterum
1337 2486 1441 2556 alteri
1462 2481 1547 2576 parti

381 2587 580 2660 durationis
595 2599 757 2662 aeternae
773 2595 984 2681 coexistunt,
1002 2619 1080 2664 oum
1096 2601 1214 2686 partes
1230 2593 1422 2664 aeternitas
1436 2591 1548 2660 divine

380 2695 500 2766 nullas
523 2697 663 2768 habeat.
689 2699 729 2768 Si
752 2701 867 2791 igitur
891 2703 1082 2772 aeternitas
1105 2703 1348 2773 consideretur
1370 2698 1545 2771 secundun

380 2825 429 2888 se,
455 2811 492 2874 et
514 2811 556 2874 nt
578 2813 633 2875 est
655 2807 744 2874 Esse
766 2831 983 2898 permanens,
1010 2811 1156 2904 quaevis
1178 2833 1236 2880 ree
1258 2807 1467 2900 temporarie
1490 2803 1544 2872 ali·

380 2911 517 3003 quando
540 2913 696 2982 existens
719 2915 884 2985 eoexistit
907 2919 974 2984 toti
995 2917 1199 2988 aeternitati
1207 2941 1216 3004 ς
1242 2917 1274 2986 si
1298 2938 1382 2986 vero
1405 2911 1545 2984 conside·

378 3027 502 3089 rentur
518 3020 721 3092 durationes
737 3025 919 3113 possibiles
935 3026 1166 3111 successivae,
1185 3047 1273 3119 quae
1288 3031 1431 3116 possent
1450 3021 1543 3091 maio

378 3149 435 3196 res
458 3149 499 3197 ao
525 3129 673 3200 maiores
696 3131 733 3198 in
749 3132 971 3203 indefinitum
986 3134 1191 3204 aeternitati
1206 3134 1410 3219 coexistere,
1427 3139 1542 3202 etcum

378 3230 437 3302 his
459 3235 685 3325 possibilibus
701 3239 949 3310 durationibus
964 3243 1165 3310 conferatur
1176 3241 1331 3311 actualis
1347 3240 1485 3310 duratio
1499 3235 1542 3305 rei

377 3343 628 3431 temporariae,
655 3345 706 3414 sic
729 3345 815 3416 haec
838 3346 980 3416 duratio
1003 3347 1217 3438 temporaria
1242 3347 1376 3417 dicitnr
1398 3371 1464 3414 nce
1486 3345 1542 3410 toti

377 3449 584 3518 aeternitati
607 3453 808 3524 coexistere.
836 3453 934 3537 Quae
956 3455 1124 3525 universa
1145 3455 1239 3524 ratio
1262 3453 1472 3525 coexistendi
1493 3473 1540 3520 ex·

377 3555 483 3644 primi
505 3565 622 3647 potest
643 3559 708 3630 hac
731 3561 895 3631 formula:
914 3562 1126 3653 temporaria
1142 3562 1258 3631 omnia
1272 3562 1472 3632 coexistunt
1486 3559 1540 3626 toti

377 3665 582 3735 aeternitati
605 3667 690 3752 Dei,
716 3669 868 3738 sednon
892 3671 1062 3739 totaliter.

442 3773 489 3842 2⁰.
517 3775 556 3844 Si
580 3781 757 3866 spectetur
781 3801 847 3846 esee
869 3787 1025 3848 creatum
1048 3785 1084 3848 et
1098 3778 1362 3869 temporarium,
1381 3781 1539 3870 qnatenus
1602 3807 1603 3878 3

376 3880 496 3950 subest
518 3885 683 3950 scientiae
706 3899 738 3950 et
761 3887 890 3952 visioni
920 3887 1083 3971 divinae,
1109 3887 1195 3956 haec
1226 3909 1309 3956 eane
1339 3885 1486 3955 scientia
1507 3901 1539 3950 eo
1602 3897 1603 3902 ’

376 3986 463 4076 ipso,
490 3991 582 4081 quod
605 4000 660 4061 est
682 3998 825 4060 aeterna
847 3999 883 4062 et
897 3995 989 4063 citra
1006 4016 1137 4064 omnem
1154 3995 1418 4078 successionem,
1436 3991 1539 4062 eodem

376 4116 508 4185 semper
531 4099 630 4167 modo
653 4122 689 4168 se
713 4099 838 4186 habet,
865 4101 941 4171 sive
964 4109 1119 4170 creatum
1147 4125 1215 4170 esee
1245 4102 1294 4170 sit
1315 4101 1432 4171 adhuc
1454 4100 1487 4166 in
1507 4117 1537 4164 se

376 4201 550 4288 futurum,
577 4205 652 4276 sive
674 4208 744 4275 iam
767 4209 804 4277 in
829 4215 922 4294 actu,
949 4209 1024 4279 sive
1047 4211 1291 4300 praeteritum.
1313 4210 1383 4278 Pro
1400 4227 1534 4298 unoquo

375 4331 442 4400 que
465 4333 548 4401 ergo
571 4335 634 4382 suo
658 4321 755 4384 statu
786 4317 829 4384 ab
852 4323 992 4386 aeterno
1015 4324 1051 4387 et
1074 4317 1148 4388 sine
1171 4317 1367 4386 mutatione
1389 4331 1532 4408 praesent

374 4420 430 4484 est
452 4417 630 4489 volantati
647 4420 704 4490 vel
719 4421 917 4514 disponenti
935 4423 993 4494 vel
1007 4425 1239 4516 permittenti,
1264 4431 1301 4495 et
1316 4423 1476 4495 scientiae
1489 4417 1529 4486 di·
