<?xml version="1.0" encoding="UTF-8"?>
<!DOCTYPE html PUBLIC "-//W3C//DTD XHTML 1.0 Transitional//EN"
    "http://www.w3.org/TR/xhtml1/DTD/xhtml1-transitional.dtd">
<html xmlns="http://www.w3.org/1999/xhtml" xml:lang="en" lang="en">
 <head>
  <title>
</title>
<meta http-equiv="Content-Type" content="text/html;charset=utf-8" />
  <meta name='ocr-system' content='tesseract 3.04.00' />
  <meta name='ocr-capabilities' content='ocr_page ocr_carea ocr_par ocr_line ocrx_word'/>
</head>
<body>
  <div class='ocr_page' id='page_1' title='image "./ioannisbaptfran01frangoog_0496.png"; bbox 0 0 3262 5076; ppageno 0'>
   <div class='ocr_carea' id='block_1_1' title="bbox 38 367 1222 4088">
    <p class='ocr_par' dir='ltr' id='par_1_1' title="bbox 41 367 1201 988">
     <span class='ocr_line' id='line_1_1' title="bbox 523 367 701 428; baseline 0.011 -3"><span class='ocrx_word' id='word_1_1' title='bbox 523 397 560 412; x_wconf 89' lang='lat'>-</span> <span class='ocrx_word' id='word_1_2' title='bbox 583 367 643 428; x_wconf 85' lang='grc'><strong>479</strong></span> <span class='ocrx_word' id='word_1_3' title='bbox 664 397 701 413; x_wconf 88' lang='grc'>-</span> 
     </span>
     <span class='ocr_line' id='line_1_2' title="bbox 46 469 1201 547; baseline -0.001 -9"><span class='ocrx_word' id='word_1_4' title='bbox 46 470 184 541; x_wconf 80' lang='lat' dir='ltr'><strong>volentes</strong></span> <span class='ocrx_word' id='word_1_5' title='bbox 207 475 333 542; x_wconf 83' lang='lat' dir='ltr'><strong>facere.</strong></span> <span class='ocrx_word' id='word_1_6' title='bbox 359 470 470 539; x_wconf 83' lang='lat' dir='ltr'><strong>Error</strong></span> <span class='ocrx_word' id='word_1_7' title='bbox 500 471 583 541; x_wconf 89' lang='lat' dir='ltr'><strong>huic</strong></span> <span class='ocrx_word' id='word_1_8' title='bbox 606 473 733 542; x_wconf 87' lang='lat' dir='ltr'><strong>similis</strong></span> <span class='ocrx_word' id='word_1_9' title='bbox 763 476 859 544; x_wconf 87' lang='lat' dir='ltr'><strong>circa</strong></span> <span class='ocrx_word' id='word_1_10' title='bbox 890 471 1106 547; x_wconf 81' lang='lat' dir='ltr'><strong>voluntatem</strong></span> <span class='ocrx_word' id='word_1_11' title='bbox 1136 469 1201 539; x_wconf 90' lang='lat' dir='ltr'><strong>Dei</strong></span> 
     </span>
     <span class='ocr_line' id='line_1_3' title="bbox 44 579 1199 671; baseline 0.001 -27"><span class='ocrx_word' id='word_1_12' title='bbox 44 579 221 648; x_wconf 84' lang='lat' dir='ltr'><strong>salvificam</strong></span> <span class='ocrx_word' id='word_1_13' title='bbox 234 580 444 671; x_wconf 86' lang='lat' dir='ltr'><strong>sequebatur</strong></span> <span class='ocrx_word' id='word_1_14' title='bbox 452 601 493 648; x_wconf 76' lang='lat' dir='ltr'><strong>eu</strong></span> <span class='ocrx_word' id='word_1_15' title='bbox 507 580 692 670; x_wconf 79' lang='lat' dir='ltr'><strong>principiis</strong></span> <span class='ocrx_word' id='word_1_16' title='bbox 704 604 820 650; x_wconf 85' lang='lat' dir='ltr'><strong>eorum</strong></span> <span class='ocrx_word' id='word_1_17' title='bbox 830 580 1199 670; x_wconf 77' lang='lat' dir='ltr'><strong>semipelagianorum,</strong></span> 
     </span>
     <span class='ocr_line' id='line_1_4' title="bbox 42 685 1200 777; baseline -0.002 -23"><span class='ocrx_word' id='word_1_18' title='bbox 42 687 91 777; x_wconf 90' lang='lat' dir='ltr'><strong>qui</strong></span> <span class='ocrx_word' id='word_1_19' title='bbox 102 689 219 754; x_wconf 86' lang='lat' dir='ltr'><strong>bonam</strong></span> <span class='ocrx_word' id='word_1_20' title='bbox 233 685 450 756; x_wconf 88' lang='lat' dir='ltr'><strong>voluntatem</strong></span> <span class='ocrx_word' id='word_1_21' title='bbox 466 685 651 754; x_wconf 82' lang='lat' dir='ltr'><strong>humanam</strong></span> <span class='ocrx_word' id='word_1_22' title='bbox 668 687 861 756; x_wconf 88' lang='lat' dir='ltr'><strong>necessario</strong></span> <span class='ocrx_word' id='word_1_23' title='bbox 878 686 1083 776; x_wconf 87' lang='lat' dir='ltr'><strong>praecedere</strong></span> <span class='ocrx_word' id='word_1_24' title='bbox 1101 691 1200 775; x_wconf 87' lang='lat' dir='ltr'><strong>puta·</strong></span> 
     </span>
     <span class='ocr_line' id='line_1_5' title="bbox 43 791 1198 882; baseline -0.002 -24"><span class='ocrx_word' id='word_1_25' title='bbox 43 795 120 876; x_wconf 87' lang='lat' dir='ltr'><strong>baut,</strong></span> <span class='ocrx_word' id='word_1_26' title='bbox 138 800 180 861; x_wconf 88' lang='lat' dir='ltr'><strong>ut</strong></span> <span class='ocrx_word' id='word_1_27' title='bbox 196 792 315 882; x_wconf 90' lang='lat' dir='ltr'><strong>gratia</strong></span> <span class='ocrx_word' id='word_1_28' title='bbox 332 791 443 882; x_wconf 83' lang='lat' dir='ltr'><strong>possit</strong></span> <span class='ocrx_word' id='word_1_29' title='bbox 456 791 756 862; x_wconf 84' lang='lat' dir='ltr'><strong>subinferri.Vide</strong></span> <span class='ocrx_word' id='word_1_30' title='bbox 769 793 805 861; x_wconf 88' lang='lat' dir='ltr'><strong>S.</strong></span> <span class='ocrx_word' id='word_1_31' title='bbox 820 793 988 881; x_wconf 85' lang='lat' dir='ltr'><strong>Fulgent.</strong></span> <span class='ocrx_word' id='word_1_32' title='bbox 1003 792 1045 859; x_wconf 91' lang='lat' dir='ltr'><strong>de</strong></span> <span class='ocrx_word' id='word_1_33' title='bbox 1057 791 1198 859; x_wconf 88' lang='lat' dir='ltr'><strong>Incarn.</strong></span> 
     </span>
     <span class='ocr_line' id='line_1_6' title="bbox 41 899 683 988; baseline 0.003 -22"><span class='ocrx_word' id='word_1_34' title='bbox 41 907 68 966; x_wconf 89' lang='lat' dir='ltr'><strong>et</strong></span> <span class='ocrx_word' id='word_1_35' title='bbox 86 899 204 988; x_wconf 87' lang='lat' dir='ltr'><strong>gratie</strong></span> <span class='ocrx_word' id='word_1_36' title='bbox 226 900 270 968; x_wconf 89' lang='lat' dir='ltr'><strong>ad</strong></span> <span class='ocrx_word' id='word_1_37' title='bbox 294 900 436 968; x_wconf 90' lang='lat' dir='ltr'><strong>Petrum</strong></span> <span class='ocrx_word' id='word_1_38' title='bbox 461 899 551 968; x_wconf 85' lang='lat' dir='ltr'><strong>diac.</strong></span> <span class='ocrx_word' id='word_1_39' title='bbox 573 921 608 967; x_wconf 91' lang='lat' dir='ltr'><strong>n.</strong></span> <span class='ocrx_word' id='word_1_40' title='bbox 627 901 683 968; x_wconf 80' lang='lat'><strong>56.</strong></span> 
     </span>
    </p>

    <p class='ocr_par' dir='ltr' id='par_1_2' title="bbox 38 1003 1222 4088">
     <span class='ocr_line' id='line_1_7' title="bbox 93 1003 1222 1102; baseline -0.002 -28"><span class='ocrx_word' id='word_1_41' title='bbox 93 1005 132 1074; x_wconf 89' lang='lat' dir='ltr'><strong>In</strong></span> <span class='ocrx_word' id='word_1_42' title='bbox 155 1007 293 1077; x_wconf 89' lang='lat' dir='ltr'><strong>directa</strong></span> <span class='ocrx_word' id='word_1_43' title='bbox 315 1003 532 1097; x_wconf 84' lang='lat' dir='ltr'><strong>oppositione</strong></span> <span class='ocrx_word' id='word_1_44' title='bbox 547 1007 718 1076; x_wconf 83' lang='lat' dir='ltr'><strong>adversus</strong></span> <span class='ocrx_word' id='word_1_45' title='bbox 733 1007 796 1076; x_wconf 92' lang='lat' dir='ltr'><strong>hos</strong></span> <span class='ocrx_word' id='word_1_46' title='bbox 812 1029 947 1076; x_wconf 87' lang='lat' dir='ltr'><strong>errores</strong></span> <span class='ocrx_word' id='word_1_47' title='bbox 975 1005 1201 1095; x_wconf 85' lang='lat' dir='ltr'><strong>Augustinus</strong></span> <span class='ocrx_word' id='word_1_48' title='bbox 1219 1093 1222 1102; x_wconf 27' lang='grc' dir='ltr'>Ι</span> 
     </span>
     <span class='ocr_line' id='line_1_8' title="bbox 39 1113 1201 1204; baseline 0 -24"><span class='ocrx_word' id='word_1_49' title='bbox 39 1113 151 1181; x_wconf 80' lang='lat' dir='ltr'><strong>mauis</strong></span> <span class='ocrx_word' id='word_1_50' title='bbox 168 1127 291 1183; x_wconf 86' lang='lat' dir='ltr'><strong>contra</strong></span> <span class='ocrx_word' id='word_1_51' title='bbox 313 1113 522 1202; x_wconf 79' lang='lat' dir='ltr'><strong>Pelagianos</strong></span> <span class='ocrx_word' id='word_1_52' title='bbox 536 1121 573 1182; x_wconf 91' lang='lat' dir='ltr'><strong>et</strong></span> <span class='ocrx_word' id='word_1_53' title='bbox 588 1113 886 1204; x_wconf 71' lang='lat' dir='ltr'><strong>semipelagianos</strong></span> <span class='ocrx_word' id='word_1_54' title='bbox 901 1113 1201 1204; x_wconf 80' lang='lat' dir='ltr'><strong>disputationibus</strong></span> 
     </span>
     <span class='ocr_line' id='line_1_9' title="bbox 39 1217 1200 1306; baseline 0.001 -21"><span class='ocrx_word' id='word_1_55' title='bbox 39 1219 217 1288; x_wconf 83' lang='lat' dir='ltr'><strong>doctrinam</strong></span> <span class='ocrx_word' id='word_1_56' title='bbox 242 1219 448 1290; x_wconf 77' lang='lat' dir='ltr'><strong>catholicam</strong></span> <span class='ocrx_word' id='word_1_57' title='bbox 473 1219 700 1306; x_wconf 78' lang='lat' dir='ltr'><strong>defendebat;</strong></span> <span class='ocrx_word' id='word_1_58' title='bbox 728 1219 818 1288; x_wconf 89' lang='lat' dir='ltr'><strong>unde</strong></span> <span class='ocrx_word' id='word_1_59' title='bbox 844 1219 949 1288; x_wconf 90' lang='lat' dir='ltr'><strong>etiarn</strong></span> <span class='ocrx_word' id='word_1_60' title='bbox 973 1219 1049 1288; x_wconf 86' lang='lat' dir='ltr'><strong>eins</strong></span> <span class='ocrx_word' id='word_1_61' title='bbox 1081 1217 1200 1286; x_wconf 87' lang='lat' dir='ltr'><strong>modus</strong></span> 
     </span>
     <span class='ocr_line' id='line_1_10' title="bbox 39 1325 1199 1418; baseline -0.002 -24"><span class='ocrx_word' id='word_1_62' title='bbox 39 1326 268 1395; x_wconf 87' lang='lat' dir='ltr'><strong>considerandi</strong></span> <span class='ocrx_word' id='word_1_63' title='bbox 291 1333 328 1394; x_wconf 89' lang='lat' dir='ltr'><strong>et</strong></span> <span class='ocrx_word' id='word_1_64' title='bbox 349 1325 513 1418; x_wconf 90' lang='lat' dir='ltr'><strong>loquendi</strong></span> <span class='ocrx_word' id='word_1_65' title='bbox 538 1325 605 1393; x_wconf 84' lang='lat' dir='ltr'><strong>rite</strong></span> <span class='ocrx_word' id='word_1_66' title='bbox 629 1325 786 1415; x_wconf 83' lang='lat' dir='ltr'><strong>intelligi</strong></span> <span class='ocrx_word' id='word_1_67' title='bbox 810 1326 943 1417; x_wconf 88' lang='lat' dir='ltr'><strong>nequit,</strong></span> <span class='ocrx_word' id='word_1_68' title='bbox 969 1325 1039 1394; x_wconf 89' lang='lat' dir='ltr'><strong>nisi</strong></span> <span class='ocrx_word' id='word_1_69' title='bbox 1066 1325 1199 1394; x_wconf 91' lang='lat' dir='ltr'><strong>indoles</strong></span> 
     </span>
     <span class='ocr_line' id='line_1_11' title="bbox 38 1416 1198 1523; baseline -0.002 -23"><span class='ocrx_word' id='word_1_70' title='bbox 38 1455 178 1502; x_wconf 83' lang='lat' dir='ltr'><strong>errorum</strong></span> <span class='ocrx_word' id='word_1_71' title='bbox 204 1433 459 1504; x_wconf 86' lang='lat' dir='ltr'><strong>contrariorum</strong></span> <span class='ocrx_word' id='word_1_72' title='bbox 477 1433 514 1501; x_wconf 92' lang='lat' dir='ltr'><strong>in</strong></span> <span class='ocrx_word' id='word_1_73' title='bbox 538 1433 800 1523; x_wconf 87' lang='lat' dir='ltr'><strong>interpetrando</strong></span> <span class='ocrx_word' id='word_1_74' title='bbox 823 1416 1033 1522; x_wconf 82' lang='lat' dir='ltr'><strong>Augustino</strong></span> <span class='ocrx_word' id='word_1_75' title='bbox 1050 1432 1198 1521; x_wconf 89' lang='lat' dir='ltr'><strong>diligen·</strong></span> 
     </span>
     <span class='ocr_line' id='line_1_12' title="bbox 39 1540 1197 1630; baseline 0.002 -24"><span class='ocrx_word' id='word_1_76' title='bbox 39 1541 157 1611; x_wconf 78' lang='lat' dir='ltr'><strong>tissime</strong></span> <span class='ocrx_word' id='word_1_77' title='bbox 181 1544 224 1611; x_wconf 91' lang='lat' dir='ltr'><strong>ob</strong></span> <span class='ocrx_word' id='word_1_78' title='bbox 248 1543 365 1611; x_wconf 85' lang='lat' dir='ltr'><strong>oculos</strong></span> <span class='ocrx_word' id='word_1_79' title='bbox 387 1549 562 1611; x_wconf 89' lang='lat' dir='ltr'><strong>teneatur.</strong></span> <span class='ocrx_word' id='word_1_80' title='bbox 582 1541 682 1624; x_wconf 77' lang='lat' dir='ltr'><strong>Quod</strong></span> <span class='ocrx_word' id='word_1_81' title='bbox 703 1541 746 1609; x_wconf 89' lang='lat' dir='ltr'><strong>ad</strong></span> <span class='ocrx_word' id='word_1_82' title='bbox 771 1563 935 1630; x_wconf 79' lang='lat' dir='ltr'><strong>praesens</strong></span> <span class='ocrx_word' id='word_1_83' title='bbox 959 1540 1121 1630; x_wconf 85' lang='lat' dir='ltr'><strong>pertinet,</strong></span> <span class='ocrx_word' id='word_1_84' title='bbox 1141 1540 1197 1608; x_wconf 89' lang='lat' dir='ltr'><strong>do·</strong></span> 
     </span>
     <span class='ocr_line' id='line_1_13' title="bbox 40 1647 1198 1739; baseline 0.002 -24"><span class='ocrx_word' id='word_1_85' title='bbox 40 1648 343 1739; x_wconf 88' lang='lat' dir='ltr'><strong>ctrinaPelagiana</strong></span> <span class='ocrx_word' id='word_1_86' title='bbox 361 1649 565 1738; x_wconf 80' lang='lat' dir='ltr'><strong>Augustino</strong></span> <span class='ocrx_word' id='word_1_87' title='bbox 584 1647 797 1717; x_wconf 85' lang='lat' dir='ltr'><strong>occasionem</strong></span> <span class='ocrx_word' id='word_1_88' title='bbox 810 1649 972 1739; x_wconf 89' lang='lat' dir='ltr'><strong>praebuit</strong></span> <span class='ocrx_word' id='word_1_89' title='bbox 984 1647 1198 1716; x_wconf 87' lang='lat' dir='ltr'><strong>voluntatem</strong></span> 
     </span>
     <span class='ocr_line' id='line_1_14' title="bbox 39 1751 1198 1844; baseline -0.002 -23"><span class='ocrx_word' id='word_1_90' title='bbox 39 1755 90 1823; x_wconf 90' lang='lat' dir='ltr'><strong>Dei</strong></span> <span class='ocrx_word' id='word_1_91' title='bbox 105 1755 410 1825; x_wconf 86' lang='lat' dir='ltr'><strong>sanctificatricem</strong></span> <span class='ocrx_word' id='word_1_92' title='bbox 425 1755 667 1824; x_wconf 88' lang='lat' dir='ltr'><strong>considerandi</strong></span> <span class='ocrx_word' id='word_1_93' title='bbox 684 1775 767 1844; x_wconf 90' lang='lat' dir='ltr'><strong>prae</strong></span> <span class='ocrx_word' id='word_1_94' title='bbox 785 1767 858 1820; x_wconf 84' lang='lat' dir='ltr'><strong>tcta</strong></span> <span class='ocrx_word' id='word_1_95' title='bbox 874 1751 1104 1844; x_wconf 80' lang='lat' dir='ltr'><strong>amplitudine</strong></span> <span class='ocrx_word' id='word_1_96' title='bbox 1118 1778 1198 1843; x_wconf 76' lang='lat' dir='ltr'><strong>pru·</strong></span> 
     </span>
     <span class='ocr_line' id='line_1_15' title="bbox 41 1861 1199 1954; baseline 0.004 -28"><span class='ocrx_word' id='word_1_97' title='bbox 41 1864 151 1930; x_wconf 81' lang='lat' dir='ltr'><strong>liuram</strong></span> <span class='ocrx_word' id='word_1_98' title='bbox 165 1880 199 1930; x_wconf 80' lang='lat' dir='ltr'><strong>et</strong></span> <span class='ocrx_word' id='word_1_99' title='bbox 216 1863 444 1942; x_wconf 64' lang='lat' dir='ltr'><strong>auxiliorum,</strong></span> <span class='ocrx_word' id='word_1_100' title='bbox 462 1887 551 1954; x_wconf 82' lang='lat' dir='ltr'><strong>quae</strong></span> <span class='ocrx_word' id='word_1_101' title='bbox 566 1867 638 1931; x_wconf 84' lang='lat' dir='ltr'><strong>eiua</strong></span> <span class='ocrx_word' id='word_1_102' title='bbox 655 1866 923 1953; x_wconf 77' lang='lat' dir='ltr'><strong>omnipotentiae</strong></span> <span class='ocrx_word' id='word_1_103' title='bbox 938 1861 1092 1929; x_wconf 76' lang='lat' dir='ltr'><strong>suberunt.</strong></span> <span class='ocrx_word' id='word_1_104' title='bbox 1111 1863 1199 1931; x_wconf 87' lang='lat' dir='ltr'><strong>Prae</strong></span> 
     </span>
     <span class='ocr_line' id='line_1_16' title="bbox 39 1969 1198 2064; baseline 0.001 -27"><span class='ocrx_word' id='word_1_105' title='bbox 39 1971 91 2040; x_wconf 87' lang='lat' dir='ltr'><strong>hac</strong></span> <span class='ocrx_word' id='word_1_106' title='bbox 101 1973 355 2064; x_wconf 88' lang='lat' dir='ltr'><strong>omnipotentia</strong></span> <span class='ocrx_word' id='word_1_107' title='bbox 369 1973 441 2041; x_wconf 91' lang='lat' dir='ltr'><strong>Deo</strong></span> <span class='ocrx_word' id='word_1_108' title='bbox 453 1995 639 2064; x_wconf 89' lang='lat' dir='ltr'><strong>numquam</strong></span> <span class='ocrx_word' id='word_1_109' title='bbox 656 1971 754 2040; x_wconf 85' lang='lat' dir='ltr'><strong>deest</strong></span> <span class='ocrx_word' id='word_1_110' title='bbox 771 1969 902 2056; x_wconf 88' lang='lat' dir='ltr'><strong>modus,</strong></span> <span class='ocrx_word' id='word_1_111' title='bbox 918 1993 984 2060; x_wconf 91' lang='lat' dir='ltr'><strong>quo</strong></span> <span class='ocrx_word' id='word_1_112' title='bbox 997 1993 1056 2039; x_wconf 88' lang='lat' dir='ltr'><strong>cor</strong></span> <span class='ocrx_word' id='word_1_113' title='bbox 1071 1970 1198 2038; x_wconf 89' lang='lat' dir='ltr'><strong>durum</strong></span> 
     </span>
     <span class='ocr_line' id='line_1_17' title="bbox 40 2077 1198 2170; baseline -0.001 -24"><span class='ocrx_word' id='word_1_114' title='bbox 40 2079 236 2167; x_wconf 79' lang='lat' dir='ltr'><strong>emolliatur3</strong></span> <span class='ocrx_word' id='word_1_115' title='bbox 255 2103 324 2170; x_wconf 91' lang='lat' dir='ltr'><strong>quo</strong></span> <span class='ocrx_word' id='word_1_116' title='bbox 351 2078 543 2148; x_wconf 85' lang='lat' dir='ltr'><strong>suadeatur</strong></span> <span class='ocrx_word' id='word_1_117' title='bbox 559 2079 623 2163; x_wconf 87' lang='lat' dir='ltr'><strong>ita,</strong></span> <span class='ocrx_word' id='word_1_118' title='bbox 642 2085 683 2147; x_wconf 92' lang='lat' dir='ltr'><strong>ut</strong></span> <span class='ocrx_word' id='word_1_119' title='bbox 698 2077 829 2146; x_wconf 89' lang='lat' dir='ltr'><strong>homiui</strong></span> <span class='ocrx_word' id='word_1_120' title='bbox 845 2077 1112 2167; x_wconf 88' lang='lat' dir='ltr'><strong>persuadeatur;</strong></span> <span class='ocrx_word' id='word_1_121' title='bbox 1131 2101 1198 2169; x_wconf 92' lang='lat' dir='ltr'><strong>qno</strong></span> 
     </span>
     <span class='ocr_line' id='line_1_18' title="bbox 39 2181 1196 2274; baseline 0 -24"><span class='ocrx_word' id='word_1_122' title='bbox 39 2183 81 2250; x_wconf 88' lang='lat' dir='ltr'><strong>ita</strong></span> <span class='ocrx_word' id='word_1_123' title='bbox 101 2192 210 2270; x_wconf 83' lang='lat' dir='ltr'><strong>vocet,</strong></span> <span class='ocrx_word' id='word_1_124' title='bbox 230 2189 273 2253; x_wconf 89' lang='lat' dir='ltr'><strong>nt</strong></span> <span class='ocrx_word' id='word_1_125' title='bbox 294 2185 395 2254; x_wconf 88' lang='lat' dir='ltr'><strong>homo</strong></span> <span class='ocrx_word' id='word_1_126' title='bbox 411 2193 590 2254; x_wconf 89' lang='lat' dir='ltr'><strong>vocantem</strong></span> <span class='ocrx_word' id='word_1_127' title='bbox 618 2207 687 2252; x_wconf 91' lang='lat' dir='ltr'><strong>non</strong></span> <span class='ocrx_word' id='word_1_128' title='bbox 703 2190 860 2274; x_wconf 84' lang='lat' dir='ltr'><strong>respuat.</strong></span> <span class='ocrx_word' id='word_1_129' title='bbox 882 2213 898 2247; x_wconf 78' lang='lat' dir='ltr'><strong>u</strong></span> <span class='ocrx_word' id='word_1_130' title='bbox 914 2181 1003 2266; x_wconf 79' lang='lat' dir='ltr'><strong>Quis</strong></span> <span class='ocrx_word' id='word_1_131' title='bbox 1018 2183 1109 2252; x_wconf 89' lang='lat' dir='ltr'><strong>enim</strong></span> <span class='ocrx_word' id='word_1_132' title='bbox 1125 2189 1196 2251; x_wconf 87' lang='lat' dir='ltr'><strong>tam</strong></span> 
     </span>
     <span class='ocr_line' id='line_1_19' title="bbox 40 2290 1194 2383; baseline 0.001 -25"><span class='ocrx_word' id='word_1_133' title='bbox 40 2291 125 2382; x_wconf 88' lang='lat' dir='ltr'><strong>inpie</strong></span> <span class='ocrx_word' id='word_1_134' title='bbox 147 2293 311 2383; x_wconf 89' lang='lat' dir='ltr'><strong>desipiat,</strong></span> <span class='ocrx_word' id='word_1_135' title='bbox 330 2301 372 2362; x_wconf 91' lang='lat' dir='ltr'><strong>ut</strong></span> <span class='ocrx_word' id='word_1_136' title='bbox 394 2292 492 2362; x_wconf 90' lang='lat' dir='ltr'><strong>dicat</strong></span> <span class='ocrx_word' id='word_1_137' title='bbox 513 2293 624 2360; x_wconf 91' lang='lat' dir='ltr'><strong>Deum</strong></span> <span class='ocrx_word' id='word_1_138' title='bbox 648 2291 757 2360; x_wconf 89' lang='lat' dir='ltr'><strong>malas</strong></span> <span class='ocrx_word' id='word_1_139' title='bbox 780 2290 958 2360; x_wconf 89' lang='lat' dir='ltr'><strong>homiuum</strong></span> <span class='ocrx_word' id='word_1_140' title='bbox 981 2290 1194 2375; x_wconf 86' lang='lat' dir='ltr'><strong>voluntates,</strong></span> 
     </span>
     <span class='ocr_line' id='line_1_20' title="bbox 41 2399 1194 2492; baseline 0 -26"><span class='ocrx_word' id='word_1_141' title='bbox 41 2421 110 2490; x_wconf 89' lang='lat' dir='ltr'><strong>quas</strong></span> <span class='ocrx_word' id='word_1_142' title='bbox 131 2399 299 2485; x_wconf 86' lang='lat' dir='ltr'><strong>voluerit,</strong></span> <span class='ocrx_word' id='word_1_143' title='bbox 318 2399 455 2492; x_wconf 90' lang='lat' dir='ltr'><strong>quando</strong></span> <span class='ocrx_word' id='word_1_144' title='bbox 479 2399 645 2485; x_wconf 89' lang='lat' dir='ltr'><strong>voluerit,</strong></span> <span class='ocrx_word' id='word_1_145' title='bbox 664 2399 724 2467; x_wconf 91' lang='lat' dir='ltr'><strong>uhi</strong></span> <span class='ocrx_word' id='word_1_146' title='bbox 748 2399 914 2483; x_wconf 89' lang='lat' dir='ltr'><strong>voluerit,</strong></span> <span class='ocrx_word' id='word_1_147' title='bbox 934 2399 971 2484; x_wconf 84' lang='lat' dir='ltr'><strong>in</strong></span> <span class='ocrx_word' id='word_1_148' title='bbox 987 2400 1111 2468; x_wconf 88' lang='lat' dir='ltr'><strong>bonum</strong></span> <span class='ocrx_word' id='word_1_149' title='bbox 1127 2421 1194 2466; x_wconf 91' lang='lat' dir='ltr'><strong>non</strong></span> 
     </span>
     <span class='ocr_line' id='line_1_21' title="bbox 41 2505 1195 2596; baseline 0.001 -23"><span class='ocrx_word' id='word_1_150' title='bbox 41 2529 120 2594; x_wconf 89' lang='lat' dir='ltr'><strong>posse</strong></span> <span class='ocrx_word' id='word_1_151' title='bbox 135 2507 390 2580; x_wconf 63' lang='lat' dir='ltr'><strong>converteret„</strong></span> <span class='ocrx_word' id='word_1_152' title='bbox 418 2507 454 2576; x_wconf 88' lang='lat' dir='ltr'><strong>S.</strong></span> <span class='ocrx_word' id='word_1_153' title='bbox 472 2507 568 2596; x_wconf 89' lang='lat' dir='ltr'><strong>Aug.</strong></span> <span class='ocrx_word' id='word_1_154' title='bbox 587 2505 771 2575; x_wconf 86' lang='lat' dir='ltr'><strong>Euchirid.</strong></span> <span class='ocrx_word' id='word_1_155' title='bbox 790 2529 820 2575; x_wconf 88' lang='lat' dir='ltr'><strong>o.</strong></span> <span class='ocrx_word' id='word_1_156' title='bbox 839 2506 894 2575; x_wconf 84' lang='lat'><strong>98.</strong></span> <span class='ocrx_word' id='word_1_157' title='bbox 913 2507 965 2576; x_wconf 89' lang='lat' dir='ltr'><strong>At</strong></span> <span class='ocrx_word' id='word_1_158' title='bbox 980 2529 1061 2576; x_wconf 86' lang='lat' dir='ltr'><strong>vero</strong></span> <span class='ocrx_word' id='word_1_159' title='bbox 1075 2507 1105 2575; x_wconf 89' lang='lat' dir='ltr'><strong>si</strong></span> <span class='ocrx_word' id='word_1_160' title='bbox 1122 2529 1195 2596; x_wconf 91' lang='lat' dir='ltr'><strong>spe·</strong></span> 
     </span>
     <span class='ocr_line' id='line_1_22' title="bbox 41 2609 1194 2701; baseline -0.001 -24"><span class='ocrx_word' id='word_1_161' title='bbox 41 2617 136 2681; x_wconf 85' lang='lat' dir='ltr'><strong>otetur</strong></span> <span class='ocrx_word' id='word_1_162' title='bbox 152 2613 321 2682; x_wconf 85' lang='lat' dir='ltr'><strong>voluntas</strong></span> <span class='ocrx_word' id='word_1_163' title='bbox 344 2611 410 2680; x_wconf 88' lang='lat' dir='ltr'><strong>Dei</strong></span> <span class='ocrx_word' id='word_1_164' title='bbox 425 2633 509 2700; x_wconf 83' lang='lat' dir='ltr'><strong>prae</strong></span> <span class='ocrx_word' id='word_1_165' title='bbox 522 2609 650 2700; x_wconf 84' lang='lat' dir='ltr'><strong>gratiis</strong></span> <span class='ocrx_word' id='word_1_166' title='bbox 665 2609 829 2699; x_wconf 87' lang='lat' dir='ltr'><strong>siugulis,</strong></span> <span class='ocrx_word' id='word_1_167' title='bbox 848 2635 935 2701; x_wconf 85' lang='lat' dir='ltr'><strong>quas</strong></span> <span class='ocrx_word' id='word_1_168' title='bbox 952 2625 1030 2677; x_wconf 81' lang='lat' dir='ltr'><strong>actu</strong></span> <span class='ocrx_word' id='word_1_169' title='bbox 1047 2611 1194 2699; x_wconf 80' lang='lat' dir='ltr'><strong>confert:</strong></span> 
     </span>
     <span class='ocr_line' id='line_1_23' title="bbox 41 2716 1194 2811; baseline 0.003 -29"><span class='ocrx_word' id='word_1_170' title='bbox 41 2719 156 2787; x_wconf 83' lang='lat' dir='ltr'><strong>uuiert</strong></span> <span class='ocrx_word' id='word_1_171' title='bbox 171 2718 311 2811; x_wconf 87' lang='lat' dir='ltr'><strong>quidem</strong></span> <span class='ocrx_word' id='word_1_172' title='bbox 336 2716 494 2784; x_wconf 89' lang='lat' dir='ltr'><strong>omnibus</strong></span> <span class='ocrx_word' id='word_1_173' title='bbox 517 2717 670 2806; x_wconf 85' lang='lat' dir='ltr'><strong>gratiam</strong></span> <span class='ocrx_word' id='word_1_174' title='bbox 694 2716 831 2784; x_wconf 86' lang='lat' dir='ltr'><strong>sincera</strong></span> <span class='ocrx_word' id='word_1_175' title='bbox 855 2716 1036 2785; x_wconf 82' lang='lat' dir='ltr'><strong>voluntate</strong></span> <span class='ocrx_word' id='word_1_176' title='bbox 1060 2725 1194 2786; x_wconf 88' lang='lat' dir='ltr'><strong>antece·</strong></span> 
     </span>
     <span class='ocr_line' id='line_1_24' title="bbox 41 2821 1194 2914; baseline 0.003 -25"><span class='ocrx_word' id='word_1_177' title='bbox 41 2821 133 2910; x_wconf 87' lang='lat' dir='ltr'><strong>dente,</strong></span> <span class='ocrx_word' id='word_1_178' title='bbox 158 2831 200 2894; x_wconf 90' lang='lat' dir='ltr'><strong>ut</strong></span> <span class='ocrx_word' id='word_1_179' title='bbox 224 2823 324 2892; x_wconf 88' lang='lat' dir='ltr'><strong>homo</strong></span> <span class='ocrx_word' id='word_1_180' title='bbox 347 2829 526 2894; x_wconf 89' lang='lat' dir='ltr'><strong>vocantem</strong></span> <span class='ocrx_word' id='word_1_181' title='bbox 550 2845 618 2892; x_wconf 92' lang='lat' dir='ltr'><strong>non</strong></span> <span class='ocrx_word' id='word_1_182' title='bbox 641 2831 803 2914; x_wconf 80' lang='lat' dir='ltr'><strong>respuat3</strong></span> <span class='ocrx_word' id='word_1_183' title='bbox 829 2847 898 2892; x_wconf 89' lang='lat' dir='ltr'><strong>non</strong></span> <span class='ocrx_word' id='word_1_184' title='bbox 925 2829 1040 2892; x_wconf 88' lang='lat' dir='ltr'><strong>tamen</strong></span> <span class='ocrx_word' id='word_1_185' title='bbox 1064 2845 1194 2914; x_wconf 85' lang='lat' dir='ltr'><strong>semper</strong></span> 
     </span>
     <span class='ocr_line' id='line_1_25' title="bbox 40 2929 1195 3021; baseline 0.005 -29"><span class='ocrx_word' id='word_1_186' title='bbox 40 2934 66 2993; x_wconf 87' lang='lat' dir='ltr'><strong>et</strong></span> <span class='ocrx_word' id='word_1_187' title='bbox 82 2953 143 2998; x_wconf 88' lang='lat' dir='ltr'><strong>non</strong></span> <span class='ocrx_word' id='word_1_188' title='bbox 166 2930 328 2999; x_wconf 90' lang='lat' dir='ltr'><strong>omnibus</strong></span> <span class='ocrx_word' id='word_1_189' title='bbox 351 2929 486 2998; x_wconf 80' lang='lat' dir='ltr'><strong>confert</strong></span> <span class='ocrx_word' id='word_1_190' title='bbox 508 2950 566 2997; x_wconf 91' lang='lat' dir='ltr'><strong>eas</strong></span> <span class='ocrx_word' id='word_1_191' title='bbox 589 2929 737 3019; x_wconf 89' lang='lat' dir='ltr'><strong>gratias,</strong></span> <span class='ocrx_word' id='word_1_192' title='bbox 764 2929 890 3021; x_wconf 86' lang='lat' dir='ltr'><strong>quibus</strong></span> <span class='ocrx_word' id='word_1_193' title='bbox 918 2930 1115 3019; x_wconf 91' lang='lat' dir='ltr'><strong>praenoscit</strong></span> <span class='ocrx_word' id='word_1_194' title='bbox 1136 2952 1195 2998; x_wconf 88' lang='lat' dir='ltr'><strong>ecs</strong></span> 
     </span>
     <span class='ocr_line' id='line_1_26' title="bbox 41 3037 1193 3129; baseline 0.004 -28"><span class='ocrx_word' id='word_1_195' title='bbox 41 3057 258 3122; x_wconf 86' lang='lat' dir='ltr'><strong>consensuros,</strong></span> <span class='ocrx_word' id='word_1_196' title='bbox 284 3060 351 3106; x_wconf 91' lang='lat' dir='ltr'><strong>nou</strong></span> <span class='ocrx_word' id='word_1_197' title='bbox 375 3059 510 3128; x_wconf 88' lang='lat' dir='ltr'><strong>semper</strong></span> <span class='ocrx_word' id='word_1_198' title='bbox 536 3037 589 3106; x_wconf 88' lang='lat' dir='ltr'><strong>ita</strong></span> <span class='ocrx_word' id='word_1_199' title='bbox 611 3045 725 3122; x_wconf 86' lang='lat' dir='ltr'><strong>vocat,</strong></span> <span class='ocrx_word' id='word_1_200' title='bbox 748 3037 944 3129; x_wconf 69' lang='lat' dir='ltr'><strong>«quomodo</strong></span> <span class='ocrx_word' id='word_1_201' title='bbox 967 3039 1035 3106; x_wconf 88' lang='lat' dir='ltr'><strong>scit</strong></span> <span class='ocrx_word' id='word_1_202' title='bbox 1050 3038 1101 3106; x_wconf 87' lang='lat' dir='ltr'><strong>eis</strong></span> <span class='ocrx_word' id='word_1_203' title='bbox 1116 3059 1193 3107; x_wconf 90' lang='lat' dir='ltr'><strong>con·</strong></span> 
     </span>
     <span class='ocr_line' id='line_1_27' title="bbox 42 3143 1210 3234; baseline -0.002 -24"><span class='ocrx_word' id='word_1_204' title='bbox 42 3165 156 3229; x_wconf 83' lang='lat' dir='ltr'><strong>gruere,</strong></span> <span class='ocrx_word' id='word_1_205' title='bbox 174 3153 216 3214; x_wconf 92' lang='lat' dir='ltr'><strong>ut</strong></span> <span class='ocrx_word' id='word_1_206' title='bbox 233 3152 412 3213; x_wconf 88' lang='lat' dir='ltr'><strong>vocantem</strong></span> <span class='ocrx_word' id='word_1_207' title='bbox 427 3167 496 3212; x_wconf 93' lang='lat' dir='ltr'><strong>non</strong></span> <span class='ocrx_word' id='word_1_208' title='bbox 513 3149 692 3234; x_wconf 87' lang='lat' dir='ltr'><strong>respuant.</strong></span> <span class='ocrx_word' id='word_1_209' title='bbox 711 3171 727 3206; x_wconf 81' lang='lat' dir='ltr'><strong>n</strong></span> <span class='ocrx_word' id='word_1_210' title='bbox 747 3143 913 3234; x_wconf 84' lang='lat' dir='ltr'><strong>Spectata</strong></span> <span class='ocrx_word' id='word_1_211' title='bbox 930 3144 1114 3213; x_wconf 87' lang='lat' dir='ltr'><strong>voluntate</strong></span> <span class='ocrx_word' id='word_1_212' title='bbox 1128 3145 1192 3216; x_wconf 92' lang='lat' dir='ltr'><strong>Dei</strong></span> <span class='ocrx_word' id='word_1_213' title='bbox 1207 3203 1210 3208; x_wconf 90' lang='lat'>.</span> 
     </span>
     <span class='ocr_line' id='line_1_28' title="bbox 42 3251 1192 3343; baseline 0.006 -28"><span class='ocrx_word' id='word_1_214' title='bbox 42 3271 105 3335; x_wconf 87' lang='lat' dir='ltr'><strong>prae</strong></span> <span class='ocrx_word' id='word_1_215' title='bbox 118 3258 190 3320; x_wconf 86' lang='lat' dir='ltr'><strong>tota</strong></span> <span class='ocrx_word' id='word_1_216' title='bbox 205 3251 405 3343; x_wconf 87' lang='lat' dir='ltr'><strong>gratiarum</strong></span> <span class='ocrx_word' id='word_1_217' title='bbox 420 3251 639 3342; x_wconf 90' lang='lat' dir='ltr'><strong>possibilium</strong></span> <span class='ocrx_word' id='word_1_218' title='bbox 660 3251 891 3342; x_wconf 88' lang='lat' dir='ltr'><strong>amplitudine</strong></span> <span class='ocrx_word' id='word_1_219' title='bbox 907 3251 1007 3321; x_wconf 90' lang='lat' dir='ltr'><strong>docet</strong></span> <span class='ocrx_word' id='word_1_220' title='bbox 1020 3252 1192 3343; x_wconf 88' lang='lat' dir='ltr'><strong>Augusti·</strong></span> 
     </span>
     <span class='ocr_line' id='line_1_29' title="bbox 42 3358 1193 3450; baseline 0.006 -28"><span class='ocrx_word' id='word_1_221' title='bbox 42 3377 102 3440; x_wconf 87' lang='lat' dir='ltr'><strong>uus,</strong></span> <span class='ocrx_word' id='word_1_222' title='bbox 117 3381 182 3428; x_wconf 90' lang='lat' dir='ltr'><strong>uon</strong></span> <span class='ocrx_word' id='word_1_223' title='bbox 198 3382 299 3450; x_wconf 84' lang='lat' dir='ltr'><strong>possa</strong></span> <span class='ocrx_word' id='word_1_224' title='bbox 314 3359 404 3444; x_wconf 90' lang='lat' dir='ltr'><strong>fieri,</strong></span> <span class='ocrx_word' id='word_1_225' title='bbox 423 3367 466 3428; x_wconf 90' lang='lat' dir='ltr'><strong>ut</strong></span> <span class='ocrx_word' id='word_1_226' title='bbox 480 3360 627 3428; x_wconf 84' lang='lat' dir='ltr'><strong>effectus</strong></span> <span class='ocrx_word' id='word_1_227' title='bbox 643 3358 902 3428; x_wconf 87' lang='lat' dir='ltr'><strong>misericordiae</strong></span> <span class='ocrx_word' id='word_1_228' title='bbox 918 3359 983 3428; x_wconf 92' lang='lat' dir='ltr'><strong>Dei</strong></span> <span class='ocrx_word' id='word_1_229' title='bbox 999 3361 1042 3428; x_wconf 90' lang='lat' dir='ltr'><strong>ab</strong></span> <span class='ocrx_word' id='word_1_230' title='bbox 1058 3359 1193 3429; x_wconf 91' lang='lat' dir='ltr'><strong>homine</strong></span> 
     </span>
     <span class='ocr_line' id='line_1_30' title="bbox 42 3461 1193 3557; baseline 0.01 -31"><span class='ocrx_word' id='word_1_231' title='bbox 42 3461 224 3536; x_wconf 77' lang='lat' dir='ltr'><strong>frustretur.</strong></span> <span class='ocrx_word' id='word_1_232' title='bbox 246 3467 354 3536; x_wconf 72' lang='lat' dir='ltr'><strong>«Non</strong></span> <span class='ocrx_word' id='word_1_233' title='bbox 377 3471 491 3557; x_wconf 89' lang='lat' dir='ltr'><strong>potest</strong></span> <span class='ocrx_word' id='word_1_234' title='bbox 513 3467 660 3535; x_wconf 89' lang='lat' dir='ltr'><strong>effectus</strong></span> <span class='ocrx_word' id='word_1_235' title='bbox 683 3466 940 3536; x_wconf 86' lang='lat' dir='ltr'><strong>misericordiae</strong></span> <span class='ocrx_word' id='word_1_236' title='bbox 971 3467 1036 3536; x_wconf 91' lang='lat' dir='ltr'><strong>Dei</strong></span> <span class='ocrx_word' id='word_1_237' title='bbox 1058 3491 1133 3538; x_wconf 87' lang='lat' dir='ltr'><strong>esse</strong></span> <span class='ocrx_word' id='word_1_238' title='bbox 1156 3469 1193 3538; x_wconf 92' lang='lat' dir='ltr'><strong>iu</strong></span> 
     </span>
     <span class='ocr_line' id='line_1_31' title="bbox 42 3564 1191 3666; baseline 0.007 -30"><span class='ocrx_word' id='word_1_239' title='bbox 42 3564 167 3642; x_wconf 86' lang='lat' dir='ltr'><strong>hominis</strong></span> <span class='ocrx_word' id='word_1_240' title='bbox 190 3580 374 3666; x_wconf 85' lang='lat' dir='ltr'><strong>potestate,</strong></span> <span class='ocrx_word' id='word_1_241' title='bbox 394 3581 435 3643; x_wconf 89' lang='lat' dir='ltr'><strong>ut</strong></span> <span class='ocrx_word' id='word_1_242' title='bbox 460 3573 598 3642; x_wconf 82' lang='lat' dir='ltr'><strong>frustra</strong></span> <span class='ocrx_word' id='word_1_243' title='bbox 613 3572 675 3642; x_wconf 86' lang='lat' dir='ltr'><strong>ifle</strong></span> <span class='ocrx_word' id='word_1_244' title='bbox 691 3574 910 3658; x_wconf 86' lang='lat' dir='ltr'><strong>misereatur,</strong></span> <span class='ocrx_word' id='word_1_245' title='bbox 929 3575 960 3642; x_wconf 89' lang='lat' dir='ltr'><strong>si</strong></span> <span class='ocrx_word' id='word_1_246' title='bbox 975 3574 1074 3643; x_wconf 88' lang='lat' dir='ltr'><strong>homo</strong></span> <span class='ocrx_word' id='word_1_247' title='bbox 1089 3575 1191 3660; x_wconf 87' lang='lat' dir='ltr'><strong>nolit;</strong></span> 
     </span>
     <span class='ocr_line' id='line_1_32' title="bbox 43 3677 1189 3773; baseline 0.008 -30"><span class='ocrx_word' id='word_1_248' title='bbox 43 3677 107 3764; x_wconf 87' lang='lat' dir='ltr'><strong>quia</strong></span> <span class='ocrx_word' id='word_1_249' title='bbox 126 3681 156 3749; x_wconf 89' lang='lat' dir='ltr'><strong>si</strong></span> <span class='ocrx_word' id='word_1_250' title='bbox 177 3681 285 3750; x_wconf 83' lang='lat' dir='ltr'><strong>vellet</strong></span> <span class='ocrx_word' id='word_1_251' title='bbox 316 3681 421 3751; x_wconf 86' lang='lat' dir='ltr'><strong>etiam</strong></span> <span class='ocrx_word' id='word_1_252' title='bbox 452 3682 606 3772; x_wconf 90' lang='lat' dir='ltr'><strong>ipsorum</strong></span> <span class='ocrx_word' id='word_1_253' title='bbox 631 3681 809 3765; x_wconf 89' lang='lat' dir='ltr'><strong>misereri,</strong></span> <span class='ocrx_word' id='word_1_254' title='bbox 835 3691 953 3773; x_wconf 90' lang='lat' dir='ltr'><strong>posset</strong></span> <span class='ocrx_word' id='word_1_255' title='bbox 975 3683 1029 3751; x_wconf 85' lang='lat' dir='ltr'><strong>ita</strong></span> <span class='ocrx_word' id='word_1_256' title='bbox 1052 3705 1189 3765; x_wconf 88' lang='lat' dir='ltr'><strong>vocare,</strong></span> 
     </span>
     <span class='ocr_line' id='line_1_33' title="bbox 43 3787 1193 3878; baseline 0.007 -28"><span class='ocrx_word' id='word_1_257' title='bbox 43 3787 183 3872; x_wconf 89' lang='lat' dir='ltr'><strong>quomodo</strong></span> <span class='ocrx_word' id='word_1_258' title='bbox 197 3787 274 3856; x_wconf 85' lang='lat' dir='ltr'><strong>illie</strong></span> <span class='ocrx_word' id='word_1_259' title='bbox 289 3794 409 3878; x_wconf 90' lang='lat' dir='ltr'><strong>aptum</strong></span> <span class='ocrx_word' id='word_1_260' title='bbox 426 3793 530 3872; x_wconf 88' lang='lat' dir='ltr'><strong>esset,</strong></span> <span class='ocrx_word' id='word_1_261' title='bbox 544 3795 586 3857; x_wconf 95' lang='lat' dir='ltr'><strong>ut</strong></span> <span class='ocrx_word' id='word_1_262' title='bbox 601 3795 638 3857; x_wconf 93' lang='lat' dir='ltr'><strong>et</strong></span> <span class='ocrx_word' id='word_1_263' title='bbox 653 3795 874 3858; x_wconf 88' lang='lat' dir='ltr'><strong>moverentur</strong></span> <span class='ocrx_word' id='word_1_264' title='bbox 897 3796 934 3858; x_wconf 90' lang='lat' dir='ltr'><strong>et</strong></span> <span class='ocrx_word' id='word_1_265' title='bbox 951 3789 1193 3878; x_wconf 85' lang='lat' dir='ltr'><strong>intelligerent</strong></span> 
     </span>
     <span class='ocr_line' id='line_1_34' title="bbox 42 3895 1191 3988; baseline 0.003 -28"><span class='ocrx_word' id='word_1_266' title='bbox 42 3895 68 3954; x_wconf 81' lang='lat' dir='ltr'><strong>et</strong></span> <span class='ocrx_word' id='word_1_267' title='bbox 84 3901 358 3986; x_wconf 85' lang='lat' dir='ltr'><strong>sequerentur....</strong></span> <span class='ocrx_word' id='word_1_268' title='bbox 376 3896 445 3966; x_wconf 91' lang='lat' dir='ltr'><strong>Hic</strong></span> <span class='ocrx_word' id='word_1_269' title='bbox 467 3895 561 3965; x_wconf 89' lang='lat' dir='ltr'><strong>dicet</strong></span> <span class='ocrx_word' id='word_1_270' title='bbox 583 3895 727 3988; x_wconf 89' lang='lat' dir='ltr'><strong>aliquis,</strong></span> <span class='ocrx_word' id='word_1_271' title='bbox 746 3919 809 3965; x_wconf 91' lang='lat' dir='ltr'><strong>cur</strong></span> <span class='ocrx_word' id='word_1_272' title='bbox 832 3918 916 3986; x_wconf 91' lang='lat' dir='ltr'><strong>ergo</strong></span> <span class='ocrx_word' id='word_1_273' title='bbox 938 3895 1034 3964; x_wconf 86' lang='lat' dir='ltr'><strong>Esau</strong></span> <span class='ocrx_word' id='word_1_274' title='bbox 1057 3918 1126 3963; x_wconf 91' lang='lat' dir='ltr'><strong>non</strong></span> <span class='ocrx_word' id='word_1_275' title='bbox 1140 3895 1191 3964; x_wconf 89' lang='lat' dir='ltr'><strong>sic</strong></span> 
     </span>
     <span class='ocr_line' id='line_1_35' title="bbox 43 3999 1190 4088; baseline 0.007 -26"><span class='ocrx_word' id='word_1_276' title='bbox 43 3999 84 4062; x_wconf 85' lang='lat' dir='ltr'><strong>eat</strong></span> <span class='ocrx_word' id='word_1_277' title='bbox 94 4007 242 4088; x_wconf 83' lang='lat' dir='ltr'><strong>vocatus,</strong></span> <span class='ocrx_word' id='word_1_278' title='bbox 257 4007 299 4071; x_wconf 92' lang='lat' dir='ltr'><strong>ut</strong></span> <span class='ocrx_word' id='word_1_279' title='bbox 310 4001 419 4073; x_wconf 85' lang='lat' dir='ltr'><strong>vellet</strong></span> <span class='ocrx_word' id='word_1_280' title='bbox 430 4002 633 4072; x_wconf 84' lang='lat' dir='ltr'><strong>obedirel...</strong></span> <span class='ocrx_word' id='word_1_281' title='bbox 648 4001 737 4086; x_wconf 81' lang='lat' dir='ltr'><strong>Quis</strong></span> <span class='ocrx_word' id='word_1_282' title='bbox 754 4003 883 4073; x_wconf 88' lang='lat' dir='ltr'><strong>audeat</strong></span> <span class='ocrx_word' id='word_1_283' title='bbox 898 4003 1024 4087; x_wconf 89' lang='lat' dir='ltr'><strong>dicere,</strong></span> <span class='ocrx_word' id='word_1_284' title='bbox 1036 4001 1190 4072; x_wconf 82' lang='lat' dir='ltr'><strong>defuisse</strong></span> 
     </span>
    </p>
   </div>
   <div class='ocr_carea' id='block_1_2' title="bbox 44 4099 1191 4523">
    <p class='ocr_par' dir='ltr' id='par_1_3' title="bbox 44 4099 1191 4523">
     <span class='ocr_line' id='line_1_36' title="bbox 44 4099 1188 4202; baseline 0.007 -30"><span class='ocrx_word' id='word_1_285' title='bbox 44 4099 97 4172; x_wconf 84' lang='lat' dir='ltr'><strong>Dec</strong></span> <span class='ocrx_word' id='word_1_286' title='bbox 110 4109 238 4179; x_wconf 88' lang='lat' dir='ltr'><strong>nodum</strong></span> <span class='ocrx_word' id='word_1_287' title='bbox 254 4110 414 4195; x_wconf 84' lang='lat' dir='ltr'><strong>vocandi,</strong></span> <span class='ocrx_word' id='word_1_288' title='bbox 435 4112 502 4202; x_wconf 78' lang='lat' dir='ltr'><strong>quo</strong></span> <span class='ocrx_word' id='word_1_289' title='bbox 518 4111 623 4181; x_wconf 87' lang='lat' dir='ltr'><strong>etiam</strong></span> <span class='ocrx_word' id='word_1_290' title='bbox 638 4109 736 4180; x_wconf 87' lang='lat' dir='ltr'><strong>Esau</strong></span> <span class='ocrx_word' id='word_1_291' title='bbox 751 4111 796 4180; x_wconf 88' lang='lat' dir='ltr'><strong>ad</strong></span> <span class='ocrx_word' id='word_1_292' title='bbox 812 4111 956 4180; x_wconf 89' lang='lat' dir='ltr'><strong>eandem</strong></span> <span class='ocrx_word' id='word_1_293' title='bbox 979 4109 1081 4179; x_wconf 87' lang='lat' dir='ltr'><strong>fidem</strong></span> <span class='ocrx_word' id='word_1_294' title='bbox 1097 4134 1188 4180; x_wconf 90' lang='lat' dir='ltr'><strong>men·</strong></span> 
     </span>
     <span class='ocr_line' id='line_1_37' title="bbox 45 4213 1191 4311; baseline 0.01 -35"><span class='ocrx_word' id='word_1_295' title='bbox 45 4213 96 4279; x_wconf 87' lang='lat' dir='ltr'><strong>ten</strong></span> <span class='ocrx_word' id='word_1_296' title='bbox 114 4217 300 4309; x_wconf 89' lang='lat' dir='ltr'><strong>applicaret</strong></span> <span class='ocrx_word' id='word_1_297' title='bbox 330 4218 618 4310; x_wconf 83' lang='lat' dir='ltr'><strong>voluntatemque</strong></span> <span class='ocrx_word' id='word_1_298' title='bbox 650 4220 898 4310; x_wconf 87' lang='lat' dir='ltr'><strong>coniungeret,</strong></span> <span class='ocrx_word' id='word_1_299' title='bbox 924 4219 961 4286; x_wconf 90' lang='lat' dir='ltr'><strong>in</strong></span> <span class='ocrx_word' id='word_1_300' title='bbox 986 4239 1056 4311; x_wconf 88' lang='lat' dir='ltr'><strong>qua</strong></span> <span class='ocrx_word' id='word_1_301' title='bbox 1088 4220 1191 4290; x_wconf 91' lang='lat' dir='ltr'><strong>Iacob</strong></span> 
     </span>
     <span class='ocr_line' id='line_1_38' title="bbox 46 4313 1189 4418; baseline 0.01 -35"><span class='ocrx_word' id='word_1_302' title='bbox 46 4313 227 4395; x_wconf 81' lang='lat' dir='ltr'><strong>laetificatus</strong></span> <span class='ocrx_word' id='word_1_303' title='bbox 249 4325 368 4396; x_wconf 70' lang='lat' dir='ltr'><strong>asti...</strong></span> <span class='ocrx_word' id='word_1_304' title='bbox 387 4325 477 4410; x_wconf 73' lang='lat' dir='ltr'><strong>Quis</strong></span> <span class='ocrx_word' id='word_1_305' title='bbox 503 4325 595 4394; x_wconf 90' lang='lat' dir='ltr'><strong>enim</strong></span> <span class='ocrx_word' id='word_1_306' title='bbox 622 4325 730 4412; x_wconf 90' lang='lat' dir='ltr'><strong>dicat,</strong></span> <span class='ocrx_word' id='word_1_307' title='bbox 749 4327 885 4396; x_wconf 90' lang='lat' dir='ltr'><strong>modum</strong></span> <span class='ocrx_word' id='word_1_308' title='bbox 902 4349 969 4418; x_wconf 92' lang='lat' dir='ltr'><strong>quo</strong></span> <span class='ocrx_word' id='word_1_309' title='bbox 992 4327 1025 4396; x_wconf 91' lang='lat' dir='ltr'><strong>ei</strong></span> <span class='ocrx_word' id='word_1_310' title='bbox 1048 4351 1189 4417; x_wconf 88' lang='lat' dir='ltr'><strong>persua·</strong></span> 
     </span>
     <span class='ocr_line' id='line_1_39' title="bbox 47 4421 1186 4523; baseline 0.011 -33"><span class='ocrx_word' id='word_1_311' title='bbox 47 4421 171 4515; x_wconf 84' lang='lat' dir='ltr'><strong>deretur,</strong></span> <span class='ocrx_word' id='word_1_312' title='bbox 185 4439 226 4502; x_wconf 88' lang='lat' dir='ltr'><strong>nt</strong></span> <span class='ocrx_word' id='word_1_313' title='bbox 241 4433 409 4518; x_wconf 84' lang='lat' dir='ltr'><strong>crederet,</strong></span> <span class='ocrx_word' id='word_1_314' title='bbox 420 4433 524 4502; x_wconf 86' lang='lat' dir='ltr'><strong>etiam</strong></span> <span class='ocrx_word' id='word_1_315' title='bbox 539 4432 767 4522; x_wconf 87' lang='lat' dir='ltr'><strong>omnipotenti</strong></span> <span class='ocrx_word' id='word_1_316' title='bbox 779 4433 951 4504; x_wconf 74' lang='lat' dir='ltr'><strong>defuisse?</strong></span> <span class='ocrx_word' id='word_1_317' title='bbox 963 4461 978 4494; x_wconf 80' lang='lat' dir='ltr'><strong>n</strong></span> <span class='ocrx_word' id='word_1_318' title='bbox 992 4433 1049 4503; x_wconf 92' lang='lat' dir='ltr'><strong>Ad</strong></span> <span class='ocrx_word' id='word_1_319' title='bbox 1063 4433 1186 4523; x_wconf 87' lang='lat' dir='ltr'><strong>Simpl.</strong></span> 
     </span>
    </p>
   </div>
   <div class='ocr_carea' id='block_1_3' title="bbox 0 0 1636 5076">
    <p class='ocr_par' dir='ltr' id='par_1_4' title="bbox 0 0 1636 5076">
     <span class='ocr_line' id='line_1_40' title="bbox 0 0 1636 5076; baseline 0 0"><span class='ocrx_word' id='word_1_320' title='bbox 0 0 1636 5076; x_wconf 95' lang='lat' dir='ltr'><strong> </strong></span> 
     </span>
    </p>
   </div>
  </div>
 </body>
</html>
