3360 5060
919 415 957 430 -
978 383 1038 444 003
1059 417 1097 428 -

423 493 459 554 et
482 486 681 554 dilectionis
704 485 903 553 testimonia
926 494 991 570 est,
1010 489 1102 578 quod
1129 489 1223 556 Deus
1246 511 1324 558 eum
1347 487 1477 577 aripuit
1490 509 1506 554 e
1519 507 1570 552 nc

422 593 481 660 dio
504 593 707 682 impiorum,
734 594 829 660 inter
859 616 945 684 quos
968 594 1089 664 vivere
1112 619 1178 664 non
1205 604 1259 664 est
1276 619 1424 686 parvum
1449 593 1570 674 malum

421 707 457 768 ct
472 701 660 769 transtulit
682 700 718 766 iu
743 701 982 788 refrigerium,
1001 703 1091 794 quod
1107 713 1160 770 est
1188 727 1351 794 magnum
1367 705 1500 771 bouum.
1515 699 1573 766 lice

420 809 533 897 ipsum
561 808 673 896 magis
695 807 860 896 explicat.
884 807 1049 898 uRaptus
1072 818 1126 878 est
1141 812 1247 902 (quod
1264 813 1439 880 versiculo
1461 820 1574 878 mce-

420 915 521 982 deutc
545 914 695 982 dixerat:
721 913 915 983 translatus
937 921 1024 1002 est),
1051 939 1093 982 ue
1118 917 1254 984 malitia
1281 925 1438 986 mutaret
1459 915 1575 984 intelle·

421 1031 514 1090 otum
545 1023 621 1090 elus
652 1027 715 1089 aut
746 1043 787 1088 ne
811 1021 907 1090 fictio
942 1015 1048 1108 (dolor,
1093 1023 1268 1112 deciperet
1298 1025 1449 1090 animam
1478 1021 1573 1088 illius.

420 1129 622 1198 Fuscinatio
648 1128 738 1196 enim
767 1129 985 1217 nugacitatis
1004 1123 1197 1218 (φαυλοτιτος
1212 1131 1461 1220 improbitatis)
1477 1131 1577 1196 obscu-

421 1246 479 1306 rat
498 1235 636 1326 (ἀμαυριι
652 1257 857 1304 evanescere
872 1235 975 1320 facit)
993 1238 1092 1318 bona,
1107 1245 1143 1305 at
1159 1237 1396 1305 inconstantia
1415 1233 1578 1328 (ῥεμβασμκ

422 1346 565 1434 vagatio
587 1344 656 1412 huo
680 1344 767 1412 illuc
789 1343 1025 1426 transvolans,
1052 1365 1239 1436 numquam
1263 1346 1410 1429 satiata)
1438 1343 1578 1430 coucupi-

421 1451 574 1520 scentiae
596 1451 809 1518 transvertit
831 1473 969 1518 sensum
986 1452 1061 1518 sine
1078 1451 1245 1520 malitiae
1268 1449 1346 1535 (uem
1369 1450 1484 1516 uiuam
1506 1473 1579 1518 men·
1664 1441 1665 1456 ¹

421 1567 489 1628 tem
507 1559 738 1640 innocentem)
756 1581 789 1624 v.
811 1557 864 1622 11.
885 1556 939 1624 12.
959 1557 1110 1625 Tantum
1128 1559 1267 1628 scilicet
1284 1559 1412 1626 malum
1437 1567 1502 1640 est,
1518 1567 1580 1626 tan·

420 1675 495 1735 tum
520 1663 714 1755 periculum
739 1665 860 1732 vivere
885 1664 976 1732 iuter
1000 1673 1210 1754 peccatores,
1238 1675 1279 1734 ut
1301 1667 1407 1734 etiam
1436 1667 1522 1736 iusti
1541 1667 1582 1732 ie·

421 1775 486 1844 cils
510 1779 770 1864 pervertantur,
791 1772 892 1840 velut
916 1773 1081 1842 fascinati
1099 1776 1175 1864 ipsa
1192 1776 1456 1867 propinquitate
1472 1775 1582 1863 imprc

422 1882 545 1950 bitatis
561 1891 597 1948 et
612 1901 815 1969 gyrovagos
830 1880 1129 1970 concupiscentiae
1145 1881 1390 1972 improborum.
1409 1915 1426 1946 a
1436 1883 1584 1952 Consum·

422 1995 536 2056 matus
559 1988 596 2054 iu
621 1985 719 2054 brevi
735 1987 892 2074 explevit
914 1993 1070 2076 tempora
1094 1987 1208 2056 multa
1221 2013 1237 2046 n
1257 2013 1292 2056 v.
1312 1988 1367 2056 ld.
1385 1991 1509 2059 Coram
1524 1989 1584 2054 Deo

421 2097 496 2165 aius
513 2095 590 2162 vita
604 2093 688 2161 licet
707 2093 823 2161 brevis
838 2093 1040 2184 aequivalet
1056 2095 1151 2161 vitae
1172 2095 1410 2184 longissimam
1431 2119 1499 2164 non
1514 2117 1584 2184 crgo

422 2201 605 2272 dolendum
620 2201 662 2268 de
675 2207 783 2268 morta
797 2201 995 2268 immatura.
1014 2232 1030 2264 u
1043 2201 1181 2270 Placita
1194 2203 1285 2270 enim
1298 2209 1377 2271 erat
1391 2204 1466 2272 Deo
1483 2203 1584 2271 anime

422 2307 521 2376 illius
545 2306 671 2396 (paulo
694 2313 775 2374 ante
791 2343 825 2368 =
842 2307 983 2396 placens
1006 2308 1078 2376 Deo
1106 2309 1254 2396 lactus),
1277 2325 1418 2398 propter
1444 2313 1502 2377 doc
1521 2332 1583 2400 pro·

422 2415 560 2508 paravit
579 2414 723 2482 educere
746 2413 847 2483 illum
872 2414 913 2483 de
939 2415 1048 2484 rnedio
1068 2416 1297 2507 iniquitatum
1316 2445 1332 2478 n
1351 2443 1387 2486 v.
1399 2419 1457 2487 14.
1480 2417 1583 2508 (paulo

421 2531 502 2593 ante
518 2561 553 2586 =
574 2523 729 2591 «vivens
753 2522 845 2590 inter
867 2530 1064 2612 peccatores
1095 2525 1291 2592 translatus
1317 2533 1387 2612 sst3
1405 2553 1422 2588 n
1445 2557 1462 2590 ι
1475 2533 1583 2616 raptus

421 2639 486 2714 est,
512 2654 554 2699 ne
579 2629 715 2697 malitia
742 2637 893 2697 mutaret
915 2629 1132 2698 intellectum
1156 2631 1233 2700 eius
1248 2635 1293 2716 e).

487 2739 596 2807 Vides
625 2737 818 2806 versiculos
848 2737 1104 2806 7.10.11.14.
1138 2761 1253 2808 omnes
1286 2739 1378 2808 nihil
1412 2739 1583 2808 enuntiare
1667 2741 1668 2770 ¹

420 2846 518 2916 aliud
542 2867 643 2938 quam
670 2865 831 2933 magnum
857 2867 917 2934 pro
950 2844 1085 2912 homine
1116 2846 1209 2914 iusto
1241 2845 1443 2914 beneficium
1477 2845 1583 2912 mortis

420 2953 648 3048 quantumvis
671 2951 888 3034 immaturas,
907 2951 991 3042 quia
1013 2975 1074 3042 per
1097 2973 1171 3020 eam
1196 2954 1312 3022 iustus
1328 2951 1583 3023 transferturio

420 3061 646 3151 refrigerium
669 3065 705 3126 ot
727 3058 879 3148 eripitur
903 3059 1070 3147 periculis
1098 3061 1332 3149 perversiouis
1355 3061 1418 3148 (1).
1439 3061 1512 3129 Hoc
1534 3081 1583 3125 au·

420 3177 489 3238 tem
514 3167 714 3236 beneficium
730 3165 825 3233 Deus
848 3187 915 3232 non
940 3165 1072 3234 dicitur
1094 3168 1264 3251 conferre,
1291 3167 1375 3258 quia
1394 3175 1476 3236 ante
1499 3187 1583 3258 prae·

422 3275 533 3342 visam
566 3273 738 3342 iustitiam
770 3295 846 3340 aum
878 3273 1157 3360 praedestinavit
1184 3275 1228 3342 ad
1260 3274 1369 3342 vitam
1395 3283 1582 3354 aeternam

423 3381 482 3448 sed
518 3380 650 3449 dicitur
682 3379 775 3448 Deus
805 3377 955 3467 diligere
982 3378 1113 3448 iustum
1149 3387 1289 3470 propter
1318 3381 1395 3450 eius
1429 3381 1583 3450 sanctita-

421 3495 503 3569 tem,
529 3495 565 3555 et
587 3508 628 3553 ex
653 3487 718 3556 hao
742 3486 927 3554 dilectione
954 3495 1182 3577 consequente
1206 3487 1250 3555 ad
1273 3489 1496 3558 sanctitatem
1517 3511 1583 3558 amu

422 3595 628 3676 transferre,
646 3613 780 3682 rapere,
798 3593 942 3660 educere
965 3591 1006 3660 de
1031 3595 1141 3661 medio
1166 3593 1397 3686 iniquitatum
1424 3619 1485 3686 per
1509 3617 1582 3661 mor·

421 3709 502 3786 tem,
522 3702 603 3770 dum
630 3701 746 3768 iustus
779 3705 843 3784 sst;
874 3721 914 3765 ao
937 3707 1119 3788 propterea
1142 3699 1248 3766 etiam
1277 3707 1527 3792 consequenter
1546 3697 1580 3764 ad

486 3913 527 3988 (1)
545 3919 642 3970 Naxus
662 3919 784 3970 intimus
803 3917 902 3970 horum
921 3916 1125 3969 anniculorum
1145 3931 1179 3968 en
1203 3915 1290 3968 dictlr
1308 3915 1342 3968 de
1354 3921 1490 3970 contextu
1503 3916 1580 3968 totius

422 4006 476 4058 locl
490 4009 535 4058 ert
554 4005 798 4060 evidentissimus.
821 4003 901 4058 Unde
922 4019 977 4057 uon
998 4017 1147 4070 pessumus
1165 4005 1327 4058 consentire
1347 4005 1410 4056 viro
1433 4005 1520 4068 docto,
1539 4003 1579 4068 qui

422 4095 553 4160 scripsit:
571 4117 583 4141 a
597 4097 672 4148 llaec
690 4111 718 4147 v.
730 4095 773 4146 10.
786 4099 816 4147 et
833 4095 875 4146 14.
897 4109 953 4146 non
974 4093 1139 4146 referuntur
1162 4094 1197 4146 ad
1216 4093 1336 4146 eundem
1358 4095 1465 4146 iustum
1482 4094 1515 4146 de
1532 4107 1578 4158 quo

422 4197 508 4249 supra
520 4199 547 4236 v.
561 4185 604 4250 11;
617 4185 666 4238 md
681 4183 715 4238 ad
733 4185 831 4250 ellum,
846 4189 879 4236 ut
890 4183 1064 4250 expendenti
1075 4187 1238 4236 contextum
1252 4197 1303 4250 per
1313 4197 1344 4235 se
1365 4183 1510 4250 patebit·
1523 4183 1578 4234 Pro

423 4275 486 4335 pter
498 4287 600 4324 nexum
621 4273 844 4326 demonstratum
866 4275 936 4326 milri
956 4273 1130 4342 expendenti
1148 4279 1312 4326 centenum
1331 4271 1482 4325 evidenter
1498 4276 1576 4338 patet.

424 4371 479 4408 nou
499 4373 580 4424 poure
600 4375 627 4414 v.
642 4363 736 4414 11114.
748 4362 782 4414 de
800 4377 866 4428 uno,
879 4367 908 4414 et
922 4363 1105 4414 interiectum
1126 4363 1299 4414 venlculurn
1311 4361 1354 4412 11.
1375 4359 1410 4412 d·
1429 4361 1486 4413 alio
1504 4357 1577 4410 intel·

425 4447 478 4510 11ιί
495 4445 551 4516 (Gi.
563 4449 600 4500 cl.
613 4451 643 4501 P.
657 4449 754 4502 Oerclt
773 4453 793 4502 1.
804 4467 827 4503 c.
843 4468 870 4516 p.
883 4447 967 4520 ltu).
