3292 5062
537 343 716 402 -193-

504 549 648 610 THESIS
669 549 755 611 XVI.

452 686 498 746 De
521 689 644 747 lumine
664 688 802 764 gloriae.

98 867 190 924 «uun
210 870 364 926 intuitiva
385 872 460 926 visio
472 873 526 926 Dei
545 887 614 940 prae
638 874 742 940 quevis
761 876 856 927 creato
880 873 1033 926 intellectu
1057 871 1098 924 slt
1118 883 1215 936 snper-

48 978 57 990 ·
70 959 218 1026 naturalis,
239 962 439 1016 neeesssrinm
452 967 496 1016 est
517 964 736 1030 supernaturale
749 962 934 1027 adiutorium,
956 977 1011 1028 qno
1029 977 1107 1014 mene
1120 961 1216 1013 mesta

48 1067 57 1081 ·
70 1047 192 1102 elevetur
205 1049 245 1102 sd
259 1052 405 1104 visionem
418 1053 586 1108 beatificam.
597 1052 733 1117 Quamvis
746 1033 813 1108 vero
827 1052 860 1105 dc
874 1052 991 1120 propria
1004 1052 1115 1104 ratione
1129 1051 1216 1104 buius

49 1137 210 1205 redutorii,
231 1141 313 1208 quod
327 1144 421 1194 lamen
436 1143 548 1210 gloriae
561 1145 689 1210 vocatur,
709 1142 750 1195 slt
768 1143 867 1209 eliqua
881 1142 1090 1194 sententiarum
1111 1140 1216 1194 disere-

47 1227 177 1294 ’pertin
200 1229 364 1282 tenendum
384 1233 480 1282 tamen
499 1234 565 1297 est,
584 1233 678 1282 lumen
699 1231 811 1296 gloriae
833 1247 895 1283 asse
916 1231 1020 1283 donum
1037 1230 1089 1284 Dei
1108 1243 1216 1295 perma-

49 1331 142 1382 ·neus‚
161 1333 219 1385 qno
238 1318 419 1372 informetur
438 1321 606 1374 intellectus
620 1314 884 1386 supernaturaliter
902 1319 1081 1374 assimiletur
1101 1319 1216 1370 intelle·

49 1408 122 1458 vetui
140 1406 248 1462 divino
274 1407 315 1461 ad
332 1409 525 1463 immediatam
545 1409 703 1462 bestillcum
720 1411 861 1463 visionem
879 1410 965 1464 Dei.»

101 1603 202 1674 Sicut
226 1605 422 1674 intellectio
446 1607 544 1676 clera
566 1608 772 1698 praesertim
795 1614 832 1676 et
861 1606 1060 1675 immediate
1090 1605 1216 1673 obiecti

50 1711 283 1802 intelligibilis
308 1713 442 1783 dicitnr
463 1718 550 1782 visio
562 1766 572 1800 ,
596 1716 733 1784 nomine
756 1716 917 1784 derivato
941 1715 984 1782 eb
1007 1713 1073 1781 ille
1100 1735 1212 1802 perce·

51 1820 150 1908 ptione
160 1821 306 1906 sensili,
322 1844 409 1914 quae
426 1824 589 1892 maiorem
606 1823 712 1892 babet
727 1845 805 1892 cum
822 1821 1058 1890 intellectione
1072 1819 1215 1889 mentali

50 1927 247 2017 analogiam:
267 1929 325 1998 ita
341 1928 558 1998 derivatione
582 1930 699 1999 eedem
715 1932 758 1998 eb
775 1930 895 1998 ordine
920 1928 1080 1998 sensibili
1105 1929 1215 1994 lemen

51 2035 234 2124 appellatur
260 2035 356 2104 illud
379 2060 488 2120 omne,
510 2037 600 2130 qnod
622 2044 677 2106 est
701 2059 806 2106 oense
822 2037 971 2106 visionis
995 2034 1215 2104 intellectua-

51 2140 86 2206 lis
99 2143 156 2226 (1).
174 2144 292 2214 Porro
323 2167 400 2212 enm
431 2143 563 2234 triplex
587 2145 729 2214 diverse
760 2145 808 2212 sit
838 2143 1004 2235 perfectio
1035 2150 1216 2212 creaturae

54 2251 232 2336 rationalis,
261 2252 433 2342 perfectio
457 2269 617 2335 naturae,
640 2258 781 2343 gratioe
803 2253 841 2319 in
865 2252 925 2322 via
948 2251 992 2319 ed
1015 2251 1213 2334 terminum,

53 2361 81 2420 et
92 2356 223 2444 glorios
238 2359 281 2426 in
299 2361 591 2428 consummatione
615 2359 727 2444 finali,
746 2359 871 2451 hisque
894 2357 1048 2447 singulis
1065 2357 1217 2425 statibus

56 2465 266 2550 pefectionis
292 2487 357 2534 sus
372 2467 513 2536 diverse
535 2467 743 2556 respondeat
766 2466 933 2556 cognitio,
952 2467 1010 2535 cui
1033 2466 1149 2534 lumen
1164 2465 1217 2532 in-

57 2569 240 2644 tellectuale
264 2575 461 2643 necessario
485 2575 785 2664 proportionatum
802 2579 867 2642 est:
890 2573 970 2642 inde
993 2575 1216 2641 menifestum

58 2676 209 2766 redditur,
228 2681 409 2772 distingui
424 2683 530 2750 etiem
546 2681 668 2750 debere
684 2682 814 2772 triplex
831 2681 948 2749 lumen
963 2679 1213 2764 intellectuale,

61 2781 151 2852 leucu
172 2790 344 2858 nimirum
376 2791 538 2856 naturale
570 2794 720 2856 rationis
733 2839 743 2872 ,
769 2790 880 2855 lumen
909 2793 1049 2878 gratioe
1071 2786 1107 2854 in
1132 2786 1213 2872 via,

61 2888 150 2958 leuen
171 2895 315 2983 gloriae
336 2895 374 2964 in
396 2897 525 2986 petris.
544 2895 679 2964 Auctor
702 2901 738 2963 et
754 2897 831 2962 fons
855 2893 962 2961 huius
985 2893 1139 2983 triplicis
1163 2893 1216 2961 lu·

63 2993 146 3064 uinis
166 2997 204 3066 in
227 2997 414 3068 intellectu
445 3007 562 3068 creato
591 2999 713 3090 utique
737 2999 831 3067 Dens
853 3005 908 3066 est
934 2998 1021 3066 asel
1045 2997 1216 3088 intelligi·

63 3097 182 3188 bilium,
203 3131 220 3166 ι
247 3104 310 3172 sed
334 3127 396 3194 pro
419 3103 563 3172 luminis
586 3102 793 3172 diversitate
817 3101 1005 3171 secundum
1040 3101 1216 3192 triplicem

64 3201 215 3276 diversam
239 3209 425 3292 rationem,
444 3215 485 3276 ut
509 3221 639 3274 nector
655 3205 692 3274 in
710 3207 830 3276 ordine
853 3211 1014 3292 naturae,
1033 3212 1076 3274 ut
1091 3211 1217 3294 enecti-

61 3305 161 3388 ,iuter
182 3311 219 3380 in
244 3312 367 3380 ordine
391 3311 540 3401 gratiae,
568 3317 609 3379 ut
632 3325 877 3378 consummator
892 3317 929 3380 et
945 3311 1156 3399 beatificator
1179 3313 1216 3379 in

67 3413 164 3486 ordine
187 3419 334 3509 gloriae.
361 3419 469 3488 Nobis
492 3418 534 3487 de
557 3418 622 3488 boe
645 3419 770 3487 ultimo
793 3442 885 3487 nunc
910 3441 1021 3486 sermo
1044 3425 1109 3486 est.

110 3523 222 3596 Potest
233 3528 347 3592 lumen
355 3527 625 3616 gloriaeiterum
635 3524 916 3616 quadrupliciter
927 3525 1094 3616 intelligi.
1108 3533 1144 3614 a)
1153 3529 1218 3596 Ln-

68 3646 126 3695 uen
151 3631 284 3720 gloriae
310 3633 511 3700 abiectiorem
535 3629 626 3724 quod
647 3629 795 3712 videtur,
823 3637 878 3699 est
899 3632 994 3700 Deus
1017 3633 1103 3723 ipse,
1134 3657 1217 3726 que·

115 3885 151 3958 (l)
165 3890 260 3955 siluis
273 3891 309 3944 ad
323 3889 518 3957 cognitionem
528 3885 762 3952 intelligibilium
774 3901 809 3942 ex
819 3889 1008 3943 sensibilibus
1020 3891 1212 3958 pervenimus,

73 3975 138 4030 tien
148 3981 292 4034 nocibilis
311 3981 486 4045 cognitionis
501 3983 617 4036 nomina
634 3983 670 4036 ad
683 3983 904 4050 intelligibilem
918 3983 1109 4048 cognitionem
1123 3987 1216 4035 trans-

73 4067 207 4138 euninus,
234 4075 266 4124 et
295 4073 445 4139 praecipue
472 4087 543 4138 quae
565 4073 714 4139 pertinent
735 4072 769 4126 sd
794 4075 902 4138 visum,
929 4073 979 4140 qui
1005 4072 1083 4124 inter
1107 4075 1216 4125 ceteros

75 4169 155 4212 mm
179 4163 301 4216 nobilior
324 4165 369 4216 est
393 4166 423 4214 et
445 4161 629 4228 spiritnslior
651 4179 683 4216 ac
704 4178 755 4230 per
777 4163 828 4216 boc
853 4161 1015 4215 intellectui
1039 4160 1163 4226 affinium
1187 4164 1217 4213 et

75 4241 126 4297 iude
140 4253 187 4316 est,
203 4251 275 4319 quod
296 4251 362 4318 ipsa
379 4251 587 4306 intellectualis
606 4253 732 4319 cognitio
743 4251 907 4305 nominetur
927 4251 1010 4302 eicio:
1031 4255 1060 4302 et
1078 4250 1147 4317 qula
1158 4264 1215 4303 eor·
1257 4267 1258 4272 ¹

79 4337 163 4397 ursii·
181 4341 251 4396 visio
269 4357 326 4395 nou
347 4342 504 4408 completur
523 4341 583 4395 uisi
605 4357 656 4409 per
676 4344 781 4408 lumen,
804 4357 838 4394 ea
856 4341 990 4408 aquibus
1006 4338 1216 4393 intellectualis

78 4421 135 4477 vicio
146 4430 288 4498 pericltur,
312 4432 383 4483 lucis
402 4447 503 4484 nomen
524 4436 701 4485 assumunt»
717 4432 745 4484 S.
758 4431 811 4485 uh.
827 4435 917 4486 contu
929 4434 1006 4494 gent.
1022 4431 1077 4484 111.
1091 4445 1114 4482 c.
1128 4427 1172 4479 53.

193 4541 342 4592 Fraossis'n
1042 4539 1073 4589 13
