3454 5068
890 407 927 420 ..
948 373 1009 435 032
1030 369 1068 418 .·..

396 509 432 554 11
454 485 647 554 defendisse
670 481 872 552 convincit?
895 479 969 548 Hoc
992 501 1060 547 uno
1084 479 1213 546 iterum
1235 483 1453 568 argumento,
1472 476 1566 568 quod

396 593 559 663 inlibris
577 589 859 661 antecedentibus
875 589 945 656 iam
962 585 1180 677 praedicavit
1205 615 1220 650 ι
1235 585 1398 675 gratiam,
1417 605 1487 675 qna
1502 605 1567 651 nos

394 702 490 771 Dens
512 701 642 770 liberat
657 722 678 766 a
694 698 795 766 malis
811 696 987 766 erroribus
1003 701 1039 763 et
1053 694 1205 762 moribus
1220 694 1362 778 nostris,
1380 717 1448 758 con
1463 715 1566 781 prae·

397 809 587 878 cedentibus
606 809 701 876 tonis
719 807 850 873 meritis
866 807 1009 885 nostris·
1024 801 1126 894 qnod,
1145 802 1272 893 inquit,
1291 801 1429 891 plenius
1443 821 1566 890 sapere

396 918 491 1008 coepi
514 918 552 986 in
575 935 616 986 ea
638 914 888 1006 disputatione,
908 933 1010 1004 quam
1033 911 1158 1002 scripsi
1180 911 1225 979 ad
1248 913 1368 980 heatae
1383 910 1566 979 memoriae

396 1025 659 1115 Simpliciannm
675 1023 872 1114 episcopum
884 1019 1151 1089 Mediolanensis
1166 1019 1342 1088 Ecclesiae
1360 1019 1397 1087 in
1412 1019 1481 1088 mei
1495 1016 1567 1108 epi-

395 1139 558 1224 scopatus
582 1131 740 1215 exordio,
766 1128 902 1223 qnando
925 1133 961 1197 et
983 1127 1125 1196 initium
1147 1127 1229 1196 fidei
1252 1129 1378 1198 donum
1400 1127 1466 1195 Dei
1489 1147 1565 1195 esse

394 1241 542 1332 cognovi
560 1247 595 1309 et
610 1241 745 1308 asserui
757 1267 776 1302 1
794 1239 883 1307 Don.
898 1259 1034 1328 persev.
1048 1261 1084 1305 n.
1100 1237 1155 1304 52.
1170 1237 1226 1304 53.

459 1349 542 1418 Peri
565 1347 700 1416 ratione
722 1347 936 1416 demonstrat
957 1344 1194 1434 Augustinus,
1212 1344 1302 1413 hanc
1325 1343 1564 1434 praedestina·

394 1457 503 1526 tionis
519 1454 713 1524 doctrinam
730 1459 765 1540 (a
780 1475 816 1522 se
831 1452 1020 1538 adsertam)
1037 1472 1171 1542 semper
1186 1450 1295 1519 fuisse
1312 1451 1348 1517 in
1363 1449 1430 1518 frde
1444 1449 1566 1519 Eccle-

392 1567 482 1650 siae,
509 1565 592 1656 quis
612 1563 771 1631 Ecclesia
794 1561 922 1629 orando
945 1568 987 1630 ut
1009 1561 1166 1630 infideles
1190 1561 1351 1644 credant,
1377 1565 1418 1628 ut
1440 1559 1563 1627 fideles

391 1679 625 1766 perseverent,
651 1693 783 1760 semper
815 1673 971 1761 professa
994 1675 1059 1754 est,
1084 1669 1186 1738 fidem
1209 1675 1245 1738 et
1267 1669 1563 1759 perseverantiam

392 1787 575 1872 ceteraque
598 1781 686 1846 bona
709 1777 883 1846 salutaria
905 1800 978 1846 essa
994 1776 1060 1846 Dei
1076 1777 1177 1845 dona.
1202 1805 1219 1840 ι
1231 1776 1298 1844 1111
1315 1777 1435 1867 itaque
1449 1775 1558 1857 dicat,

389 1888 582 1958 Ecclesiam
613 1887 801 1978 aliquando
826 1886 864 1954 in
891 1887 958 1954 fide
988 1907 1052 1954 sua
1081 1909 1148 1953 non
1180 1884 1344 1954 habuisse
1374 1885 1561 1954 veritatem

385 1995 718 2086 praedestinationis
741 1994 841 2060 trtius
865 2009 896 2061 et
919 1995 1071 2084 proriae,
1095 2015 1183 2084 quae
1205 2017 1294 2060 natac
1317 2009 1435 2060 eontra
1457 2016 1560 2060 novos

391 2107 575 2172 haereticos
598 2128 680 2172 cara
707 2101 930 2192 dilipeats'ore
956 2101 1156 2192 defenditur
1164 2127 1179 2184 ,·
1201 2102 1281 2187 ille,
1308 2103 1466 2194 inquam,
1493 2101 1560 2170 hoc

389 2214 495 2298 dieat,
522 2213 584 2305 qni
606 2211 721 2280 dicere
744 2211 851 2280 audet
872 2211 1059 2302 aliquando
1082 2233 1157 2278 eam
1179 2233 1247 2278 non
1270 2233 1388 2280 orasse
1410 2209 1468 2281 vel
1490 2233 1560 2278 non

388 2321 560 2391 veraciter
584 2341 712 2404 orasse,
735 2319 810 2388 sive
834 2323 876 2386 ut
898 2319 1078 2388 crederent
1100 2319 1258 2388 infideles
1281 2319 1357 2388 sive
1379 2325 1422 2388 ut
1443 2339 1559 2408 perse·

385 2434 549 2498 vorarent
571 2427 702 2496 fideles.
715 2425 812 2508 Quae
828 2427 916 2496 bona
932 2428 962 2495 si
978 2449 1111 2517 semper
1134 2429 1262 2510 oravit,
1280 2449 1413 2516 semper
1433 2449 1474 2494 ea
1489 2428 1558 2496 Dei

387 2537 478 2606 dona
500 2558 574 2604 esse
590 2535 712 2626 utique
728 2533 889 2620 credidit,
907 2557 969 2604 nec
993 2535 1036 2604 ab
1058 2535 1121 2602 illo
1144 2557 1218 2604 esse
1241 2535 1466 2624 praecognita
1482 2559 1557 2604 um·

386 2664 487 2735 quam
512 2642 544 2710 ei
567 2663 694 2731 negare
710 2643 766 2709 fas
781 2641 865 2710 fuit.
883 2641 937 2710 Ao
953 2665 1016 2709 rna
1032 2665 1092 2708 soe
1102 2639 1435 2732 praedestinationis
1454 2642 1556 2708 laiss

378 2751 493 2840 fidem,
519 2775 606 2842 quoe
629 2765 747 2817 contra
769 2775 871 2817 novos
894 2751 1077 2818 haereticos
1099 2774 1188 2817 noca
1209 2747 1445 2816 sollicitudine
1467 2772 1559 2817 naso

385 2856 609 2947 defenditur,
640 2881 826 2950 numquam
848 2857 1007 2927 Ecclesia
1029 2855 1163 2928 Christi
1186 2879 1255 2924 non
1277 2855 1404 2926 hebuit
1419 2883 1436 2918 n
1461 2855 1553 2925 Don.

384 2989 521 3056 persev.
536 2991 571 3035 n.
584 2967 639 3034 65.

453 3073 622 3167 Quisquis
638 3073 751 3164 igitur
768 3073 877 3158 docet,
893 3073 1006 3157 fidem,
1021 3073 1109 3141 bona
1125 3095 1239 3163 opera,
1257 3072 1556 3163 perseverentiam

383 3204 452 3250 non
476 3203 548 3250 esse
572 3205 614 3251 ex
637 3181 736 3249 nobis
760 3179 956 3272 nostrisque
976 3181 1113 3250 viribus
1135 3180 1369 3264 naturalibus,
1395 3179 1456 3248 sed
1478 3201 1556 3249 esse

384 3288 473 3356 dona
487 3287 553 3356 Dei
568 3310 630 3377 per
650 3285 801 3376 gratiam
825 3286 912 3371 eius,
931 3309 1018 3378 quae
1041 3309 1109 3354 non
1132 3286 1293 3354 humanis
1310 3285 1345 3353 ln.
1361 3307 1390 3354 e.
1410 3293 1555 3354 natura·

382 3393 476 3464 libus
491 3395 626 3463 meritis
649 3393 808 3462 redditur
832 3395 891 3462 sed
914 3395 1027 3483 gratis
1044 3395 1160 3479 datur,
1180 3393 1351 3485 simulque
1366 3393 1556 3462 confitetnr

382 3501 491 3570 Deum
514 3500 599 3570 haec
621 3523 661 3569 eo
684 3502 793 3586 modo,
813 3524 880 3594 quo
896 3524 936 3569 ea
952 3503 1088 3570 confert
1111 3501 1148 3570 in
1170 3508 1335 3592 tempore,
1352 3503 1396 3569 ab
1410 3507 1554 3570 aeterno

381 3607 620 3698 praescivisse,
646 3607 678 3674 is
702 3607 801 3676 docet
823 3609 1174 3698 praedestinationem
1197 3631 1283 3694 eam,
1302 3631 1405 3701 quam
1428 3610 1554 3699 Augu·

382 3715 498 3785 atinus
514 3713 682 3784 defendit.
697 3714 748 3783 At
761 3715 925 3806 quomodo
942 3737 1068 3808 quaeso
1084 3717 1120 3784 in
1138 3715 1194 3786 his
1210 3717 1423 3802 continetur,
1442 3717 1555 3786 Deum

379 3821 479 3892 nulla
501 3821 681 3914 supposita
704 3823 923 3913 praevisione
952 3827 1089 3914 gratiae
1112 3831 1148 3893 et
1171 3847 1312 3915 opernm
1343 3833 1553 3916 supernatu-

280 3963 284 3980 =
379 3929 507 3998 relium
529 3952 590 4022 per
613 3931 766 4019 gratiam
783 3931 953 3999 factorum
969 3931 1249 4022 praedestinasse
1273 3955 1389 4001 omnes
1412 3931 1554 4002 salven-

380 4037 441 4106 dos
463 4039 574 4128 primo
597 4039 641 4107 ad
665 4031 839 4128 gloriam?
870 4039 1046 4122 Quomodo
1070 4063 1137 4108 non
1161 4047 1215 4109 est
1238 4041 1401 4125 evidens,
1427 4040 1552 4130 Augu-

380 4143 510 4212 atinum
526 4143 626 4214 unice
642 4145 683 4214 de
700 4145 883 4213 donatione
907 4147 1067 4234 gratuita
1090 4153 1125 4216 et
1148 4146 1225 4216 ideo
1248 4147 1290 4216 de
1312 4147 1553 4236 praedestina-

379 4245 473 4320 tione
497 4251 657 4342 gratuita
679 4253 816 4342 gratiae
839 4253 991 4322 exclusis
1014 4254 1177 4322 humanis
1199 4253 1335 4323 meritis
1359 4275 1433 4322 esse
1456 4254 1553 4322 solli-

378 4357 510 4428 citum?
535 4357 711 4440 Quomodo
734 4382 776 4428 ex
800 4383 851 4445 eo,
870 4361 959 4452 quod
975 4361 1100 4430 Patres
1116 4361 1319 4452 Augustino
1332 4361 1551 4452 antiquiores

375 4463 615 4535 necessitatem
627 4465 766 4556 gratiae
781 4467 826 4538 sd
842 4467 956 4536 omnia
972 4489 1076 4560 opera
1092 4464 1267 4540 salutarie
1282 4468 1434 4542 confessi
1449 4473 1546 4554 sunt,
