3438 5048
618 359 656 376 ..
677 326 719 389 67
738 357 777 376 .-

126 435 270 505 uirentur
290 433 329 504 in
352 435 416 522 eis,
443 435 505 530 qui
520 434 632 525 legem
647 458 717 504 nou
733 441 953 524 acceperuut,
971 435 1043 504 nisi
1059 458 1101 504 ex
1117 435 1282 528 reliquiis

126 545 277 634 imaginis
298 543 377 628 Dei,
398 571 415 606 n
440 551 478 614 et
502 565 623 634 copus
646 543 737 632 legis
761 541 891 612 habent
914 544 1084 634 scriptum
1108 545 1145 612 iu
1170 545 1281 614 cordi·

126 653 190 736 bus,
214 651 249 719 id
272 658 419 720 estnon
442 651 579 719 omnino
602 650 754 720 deletum
777 660 842 734 est,
869 652 960 742 quod
985 651 1033 719 ibi
1064 673 1126 742 per
1157 653 1283 743 imagi·

125 779 189 825 nem
208 759 274 826 Dei
297 781 376 827 cum
409 745 637 844 crearentur,
663 757 870 848 impressum
893 763 960 828 est.
992 785 1009 820 n
1034 759 1135 828 Hauc
1166 767 1283 828 autem

124 866 178 934 Dei
198 867 384 958 imaginem
407 889 481 936 esse
504 867 654 936 animam
678 874 851 958 quatenus
874 867 1060 936 rationalis
1084 876 1149 952 est,
1168 867 1282 936 aliun·

125 976 158 1043 da
177 985 311 1046 constat
332 983 369 1045 et
383 975 609 1067 Augustinus
632 976 759 1044 ibidem
782 975 913 1044 diserte
941 975 1110 1045 declarat:
1132 1005 1148 1040 a
1166 977 1282 1066 imago

123 1084 216 1154 Dei...
241 1109 345 1179 quarn
369 1107 438 1154 nou
460 1085 602 1176 penitus
625 1085 789 1175 impietas
813 1085 1025 1172 aboleverat;
1051 1108 1130 1153 nam
1151 1109 1282 1153 remon·

124 1195 344 1283 testatique
367 1189 417 1276 id,
442 1192 534 1284 qaod
560 1195 680 1258 animo
714 1193 861 1258 hominis
895 1193 969 1259 aiei
1002 1193 1283 1262 rationalium

65 1325 69 1338 ·
123 1323 178 1366 aon
194 1315 320 1390 polest.
336 1327 354 1363 a

177 1409 323 1500 Prosper
346 1415 473 1497 (contr.
498 1407 666 1478 collator.
696 1431 726 1478 c.
745 1408 801 1478 10.
831 1432 867 1477 u.
886 1408 1013 1477 28-30.
1030 1409 1085 1478 ed.
1104 1408 1220 1478 Maur.
1244 1409 1282 1478 iu

122 1520 266 1609 Appeud.
285 1519 328 1588 Τ.
348 1519 395 1586 X.
413 1519 525 1607 Aug.)
542 1517 664 1585 iisdem
685 1538 792 1605 paene
809 1517 926 1588 verbis
944 1516 1137 1586 doctrinam
1153 1517 1283 1606 repetit

123 1628 271 1718 magistri
294 1627 352 1694 sui
374 1625 584 1715 Augustini.
611 1623 647 1692 S.
666 1623 881 1714 Fulgentius
904 1624 946 1692 de
970 1625 1109 1693 incarn.
1133 1633 1168 1693 et
1184 1630 1279 1715 grat.

123 1757 147 1803 c.
161 1735 212 1802 25.
238 1759 273 1804 n.
297 1733 422 1804 48-54.
443 1733 559 1802 utitur
583 1731 724 1823 quidem
748 1731 792 1799 ad
818 1733 1049 1801 confutandos
1073 1731 1282 1821 Pelagianos

122 1843 217 1933 priori
241 1842 433 1933 hypothesi
454 1839 676 1931 Augustini;
694 1839 725 1908 si
743 1840 878 1910 scilicet
895 1848 1017 1931 gentes
1031 1841 1143 1930 legem
1166 1841 1280 1908 ohser-

122 1963 193 2021 rent
214 1953 277 2035 ita,
304 1959 346 2019 ut
368 1950 625 2033 iustificantur,
652 1971 721 2016 non
743 1971 842 2038 posse
865 1971 939 2018 esse
962 1948 1133 2017 infideles.
1158 1948 1211 2016 At
1235 1948 1281 2016 si·

122 2059 181 2127 mul
196 2061 295 2128 docet
310 2059 441 2128 diserte
463 2059 511 2126 ih.
529 2080 565 2124 u.
584 2057 639 2125 50.
658 2057 715 2125 52.
733 2058 789 2142 54,
819 2055 894 2124 siue
917 2057 1036 2146 gratia
1058 2055 1140 2124 fidei
1163 2056 1281 2145 cogni·

121 2165 233 2234 tionem
258 2166 336 2234 veri
359 2165 425 2232 Dei
447 2172 483 2233 et
505 2164 596 2254 legis
620 2164 762 2231 moralis
786 2170 891 2255 etque
915 2163 1022 2232 huius
1045 2163 1199 2256 aliquam
1224 2163 1281 2231 ob·

121 2274 338 2342 servationem
351 2295 426 2340 esse
438 2295 549 2363 posse;
564 2271 722 2364 hancque
734 2271 930 2341 naturalem
943 2271 1067 2362 legem,
1086 2273 1150 2356 ait,
1168 2272 1281 2340 Deum

121 2382 268 2450 cordibus
292 2381 526 2470 inscripsisse,
547 2409 564 2444 a
583 2381 758 2450 condendo
774 2387 938 2448 naturam
952 2407 984 2465 n,
1009 2379 1197 2470 peripsum
1214 2378 1281 2448 soi·

120 2487 193 2558 iicet
214 2490 330 2560 lumen
354 2489 530 2575 rationis,
557 2489 640 2580 quia
675 2489 791 2556 anima
825 2486 976 2556 hominis
998 2489 1068 2557 nisi
1092 2487 1280 2558 rationalis

120 2617 184 2664 esse
206 2620 272 2666 nou
295 2601 422 2687 potest.
446 2597 498 2665 De
521 2596 782 2666 Ambrosiastro
812 2595 905 2665 nihil
939 2619 1026 2687 opus
1060 2603 1116 2666 est
1150 2597 1277 2682 dicare3

120 2705 291 2775 sententiis
320 2705 413 2774 euim
436 2706 548 2774 variis
582 2711 768 2776 contextus
790 2715 845 2776 est
867 2705 1134 2776 commentarius
1165 2705 1281 2772 inter-

119 2823 247 2903 pretans
270 2815 380 2884 verba
411 2813 515 2882 Pauli
547 2815 645 2884 modo
680 2814 722 2884 do
752 2815 965 2898 infidelibus,
995 2843 1011 2878 a
1038 2813 1165 2906 quibus
1187 2811 1281 2906 nihil

119 2923 262 3010 proderit
284 2921 379 3012 apud
402 2921 512 2991 Deum
544 2921 717 2992 abstinere
740 2945 761 2990 a
785 2921 988 3007 contrariis,
1013 2921 1083 2989 uisi
1116 2921 1218 2989 fidem
1241 2920 1279 2988 iu

120 3031 217 3100 Deum
239 3030 486 3122 acceperint»
511 3037 547 3100 et
569 3031 611 3100 de
634 3031 761 3124 quibus
784 3031 849 3100 ait:
870 3031 982 3122 aipsa
996 3037 1125 3098 natura
1140 3029 1280 3120 proprio

121 3138 237 3209 iudicio
259 3149 450 3209 creatorem
484 3161 584 3207 suum
607 3140 791 3229 agnoscit,
817 3164 886 3206 coa
918 3163 981 3228 per
1011 3139 1118 3229 legem
1140 3137 1282 3226 scalper
1360 3189 1363 3198 .

121 3250 275 3316 rationem
296 3263 459 3330 autumo,-
481 3269 567 3338 opus
590 3247 681 3316 enim
701 3247 858 3338 opificem
874 3246 987 3316 cernit
1009 3246 1046 3314 in
1070 3269 1119 3314 se:
1138 3271 1154 3308 n
1175 3245 1280 3314 simul

122 3377 193 3424 raro
213 3356 369 3447 applicat
391 3356 487 3425 dicta
505 3355 667 3447 Apostoli
682 3356 788 3424 etiam
804 3356 967 3424 fidelibus
982 3354 1197 3424 Christianis
1214 3352 1278 3440 (1).

177 3462 300 3532 Paucis
322 3463 439 3531 adhuc
461 3462 748 3532 commemorandi
771 3470 855 3532 sunt
877 3461 1033 3552 theologi
1056 3463 1100 3528 ab
1116 3461 1280 3529 adversa·

122 3569 176 3638 riis
189 3571 300 3640 citati.
321 3569 444 3653 Quoad
461 3571 707 3663 quaestionem,
726 3577 845 3640 utrum
861 3577 983 3662 gentes
999 3569 1211 3639 naturaliter
1228 3569 1280 3636 fu·

122 3676 237 3748 cientes
259 3701 348 3772 quae
371 3675 462 3768 legis
485 3684 587 3764 suut,
613 3677 864 3769 intelligantur
891 3677 1014 3756 fideles
1037 3701 1082 3746 an
1106 3675 1278 3762 infideles,

119 3783 321 3855 humbaudus
344 3793 381 3855 et
412 3785 450 3855 S.
484 3785 634 3854 Thomas
665 3787 702 3854 iu
733 3793 913 3856 comment.
949 3787 986 3854 h.
1018 3785 1047 3854 l.
1080 3791 1281 3876 proponunt

118 3901 288 3989 utramque
311 3892 524 3985 hypothesin
547 3893 584 3963 S.
602 3895 812 3984 Augustini.
832 3894 932 3978 Quod
948 3915 1032 3964 vero
1055 3899 1191 3984 spectat
1205 3915 1279 3964 rem

169 4075 209 4150 (1)
226 4079 310 4134 (terto
329 4095 386 4132 nou
406 4079 469 4132 sina
484 4077 640 4132 ausertri
662 4077 771 4132 cruditi
792 4078 971 4144 iudicarunt,
992 4077 1045 4131 hos
1063 4077 1280 4132 commentarios

120 4167 247 4231 amadan
263 4166 415 4220 Ambrosio
434 4165 537 4220 deinde
550 4181 567 4219 a
579 4166 680 4219 multis
699 4165 814 4220 Hilario
834 4167 952 4220 dimona
970 4166 1153 4221 huctleriauo
1173 4166 1279 4220 adseri·

119 4257 174 4318 uu·
197 4257 420 4325 complexionem
439 4256 580 4324 quandam
604 4271 667 4310 csse
692 4255 964 4323 interpretationum
983 4271 1018 4308 ex
1037 4256 1162 4310 diversio
1183 4259 1279 4310 auoto-

120 4343 189 4399 ntra
204 4348 416 4414 coadunatam
431 4363 488 4401 nou
503 4351 599 4402 tamen
612 4363 683 4416 opus
696 4351 757 4415 eat,
772 4351 805 4400 ut
818 4351 960 4401 auctorem
974 4351 1092 4416 proptor
1104 4347 1182 4402 dicta
1195 4361 1279 4415 quae·

121 4429 174 4487 dnn
185 4437 316 4504 ambigua
328 4452 390 4491 cum
402 4439 551 4492 neuuilit
561 4439 705 4504 theologia
715 4439 923 4506 Pelagiantsni
936 4441 1098 4506 suspectum
1111 4439 1275 4494 habeamus.

1119 4545 1138 4580 0
