3292 5062
548 333 727 396 -141-

70 456 131 504 esse
150 435 292 506 eundem
315 437 431 527 ipsum
453 438 575 522 Deum
594 459 615 504 e
637 461 705 530 quo
728 439 824 508 iacta
847 442 930 506 sunt
951 439 1067 506 omnia
1084 463 1101 500 n
1120 436 1219 525 (civ.

69 543 122 612 Dei
143 543 240 612 VIII.
256 567 286 612 c.
302 545 368 628 7.).

122 649 294 740 Imprimis
316 657 455 742 oportet
476 652 655 722 declarare
677 653 788 744 ipsam
811 654 1048 746 metaphoram
1066 654 1221 720 luminis.

68 756 299 826 Benedicitur
322 757 385 824 tue
408 757 444 825 in
469 781 505 828 se
536 758 612 848 ipso
646 759 699 844 (in
729 761 944 849 oppositione
972 761 1016 829 ad
1048 760 1223 842 tenebras)

68 872 100 932 nt
120 886 284 932 summum
309 864 447 950 bonum,
473 887 607 933 summa
631 867 798 954 perfectio
829 889 868 935 eo
899 869 972 936 iere
1002 891 1128 954 sensu,
1154 888 1222 957 quo

66 971 183 1040 dicitur
203 979 306 1040 ectus
329 995 452 1060 purus:
473 1001 489 1035 ι
507 973 603 1042 Dens
625 973 686 1040 lnx
710 979 766 1042 est
787 979 823 1042 et
846 975 1009 1042 tenebrae
1032 974 1070 1041 in
1093 995 1222 1042 eonon

67 1087 138 1146 sunt
152 1078 244 1148 ullae
264 1105 280 1140 n
300 1078 333 1148 1.
351 1079 403 1148 Io.
417 1079 447 1147 1.
464 1081 497 1148 5.
515 1079 666 1148 Maxime
683 1103 765 1150 vero
789 1082 825 1148 in
850 1081 970 1150 ordine
995 1081 1219 1170 cognitionis,

67 1209 141 1277 qnae
162 1188 361 1279 (desumpta
382 1188 659 1260 denominatione
682 1211 703 1257 a
725 1190 898 1276 sensibus)
916 1199 970 1260 est
988 1190 1155 1283 quaedam
1171 1194 1220 1257 vi·

66 1295 121 1374 sio,
134 1293 264 1364 dicitur
287 1295 348 1364 iux
366 1295 409 1362 -in
432 1319 468 1364 se
484 1297 559 1388 ipso
583 1304 624 1366 ut
646 1297 786 1366 infinita
801 1299 953 1368 essentie
966 1297 1218 1388 intelligibilis,

67 1400 179 1492 inqua
201 1407 289 1470 sunt
311 1403 464 1472 rationes
487 1405 839 1494 supremaeomnium
862 1427 1036 1488 verorum,
1054 1411 1091 1474 et
1113 1410 1155 1472 ut
1169 1403 1220 1472 in·

67 1507 174 1576 tuitus
203 1507 408 1580 intellectus
437 1511 727 1602 comprehendens
757 1533 855 1580 anam
885 1511 1072 1580 essentiam
1102 1518 1221 1600 utpote

67 1637 131 1682 rum
160 1638 200 1684 ee
232 1616 496 1700 identificatus,
522 1640 544 1684 a
573 1641 640 1711 quo
675 1619 802 1710 pendet
835 1618 946 1686 omnia
981 1616 1222 1706 intelligentia

66 1729 181 1792 nnn.
201 1753 219 1788 ι
237 1724 331 1807 Quia
353 1726 426 1793 Deo
440 1733 494 1794 est
508 1725 599 1795 idem
621 1749 696 1795 esse
712 1733 747 1796 et
763 1725 974 1815 intelligere,
993 1731 1030 1793 et
1045 1731 1100 1793 est
1114 1723 1221 1793 omni·

67 1833 120 1900 bus
139 1855 244 1902 eausa
267 1833 510 1922 intelligendi,
536 1835 618 1903 inde
640 1841 712 1918 est,
739 1835 829 1926 qnod
862 1833 995 1902 dicitur
1016 1855 1090 1901 esse
1113 1833 1175 1900 lux
1202 1859 1218 1894 n

65 1939 95 2008 S.
112 1940 228 2010 Thoos.
249 1950 361 2010 contr.
382 1950 477 2031 gent.
495 1940 520 2010 l.
539 1942 608 2010 III.
628 1965 658 2010 o.
677 1940 732 2010 53.
750 1941 793 2010 In
817 1964 852 2010 se
876 1941 953 2031 ipso
968 1941 1063 2008 Deus
1079 1945 1134 2008 est
1158 1939 1221 2006 lum

66 2047 183 2130 lame,-
205 2047 290 2117 hino
313 2055 429 2138 potest
452 2049 588 2134 deduci,
615 2073 682 2142 quo
705 2071 809 2118 sensu
832 2048 881 2118 sit
905 2049 967 2114 lun
990 2047 1219 2128 illuminans,

67 2155 201 2224 elumen
224 2181 338 2223 rerum
369 2156 671 2246 eopuosoendorum
695 2185 711 2220 n
733 2158 810 2229 Civ.
827 2155 902 2226 Dei.
920 2155 1023 2224 VIII.
1040 2154 1073 2223 9.
1092 2153 1220 2238 Quate-

65 2285 119 2330 nus
139 2263 261 2331 divinn
283 2264 437 2331 essentia
457 2271 513 2332 est
533 2261 577 2332 ad
605 2269 707 2332 extra
737 2263 944 2348 imitabilis,
970 2283 1012 2331 ea
1041 2269 1096 2331 est
1128 2261 1221 2329 ratio

65 2369 199 2438 omnium
223 2377 295 2438 tam
317 2370 533 2462 possibilium
551 2393 653 2466 quam
669 2371 908 2456 existentium,
923 2393 985 2438 seu
1001 2369 1113 2438 totius
1127 2367 1221 2437 entis

65 2482 150 2545 extra
157 2478 281 2558 Deum,
293 2501 363 2570 que
373 2476 445 2546 late
457 2483 567 2568 patet;
580 2471 673 2547 unde'
681 2479 831 2548 essentie
843 2477 960 2548 eadem
973 2483 1013 2547 nt
1024 2499 1221 2568 supremum

65 2609 167 2654 rerum
186 2585 416 2676 intelligibile
431 2595 485 2656 est
500 2587 592 2656 ratio
608 2609 649 2657 ac
664 2587 928 2656 fundamentum
944 2586 1055 2654 omnis
1076 2583 1152 2653 veri
1168 2583 1220 2652 iu·

64 2693 272 2782 telligibilis:
294 2700 400 2788 utque
416 2693 468 2760 ita
482 2693 663 2762 illuminat
685 2693 760 2784 ipsa
783 2694 917 2762 obiecta
935 2689 1148 2780 cognitionis
1163 2711 1220 2757 no·

64 2808 159 2884 strae,
183 2799 278 2892 quod
300 2799 392 2866 nihil
414 2799 593 2890 significat
615 2799 731 2884 aliud,
764 2821 867 2890 quem
899 2801 963 2869 hoc
992 2799 1105 2889 ipsum
1129 2793 1225 2886 quod·

64 2905 206 2991 dicimus,
231 2907 343 2975 Deum
366 2929 440 2976 esse
463 2929 658 2996 supremam
681 2908 851 2980 rationem
874 2906 1025 2974 omnium
1049 2902 1221 2993 cognosci-

65 3015 182 3084 bilinm:
203 3045 220 3080 ι
238 3015 507 3106 disciplinarum
530 3036 685 3107 quaeque
708 3015 902 3084 certissima
917 3013 1007 3081 talia
1024 3022 1118 3095 sunt,
1137 3031 1220 3102 qua·

65 3122 103 3190 lia
121 3124 196 3208 illa,
223 3145 312 3215 quae
336 3123 406 3192 sole
428 3123 670 3208 illustrantur,
690 3131 731 3193 ut
746 3123 860 3192 videri
883 3123 1027 3214 possint;
1047 3121 1142 3190 Deus
1161 3141 1220 3188 an·
1304 3115 1313 3130 '

66 3235 120 3298 tem
140 3239 195 3301 est
216 3233 292 3321 ipse
319 3231 380 3322 qui
410 3231 572 3300 illustrat
596 3257 613 3294 e
639 3233 734 3321 Aug.
753 3229 779 3298 l.
800 3255 830 3300 c.
857 3230 1030 3320 superins.
1057 3229 1134 3298 Non
1166 3233 1221 3296 est
1311 3310 1317 3322 ³

66 3341 163 3405 autem
188 3339 309 3424 (etiem
332 3339 370 3405 in
387 3338 560 3406 sententia
574 3337 786 3427 Augustini)
802 3337 897 3406 Dens
912 3335 1027 3404 lumen
1044 3357 1105 3425 pro
1121 3333 1221 3402 nobis

67 3443 94 3511 iu
113 3446 285 3535 praesenti
308 3451 405 3513 stetu
422 3445 512 3514 forte
535 3468 574 3514 eo
597 3469 713 3531 sensu,
732 3446 822 3538 qnod
839 3443 1128 3514 intellectualiter
1143 3442 1221 3510 viso

66 3549 124 3620 Deo
144 3553 279 3644 inipso
303 3561 344 3620 ut
366 3575 529 3642 suprema
550 3555 703 3623 veritate
738 3553 918 3624 videamus
948 3551 1085 3643 reliqna
1109 3572 1217 3634 vera,

68 3683 194 3751 quornm
216 3662 372 3730 rationes
393 3659 470 3751 ipsa
492 3659 617 3729 divine
639 3661 791 3731 essentia
825 3660 946 3752 utique
976 3659 1014 3728 in
1044 3680 1080 3728 se
1111 3657 1220 3728 conti·

69 3897 207 3965 Evangelio
226 3899 345 3952 Ioannis
366 3901 396 3953 et
412 3897 536 3952 Verbum
560 3897 772 3951 PlatonIcornm
789 3897 1029 3964 comparationem
1049 3911 1105 3950 non
1126 3897 1217 3949 solnm

69 3989 173 4042 attentus
189 3989 340 4054 analogtae
360 3985 410 4040 sed
427 3986 595 4040 identitatis
614 4003 676 4041 esse
693 3985 798 4040 audeat
814 3988 922 4041 sentire
933 3989 979 4040 vel
991 3987 1128 4040 affirmare
1141 3981 1220 4058 (side

69 4075 93 4128 tn
109 4077 197 4132 t‘raet.
208 4077 242 4131 de
257 4077 338 4132 Tris.
359 4077 493 4133 Scholion
507 4076 543 4130 ad
562 4077 605 4130 tt.
620 4075 758 4148 xvt11.)t
777 4076 888 4131 Similis
908 4091 975 4130 vero
992 4078 1037 4128 est
1055 4075 1130 4128 ratio
1149 4090 1219 4130 eom·

70 4166 211 4230 pontionis
233 4167 312 4218 iuter
331 4164 489 4219 doctrinam
511 4152 737 4233 philosophicam
757 4165 890 4218 Platonis
912 4169 943 4218 et
963 4163 1121 4218 doctrinam
1146 4163 1220 4216 chri·

71 4251 176 4308 stianam
191 4259 249 4309 tum
269 4255 362 4324 quoad
379 4255 561 4321 creationem,
585 4259 645 4309 tum
662 4253 754 4323 quoad
775 4255 915 4308 theoriam
933 4253 1061 4308 idearum
1081 4255 1111 4307 et
1127 4251 1219 4318 cogni·

72 4341 146 4398 tionis
163 4347 314 4414 humanae,
335 4351 395 4399 tum
416 4345 508 4415 quoad
529 4347 660 4401 ethicam.
679 4345 723 4401 ot.
734 4347 771 4402 ol.
783 4345 877 4400 (iarol.
889 4347 1055 4402 Vercellone
1073 4345 1217 4398 Disserta-

74 4432 136 4486 aiont
150 4433 354 4504 decademiehe,
368 4435 521 4490 ffissertu.
538 4437 604 4490 111.
