3394 5056
588 341 626 358 ..
647 311 687 372 73
708 341 746 358 ...

98 417 127 486 iu
146 415 354 508 oppositione
376 415 492 488 altera
514 413 607 486 inter
622 416 770 484 Iudaeos
786 419 822 484 et
838 413 1002 497 Graecos,
1021 412 1254 483 circumcisio·

97 549 157 594 nem
173 535 206 594 et
222 525 461 617 praeputium.
478 525 573 594 Haec
595 526 687 594 enim
711 525 882 614 posterior
907 522 1077 615 oppositio
1100 523 1254 591 nomina·

96 635 146 702 tim
160 634 193 700 in
209 633 315 702 libris
329 634 374 704 N.
391 633 434 702 Τ.
452 633 553 702 unica
575 633 771 702 desumitur
793 656 835 702 ex
860 632 1068 703 diversitate
1084 631 1202 720 gentis
1219 637 1255 700 et

97 739 226 826 originis
249 761 320 807 non
344 748 460 808 autem
478 763 520 808 ax
536 739 745 807 diversitate
768 739 964 828 religionis,
990 739 1074 808 adeo
1092 747 1132 806 ut
1147 739 1254 806 etiam

96 869 193 914 onnes
214 846 414 918 Christiani
436 847 699 916 distribuantur
714 848 751 916 in
766 848 914 916 Iudaeos
930 854 967 917 et
982 847 1144 933 Graecos3
1165 845 1201 914 h.
1220 870 1250 916 e.

95 953 194 1022 meos
216 955 278 1046 qui
304 977 431 1044 genere
454 955 577 1024 Iudaei
601 964 703 1039 sunt,
729 961 766 1024 et
794 977 852 1023 eos
883 955 942 1045 qui
972 955 1137 1045 prognati
1170 961 1255 1024 sunt

96 1081 128 1127 ex
141 1061 206 1130 alia
217 1051 326 1152 genta
343 1062 439 1148 (vide
456 1062 501 1130 ol.
519 1063 557 1130 P.
572 1062 706 1131 Patrizi
720 1063 756 1130 in
769 1061 942 1153 Evangel.
959 1063 984 1130 l.
999 1063 1029 1130 I.
1042 1086 1071 1132 c.
1082 1062 1115 1130 1.
1130 1087 1165 1130 n.
1181 1062 1255 1151 68.)

95 1167 135 1234 at
153 1169 324 1258 oppositio
347 1169 463 1238 altera
484 1191 551 1237 non
581 1169 652 1236 iam
683 1170 828 1260 respicit
862 1170 972 1238 solum
1012 1171 1254 1240 diversitatem

96 1274 203 1360 gentis,
221 1276 283 1346 sed
301 1275 434 1344 diserte
461 1273 653 1344 collocatur
668 1275 706 1344 in
722 1277 931 1346 diversitate
948 1276 1144 1366 religionis,
1164 1279 1254 1369 quod

95 1380 145 1448 clii
159 1381 287 1450 habent
303 1381 461 1450 divinam
477 1381 724 1452 revelationem
741 1383 844 1473 legis,
861 1384 925 1452 alii
940 1385 985 1452 ad
1003 1385 1254 1453 manifestatio·

96 1513 157 1558 nem
166 1489 256 1578 legis
269 1488 403 1558 habent
414 1492 652 1560 tantummodo
664 1501 826 1560 naturam
840 1491 1057 1578 rationalem,
1071 1499 1108 1560 et
1121 1494 1173 1561 ita
1185 1493 1255 1582 ipsi

96 1599 243 1669 sibisunt
261 1599 334 1668 lex.
355 1597 455 1668 Unde
477 1599 582 1670 etiam
606 1600 697 1692 quod
720 1601 908 1691 aliquando
930 1611 966 1670 et
989 1601 1024 1668 in
1049 1601 1255 1693 quibusdam

100 1703 166 1787 (brev
178 1701 257 1794 reip)
275 1706 365 1774 illae
388 1713 510 1796 gentes
533 1729 602 1775 non
624 1706 791 1776 habentes
807 1707 917 1796 legem
933 1708 1100 1776 dicuntur
1118 1737 1135 1772 u
1152 1718 1254 1777 natu-

97 1813 202 1882 raliter
224 1815 343 1884 facere
366 1837 431 1897 eas
445 1836 532 1906 quae
547 1814 639 1906 legis
669 1824 754 1884 sunt
771 1843 809 1900 n,
835 1815 1023 1906 plurimum
1058 1817 1181 1885 differt
1211 1818 1255 1885 ab

99 1922 274 2010 operatione
298 1923 392 2006 boni,
420 1945 482 2012 pro
505 1944 575 2014 qua
597 1923 817 2012 promittitur
841 1922 967 2012 gloria,
994 1921 1103 1992 honor
1128 1931 1164 1991 et
1185 1945 1253 2014 pax

99 2027 205 2100 Iudaeo
226 2041 262 2100 et
285 2031 434 2116 Graeco,
453 2039 558 2123 atque
574 2053 595 2098 a
612 2033 772 2102 custodia
788 2041 826 2100 et
841 2034 1132 2102 consummatione
1149 2033 1252 2123 legis,

99 2157 147 2223 pro
167 2159 230 2228 qua
253 2139 441 2228 praeputio
458 2138 497 2226 (i.
512 2161 541 2208 e,
560 2161 628 2208 uon
645 2140 862 2208 circumcisis
878 2141 914 2207 in
932 2146 1049 2228 carne)
1066 2151 1170 2233 atque
1186 2141 1254 2209 eir·

101 2244 239 2312 concisis
262 2244 367 2312 corde
385 2254 421 2312 et
437 2244 474 2312 in
498 2246 627 2336 spiritu
652 2245 731 2314 laus
754 2255 809 2313 cst
831 2269 899 2314 non
915 2270 957 2315 ex
974 2247 1171 2316 hominibus
1195 2247 1267 2316 aad

101 2349 205 2418 exDeo
218 2376 251 2420 v.
270 2354 306 2420 7.
327 2351 382 2420 10.
399 2353 456 2420 26.
475 2352 531 2420 27.
550 2353 606 2420 29.
632 2353 728 2422 Idem
747 2354 854 2422 etiam
877 2362 932 2422 est
954 2355 1137 2424 discrimen
1162 2356 1254 2424 inter

104 2467 245 2546 «gentes,
265 2460 298 2528 si
317 2460 454 2552 quando
467 2460 683 2530 naturaliter
699 2461 894 2532 faciuntea
911 2484 999 2554 quae
1015 2463 1106 2553 legis
1119 2471 1203 2531 sunt
1219 2489 1251 2548 a,

101 2573 127 2632 et
143 2566 226 2636 inter
249 2568 334 2636 illos
356 2568 542 2660 dequibus
565 2593 601 2638 v.
620 2569 674 2638 13.
694 2571 847 2639 dicitur:
867 2601 884 2636 a
902 2574 1053 2640 factores
1077 2572 1167 2661 legis
1201 2571 1253 2640 iu·

102 2671 328 2744 dificabuntur
345 2703 376 2760 n,
394 2675 425 2743 si
449 2676 657 2746 iustificatio
681 2683 737 2766 (ut
759 2679 974 2768 probabilius
989 2679 1147 2764 videtur)
1164 2679 1253 2748 acci·

102 2777 203 2866 pieuda
223 2791 277 2853 est
301 2807 406 2852 sensu
429 2784 583 2874 positivo
605 2785 647 2854 da
669 2786 811 2855 iustitia
838 2787 1112 2876 supernaturali,
1132 2795 1168 2854 et
1185 2808 1253 2854 non

103 2886 191 2956 solum
211 2892 380 2982 negative
402 2890 444 2960 dc
467 2893 605 2961 actibus
628 2894 840 2963 naturaliter
862 2893 981 2977 iustis,
1001 2894 1062 2984 qni
1078 2893 1155 2962 ideo
1178 2916 1255 2984 poa-

104 3013 165 3060 ncn
183 3019 246 3066 uon
269 3005 483 3066 mereantur.
497 2997 540 3066 In
557 2998 621 3068 hoc
637 3000 729 3067 enim
748 3000 933 3083 versiculo,
953 3000 1014 3066 nbi
1029 3001 1254 3068 nominantur

106 3101 256 3174 «factores
268 3103 362 3194 legis
374 3105 435 3196 qui
450 3105 740 3176 iustificabuntur
751 3135 782 3191 n,
797 3131 864 3176 non
878 3107 919 3176 de
932 3107 977 3175 iis
990 3107 1051 3198 qui
1063 3107 1174 3196 legem
1186 3130 1254 3176 non

105 3203 220 3294 habent,
237 3213 298 3280 sed
315 3235 475 3302 expresse
492 3213 534 3282 de
551 3212 770 3280 auditoribus
789 3215 876 3303 lepis
892 3235 1003 3281 sermo
1018 3221 1083 3298 est,
1102 3215 1254 3304 adeoque

104 3310 135 3380 de
152 3315 191 3384 iis
211 3319 270 3410 qui
293 3319 407 3408 legem
424 3319 553 3388 habent
576 3321 780 3390 revelatam.
794 3322 933 3391 Comma
956 3345 1039 3390 varo
1055 3322 1109 3390 14.
1135 3329 1172 3392 ct
1196 3323 1250 3390 15.

106 3419 150 3486 ubi
169 3425 281 3512 agitur
305 3425 347 3494 de
370 3427 536 3515 gentibus
560 3449 648 3518 quaa
671 3426 784 3516 legem
818 3450 887 3495 non
918 3428 1067 3513 habent,
1093 3427 1255 3497 cohaeret

107 3545 166 3595 cum
178 3533 289 3600 verbis
306 3532 475 3602 versiculi
492 3533 546 3600 12:
568 3563 584 3598 u
602 3534 809 3626 quicumque
822 3535 896 3602 sine
913 3535 990 3624 lege
1006 3541 1250 3625 peccaverunt,

109 3633 163 3702 sine
183 3637 254 3728 lege
277 3641 444 3731 peribunt
461 3665 492 3728 »ς
511 3640 576 3710 hoc
599 3641 690 3710 enim
717 3641 852 3732 ipsum,
878 3643 1045 3734 quomodo
1077 3641 1152 3710 sine
1175 3641 1252 3730 lege

109 3744 259 3834 peribunt,
293 3750 495 3819 declaratur
525 3772 588 3840 per
610 3750 803 3818 versiculos
840 3750 970 3832 14-16,
997 3749 1087 3840 quod
1118 3749 1254 3818 scilicet

108 3843 172 3917 licet
191 3855 258 3923 sint
280 3857 357 3924 sine
378 3855 457 3945 lege
479 3855 656 3942 revelata,
682 3879 751 3924 non
782 3867 897 3925 tamen
931 3865 1015 3925 sunt
1045 3855 1253 3946 simpliciter

111 3954 167 4025 sine
187 3959 266 4051 lege.

159 4065 205 4134 Ex
226 4070 279 4138 his
301 4071 370 4139 iam
394 4070 501 4139 etiam
524 4075 623 4160 petat
645 4071 823 4160 responsio
846 4071 891 4139 ad
913 4071 980 4156 4⁰¹⁰,
1007 4071 1097 4162 quod
1134 4071 1252 4139 obiici·

111 4169 165 4236 tur.
176 4171 306 4247 Falsum
330 4185 385 4246 est
407 4178 498 4245 enim
522 4178 565 4244 ab
589 4179 756 4273 Apostolo
779 4178 936 4246 exhiberi
961 4177 1191 4266 cogitationes
1216 4179 1252 4244 in

112 4271 154 4342 dic
171 4279 282 4355 iudicii
304 4285 531 4354 defendentes
554 4285 617 4369 ita,
644 4292 686 4352 ut
708 4284 881 4352 hominem
904 4284 1050 4373 dignum
1067 4283 1253 4353 ostendant

114 4380 171 4450 viu
188 4401 330 4462 murno.
350 4391 591 4482 Cogitationes
621 4402 825 4462 accusantes
848 4399 887 4460 et
909 4393 1134 4462 defendentes
1167 4397 1252 4460 sunt
1367 4425 1374 4442 ·
