3280 5070
910 401 949 418 ..
969 370 1030 432 590
1050 399 1088 416 .-

482 479 571 548 Nam
595 479 628 546 1ο
651 479 833 549 voluntate
855 476 1079 546 antecedente
1101 473 1356 563 praevisionem
1380 473 1551 542 meritorum

417 587 511 654 Deus
534 587 732 677 Scripturis
754 584 957 655 docentibus
979 583 1054 650 cult
1077 605 1185 648 omnes
1202 583 1351 648 domines
1365 582 1469 649 sulcos
1479 583 1551 670 fieri.

292 753 296 760 .
417 695 469 761 At
493 715 576 761 vero
600 715 678 762 cum
702 692 768 762 hac
795 692 977 761 voluntate
1005 688 1188 758 conciliari
1214 711 1281 758 nou
1311 693 1428 780 potest
1454 704 1556 756 cetae

417 799 497 866 dcco
518 799 584 866 illa
606 799 879 891 praedestinatio
901 805 937 868 et
959 797 1121 867 absoluta
1141 797 1306 867 voluntas
1321 795 1448 865 salutis
1461 817 1556 863 corun

416 906 586 992 omnium,
613 905 674 999 qui
697 915 779 976 actu
803 906 1007 990 salvantur,
1032 912 1068 974 et
1091 905 1167 973 sine
1190 926 1260 996 qua
1281 926 1381 972 nemo
1408 901 1555 972 salvatur.
1623 994 1627 1003 Ι

416 1015 491 1082 Hac
521 1015 612 1083 euim
643 1015 757 1105 posita
786 1013 1106 1102 praedestinatione
1140 1013 1388 1097 antecedente,
1421 1032 1501 1104 quae
1523 1013 1557 1080 ad

416 1143 532 1188 omnes
556 1126 592 1189 et
614 1120 705 1189 solos
728 1127 810 1190 actu
841 1121 1028 1190 salvandos
1058 1121 1235 1202 refertur,
1267 1119 1461 1188 necessarm
1487 1118 1558 1186 allis
1623 1108 1628 1196 ἶ

416 1228 540 1296 manda
563 1227 668 1298 simul
692 1232 747 1296 est
769 1226 964 1296 antecedens
980 1227 1175 1319 reprobatio
1190 1229 1356 1318 negativa
1378 1227 1421 1293 od
1443 1241 1558 1292 ceterae

414 1335 527 1402 salute
548 1335 624 1405 sive
646 1337 788 1426 negatio
817 1335 1147 1426 praedestinationis
1173 1334 1324 1403 aliorum
1346 1335 1493 1403 omnium
1511 1333 1557 1400 ho

415 1443 557 1528 minum,
577 1467 679 1536 quam
702 1443 918 1514 voluntatem
942 1445 1094 1532 negandi
1116 1443 1467 1535 praedestinationem
1483 1443 1558 1510 Deos
1627 1535 1628 1539 Ἰ

413 1573 482 1618 ιιοιι
505 1573 546 1619 ex
570 1551 743 1640 praevisis
759 1551 861 1620 malis
878 1552 1024 1637 meritis,
1046 1551 1106 1620 sed
1121 1573 1164 1620 ex
1180 1573 1273 1620 mero
1288 1573 1351 1620 suo
1367 1549 1559 1641 beneplmto
1627 1564 1628 1574 ¹

414 1659 542 1728 habeat
564 1659 616 1728 ita
638 1665 893 1750 comparatam,
919 1665 961 1730 ut
982 1682 1025 1728 ex
1047 1659 1113 1729 hac
1136 1659 1211 1728 sola
1233 1661 1421 1749 negatione
1442 1657 1558 1749 praede
1623 1728 1628 1753 Ι

414 1764 617 1833 stinationie
632 1771 713 1834 ante
729 1787 859 1833 omnem
874 1765 1144 1856 suppositionem
1159 1773 1381 1856 peccatorum
1398 1765 1558 1855 metaphy·
1622 1756 1629 1833 ζ

414 1871 484 1940 eice
506 1877 678 1961 repugnet
694 1893 898 1964 quemquam
914 1871 1055 1940 illorum
1070 1873 1222 1940 omnium
1238 1872 1404 1964 consequi
1417 1871 1557 1940 salutem.
1622 1860 1628 1949 Ξ

412 1977 524 2070 Atqui
547 1999 622 2046 cum
645 1977 713 2046 tali
734 1978 917 2048 voluntate
935 1979 1160 2048 antecedente
1176 1981 1367 2050 consistere
1382 2005 1450 2051 non
1464 1987 1559 2072 potest
1623 1974 1630 2025 'l

413 2087 576 2156 voluntas
595 2086 812 2173 antecedens,
839 2095 881 2157 ut
903 2087 941 2156 hi
964 2089 1070 2157 etiam
1089 2113 1205 2160 omncs
1220 2090 1314 2160 salvi
1329 2091 1418 2161 liant
1433 2102 1558 2162 atuemo

411 2217 529 2264 eorum
546 2201 676 2284 pereat,
692 2195 829 2286 qualem
847 2195 1052 2287 Scripturas
1066 2202 1142 2266 tum
1165 2220 1227 2290 per
1249 2221 1287 2267 se
1308 2198 1486 2289 inspectae
1499 2204 1557 2266 tum

411 2301 610 2372 intellectae
631 2303 818 2372 secundum
833 2303 978 2372 Petrum
1001 2302 1325 2396 interpretationem
1347 2306 1385 2374 iu
1407 2306 1479 2376 Deo
1499 2327 1558 2374 csso

411 2407 642 2479 disertissime
664 2407 798 2478 docent.

477 2515 615 2598 Quaero
644 2515 758 2602 enim,
788 2521 908 2586 utrum
930 2517 1025 2586 Deus
1047 2518 1085 2586 in
1111 2541 1151 2588 eo
1177 2520 1302 2610 signo,
1332 2523 1370 2591 in
1398 2546 1465 2616 quo
1492 2527 1557 2590 anto
1631 2555 1632 2602 ;

409 2646 541 2692 omnem
564 2623 816 2715 praevisionem
840 2625 1041 2694 meritorum
1063 2625 1190 2696 electos
1206 2651 1287 2697 snos
1305 2651 1423 2700 omnes
1437 2629 1556 2721 praede·

411 2731 574 2816 stiuavit,
603 2754 685 2802 vere
709 2733 876 2819 voluerit,
900 2739 942 2802 ut
963 2733 1069 2803 etiam
1091 2755 1160 2802 non
1183 2733 1235 2802 ita
1256 2737 1558 2826 praedestinatisa

409 2839 518 2908 lutam
534 2845 790 2932 cousequantur
813 2841 879 2908 sub
902 2840 1110 2926 conditione,
1127 2840 1308 2912 dummodo
1323 2843 1477 2914 fideliter
1492 2865 1556 2934 gre
1631 2851 1632 2920 ι

409 2947 480 3016 tiae
503 2947 713 3038 cooperando
736 2947 885 3016 salutem
909 2949 1135 3018 mereantur?
1158 2949 1326 3020 Voluitne
1349 2952 1397 3021 iis
1419 2955 1556 3022 contem

408 3055 544 3145 gratias
575 3077 655 3125 vers
685 3054 915 3140 sufficientes,
948 3054 1107 3124 voluitne
1135 3055 1197 3125 has
1226 3058 1363 3147 gratias
1395 3061 1554 3142 contos,

409 3169 576 3256 quantum
599 3186 641 3232 ex
665 3185 700 3232 se
723 3170 788 3248 cst,
813 3185 856 3232 ex
879 3185 965 3233 vcra
992 3164 1197 3251 voluntate,
1224 3171 1266 3236 ut
1287 3173 1510 3258 cooperentur
1528 3173 1556 3235 st

409 3270 500 3341 salvi
516 3273 627 3341 fiant?
648 3271 687 3341 Si
711 3271 843 3341 dicitur
865 3295 933 3341 non
957 3272 1010 3341 ita
1033 3273 1187 3344 voluisse
1209 3276 1273 3343 sub
1297 3275 1555 3346 conditionatos

407 3380 524 3449 salvos
546 3381 624 3450 fleri
647 3387 682 3450 et
704 3383 873 3451 neminem
896 3381 1031 3475 perire,
1056 3389 1206 3473 negatur
1228 3385 1339 3454 Deum
1362 3385 1454 3455 velle
1474 3389 1553 3453 anu

407 3486 546 3558 cedente
570 3487 753 3560 voluntate
777 3513 892 3560 omnes
918 3490 1074 3560 homiues
1096 3491 1213 3561 salvos
1236 3491 1326 3578 lieri,
1351 3501 1394 3565 ut
1414 3495 1451 3562 in
1475 3489 1553 3562 Scri·

405 3594 522 3686 pturis
543 3601 580 3664 et
603 3617 624 3663 a
645 3597 809 3667 Patribus
836 3599 1070 3688 praedicatur.
1097 3598 1137 3668 Si
1160 3600 1348 3670 secundum
1371 3600 1551 3692 Scriptum·

406 3725 484 3772 ram
507 3709 543 3772 et
564 3702 708 3772 Petrum
731 3703 925 3774 doctrinam
944 3705 1145 3776 conceditur
1160 3705 1246 3776 haec
1261 3707 1493 3777 conditionata
1505 3727 1551 3772 vo

405 3811 526 3881 luntas
556 3811 684 3882 salutis
714 3814 865 3882 omnium
896 3813 1098 3883 homiuumx
1126 3815 1281 3906 profecto
1307 3815 1363 3883 illi
1389 3837 1456 3884 non
1478 3835 1550 3884 oom-

404 3919 567 4010 prehensi
584 3921 621 3989 in
645 3943 787 3990 numero
806 3921 1049 3992 antecedenter
1068 3922 1403 4012 praedestinatorum
1421 3927 1551 4012 possunt

405 4027 543 4116 ingredi
554 4079 570 4112 ,.
588 4034 624 4098 ct
645 4029 740 4098 Deua
763 4035 930 4122 quantum
946 4053 989 4100 ex
1004 4053 1041 4099 se
1056 4037 1128 4116 est,
1148 4030 1247 4117 vult,
1265 4039 1307 4104 ut
1322 4030 1550 4123 ingrediantur

403 4155 580 4203 numerum
604 4137 863 4226 salvandorum
889 4161 951 4207 neo
974 4137 1048 4206 ullo
1073 4137 1170 4209 modo
1192 4163 1234 4208 ex
1258 4141 1440 4229 negatione
1464 4137 1548 4207 illius

403 4241 754 4332 praedestinationis,
784 4245 844 4314 sed
878 4245 990 4316 solum
1021 4253 1269 4340 consequenter
1297 4247 1342 4316 sd
1376 4243 1546 4339 praevisio·

403 4371 480 4417 nem
508 4355 727 4440 peccatorum
756 4352 915 4421 finalium
943 4359 1075 4423 certum
1102 4360 1176 4439 est,
1206 4377 1262 4423 eos
1289 4378 1358 4424 nou
1392 4377 1461 4426 mse
1487 4349 1543 4420 sal·

405 4457 557 4545 vandos;
586 4482 647 4528 nec
682 4460 752 4528 nisi
782 4467 1029 4554 consequenter
1064 4461 1107 4532 ad
1138 4463 1390 4552 praevisionem
1421 4483 1542 4554 operum
