3240 5064
552 358 672 420 -247
695 389 733 404 -

521 571 673 648 SECTlO
702 573 760 646 lll.

169 732 406 788 numerurm
425 701 489 789 ns1
508 734 555 788 ar
574 735 891 794 sacrarrrsrrsus
910 737 1118 796 essonurrs.

441 945 447 952 “
537 930 690 1000 CAPUT
714 933 744 1000 I.

207 1079 250 1122 DE
266 1079 419 1124 maante
432 1081 473 1122 ΒΤ
486 1081 528 1123 DE
546 1081 737 1126 ATTRIBU'PIS
749 1083 870 1128 mvnsts
888 1083 1072 1130 vultuatum.

524 1241 668 1302 THESIS
689 1243 760 1302 XX.

81 1361 127 1422 De
146 1365 278 1442 propria
298 1365 430 1424 ratione
450 1363 587 1424 divinoe
606 1363 773 1448 essentiae,
797 1373 834 1424 at
855 1382 926 1425 eom
947 1365 1208 1429 consideratione

390 1463 429 1521 ab
450 1461 621 1522 attributis
642 1463 887 1540 distinquimue.
1160 1461 1168 1472 ”

128 1664 286 1728 .Qrmeis
316 1663 464 1716 absolutae
493 1661 684 1730 perfectiones
706 1661 823 1716 divinoe
846 1665 966 1718 realiter
990 1664 1145 1718 distinctae
1171 1679 1227 1717 non

66 1758 166 1824 uine,
185 1771 236 1810 nec
256 1753 377 1822 proinde
398 1767 455 1806 una
475 1753 543 1805 eliis
564 1755 645 1820 prior
663 1755 876 1820 ceterarumque
905 1753 1122 1808 tundamentum
1145 1754 1176 1807 in
1196 1769 1226 1806 re

66 1849 153 1915 »lpse
167 1845 296 1911 intelligi
317 1845 424 1912 possit;
446 1843 599 1897 distinctio
622 1847 717 1895 tamen
741 1844 865 1896 rationis
885 1860 920 1897 ex
939 1845 1107 1914 imperfecto
1129 1849 1228 1900 nostro

65 1958 77 1982 ι
88 1935 260 2005 concipiendi
283 1933 364 1988 modo
385 1949 561 2000 consequens
578 1934 653 1986 satis
673 1937 727 2000 est,
741 1937 774 1986 nt
792 1935 949 1986 essentiam
960 1937 989 1987 ot
1004 1936 1149 1990 essentiae
1165 1951 1229 2004 pro·

66 2028 225 2094 'prietstes
247 2024 472 2089 distinguemus.
492 2022 552 2076 Hac
571 2027 665 2076 antem
683 2021 871 2077 distinctione
892 2025 997 2091 posita,
1021 2025 1176 2080 essentiam
1196 2027 1227 2080 lu

66 2132 120 2171 seo
139 2114 328 2172 collocandam
344 2129 406 2168 osse
425 2112 628 2180 conclndlmns,
652 2113 727 2180 qnod
745 2114 821 2166 Dens
842 2117 887 2168 est
902 2115 965 2168 Eae
977 2132 994 2166 o
1006 2131 1070 2171 se.»

122 2311 152 2380 Ι.
168 2312 335 2381 Essentia
357 2309 431 2379 siva
448 2306 534 2400 quid
548 2310 598 2374 sit
612 2309 701 2376 Esse
715 2310 768 2375 rei
793 2305 839 2396 (το
852 2331 879 2374 τι
896 2310 929 2378 ἡν
943 2303 1043 2401 εἰναι),
1057 2311 1110 2381 rei
1124 2311 1228 2403 quid.

68 2418 151 2486 ditcs
172 2425 213 2488 ut
234 2420 348 2502 aiunt,
374 2417 411 2485 in
435 2417 609 2486 creaturis
637 2415 850 2486 considerari
880 2423 994 2507 potest
1022 2418 1227 2509 tripliciter:

68 2526 95 2592 1·
108 2526 137 2594 si
157 2525 406 2615 intelligantur
433 2523 615 2606 escuris,
635 2523 761 2613 quibus
784 2524 1012 2594 constituitur
1034 2548 1091 2594 res
1108 2525 1229 2618 aliqua

68 2633 238 2704 individue
253 2633 291 2702 iu
306 2655 423 2702 rernm
438 2637 578 2714 natura,
593 2636 635 2700 ut
649 2631 695 2699 iis
708 2633 834 2722 positis
849 2632 909 2718 sit,
928 2639 1095 2704 eteorum
1110 2635 1228 2726 aliquo

68 2741 191 2834 dempto
205 2766 274 2812 non
290 2747 382 2810 essct
393 2742 473 2808 hoec
486 2762 553 2808 res.
570 2739 630 2808 Sio
646 2740 864 2809 considerata
879 2743 1031 2810 essentia
1043 2741 1228 2812 individua

69 2859 200 2922 vocatur
222 2852 261 2920 iu
283 2848 495 2920 substantiis
522 2843 738 2937 spartiaria,
763 2849 961 2914 substantio
986 2853 1115 2938 prima,
1140 2873 1227 2942 quae

69 2957 156 3029 risit
175 2960 316 3048 integra
342 2963 378 3026 ct
402 2971 476 3022 tota
492 2957 530 3020 io
546 2979 592 3038 se,
611 2953 646 3022 h.
667 2979 696 3023 e.
715 2976 825 3046 neque
849 2956 945 3024 facta
966 2955 1108 3046 propria
1124 2957 1228 3026 alteri

69 3087 162 3158 neque
177 3065 367 3138 communis
384 3062 549 3153 pluribus
564 3061 660 3130 inter
676 3085 712 3131 se
728 3061 920 3148 distinctis,
939 3069 993 3132 est
1008 3064 1224 3155 hypostasis.

68 3169 214 3244 hssentia
228 3173 342 3262 igitur
358 3171 423 3240 sub
440 3169 506 3240 hac
522 3169 798 3239 consideratione
811 3172 1041 3242 constituitur
1054 3174 1224 3262 omnibus,

70 3301 142 3367 quae
163 3281 300 3351 sunt-in
315 3303 354 3349 re
377 3279 565 3348 individua
587 3279 742 3367 exceptis
765 3279 1040 3350 accidentalibus
1063 3282 1121 3366 iis,
1140 3304 1228 3373 quae

70 3383 171 3454 edesse
192 3393 228 3455 et
250 3386 370 3454 abesse
393 3390 551 3474 possunt,
578 3383 662 3474 quin
686 3382 824 3452 desinat
847 3406 921 3452 asse
952 3383 1037 3454 hacc
1068 3407 1134 3456 res.
1153 3385 1228 3454 Hoc

70 3510 156 3560 sensu
178 3491 210 3560 si
231 3492 417 3583 loquamur
440 3489 483 3559 de
505 3489 659 3559 essentia
683 3489 760 3572 Dei,
779 3512 847 3557 non
871 3491 969 3560 modo
984 3514 1100 3561 omnes
1115 3493 1228 3581 perfe-

71 3597 183 3670 ctiones
217 3598 419 3684 absolutae,
455 3619 543 3690 quas
580 3596 758 3686 concipere
793 3619 988 3686 possumus,
1026 3598 1087 3668 sed
1121 3599 1226 3668 otiam

70 3703 239 3776 relationes
266 3705 518 3776 constituentes
549 3724 734 3793 personas,
765 3705 942 3793 pertinent
968 3705 1013 3772 sd
1041 3706 1227 3774 essentiam

72 3807 218 3902 dimnam3
243 3836 311 3883 non
335 3813 447 3884 solum
463 3820 505 3882 ut
531 3813 627 3881 Deus
643 3812 680 3880 in
697 3835 733 3880 so
748 3817 814 3898 est,
833 3813 893 3882 sed
910 3812 1017 3882 etiam
1033 3819 1074 3882 ut
1089 3835 1111 3880 a
1127 3812 1227 3883 nobis

72 3922 258 4012 concipitur.
273 3922 405 4022 Vernm
428 3919 486 3990 hic
509 3943 632 3992 sensus
655 3919 805 3990 nominis
829 3921 1001 3990 essentiae
1018 3921 1092 3992 siue
1110 3944 1227 3990 reram

74 4030 253 4100 confusione
275 4029 442 4120 usurpari
465 4051 534 4097 nou
562 4036 690 4118 posset.
708 4029 794 4098 Alia
817 4029 907 4098 euim
925 4035 979 4098 est
994 4029 1227 4099 consideratio

74 4132 200 4203 subiecti
222 4133 312 4227 quod
336 4150 398 4216 est,
423 4133 553 4203 etalio
576 4134 801 4224 perfectionis
825 4131 912 4226 qaid
940 4149 1000 4204 est.
1021 4133 1113 4203 Hinc
1141 4133 1228 4203 licet

76 4233 186 4310 inDeo
208 4241 506 4334 simplicissimum
530 4243 618 4310 Esse
641 4242 691 4310 sit
713 4248 750 4310 et
773 4241 978 4332 hypostasis
1001 4266 1090 4333 quoe
1113 4256 1174 4325 est,
1192 4249 1228 4311 et

76 4345 212 4419 absoluta
224 4352 395 4442 perfectio
406 4349 564 4443 quidem
577 4349 839 4419 obtinettamen
852 4371 893 4418 ea
904 4349 1067 4419 distintio
1079 4349 1228 4419 rationis

77 4469 138 4521 suu
157 4455 380 4526 fundamento
407 4455 444 4524 in
471 4477 508 4524 re
537 4455 629 4524 inter
657 4453 868 4545 hypostasin
895 4460 931 4522 et
954 4455 1159 4539 essentiam,
1188 4459 1228 4522 ut
