3394 5056
933 388 971 404 -
991 357 1032 418 90
1054 387 1092 404 ..
1149 371 1154 382 ·

428 464 533 554 atque
554 459 608 529 ite
630 460 814 554 (loquendo
829 483 890 552 per
906 465 1225 553 appropriationem
1240 462 1428 533 secuudum
1443 459 1616 552 proprios

428 567 648 637 characteres
670 569 870 638 divinarum
885 575 1123 660 personarum)
1140 572 1256 662 imago
1275 569 1476 661 Sapientiae
1491 568 1616 658 hypo·

428 675 585 758 statione,
612 697 699 768 quae
721 682 775 746 est
796 677 891 746 Deus
913 677 1078 748 Verbum.
1105 679 1302 748 Secundum
1331 677 1422 746 hanc
1458 674 1615 767 pertici·

429 781 602 872 pationem
625 783 703 872 ipsa
726 784 878 854 facultas
902 785 1165 872 intellectualis,
1191 787 1268 878 ipsa
1287 786 1380 855 ratio
1396 785 1531 854 dicitur
1547 805 1616 851 no-

429 889 483 957 bis
507 890 728 980 congenitum
750 893 895 961 verbum
919 893 1083 963 seminale
1111 892 1211 984 (iopes
1239 889 1450 988 σπερματικος)
1472 891 1544 978 (1),
1564 891 1616 960 de

430 1021 497 1090 quo
519 998 712 1090 loquuntur
734 997 894 1069 Iustinus
917 1001 1021 1092 Apol.
1039 1001 1089 1070 Π.
1115 1026 1151 1072 n.
1176 1003 1210 1072 8.
1238 1003 1301 1090 1³3
1328 999 1481 1071 Tertuil.
1508 999 1536 1066 l.
1564 998 1616 1067 de

359 1135 361 1142 ¹
428 1106 544 1174 anima
567 1131 596 1176 c.
615 1109 671 1196 20;
697 1107 808 1176 Basil.
826 1109 865 1176 in
880 1109 995 1198 regul.
1015 1109 1139 1178 fusior.
1161 1109 1332 1200 interrog.
1357 1110 1398 1196 23
1418 1107 1611 1178 Savariam.

427 1213 582 1284 Gabalit.
598 1216 639 1285 de
651 1217 785 1307 sigillis
795 1240 831 1284 n.
845 1217 879 1286 2.
891 1217 998 1306 (inter
1009 1217 1096 1308 Opp.
1111 1217 1295 1307 Chrysost.
1311 1215 1610 1307 n.x11.p.404);

427 1319 555 1412 cyrill.
582 1323 618 1392 in
641 1324 692 1392 Io.
725 1323 813 1416 Opp.
833 1325 875 1393 Τ.
893 1325 958 1395 IV.
977 1349 1011 1416 p.
1031 1327 1087 1394 74.
1106 1327 1162 1394 75.
1181 1327 1237 1394 76.
1259 1355 1276 1390 ι
1294 1325 1467 1410 Verbum,
1487 1323 1614 1414 inquit

428 1429 598 1520 Cyrillus,
617 1431 796 1503 illuminet
808 1455 938 1502 omnem
954 1434 1124 1503 hominem
1137 1435 1334 1504 venientem
1346 1435 1383 1502 in
1398 1433 1494 1502 huno
1506 1455 1612 1500 mun·

429 1538 511 1607 dum
533 1564 601 1610 non
625 1539 776 1610 docendo
799 1540 894 1609 sicut
916 1541 1034 1632 angeli
1057 1541 1116 1612 vel
1138 1541 1312 1630 homines;
1338 1542 1397 1612 sed
1420 1543 1541 1635 potius
1566 1547 1614 1610 ut

429 1645 523 1717 Deus
547 1649 695 1718 creando
720 1641 765 1738 (ic
783 1641 1004 1721 διδασκαλικως
1021 1646 1103 1712 ἀλλα
1125 1646 1242 1736 μαλλον
1266 1643 1495 1742 δημιουργικως)
1522 1648 1609 1718 uni·

430 1755 555 1848 cuique
578 1779 715 1842 eorum,
742 1755 863 1849 quiin
886 1756 1108 1825 existentiam
1133 1757 1252 1826 vocati
1275 1763 1380 1842 sunt,
1407 1779 1523 1826 semen
1552 1779 1612 1825 sa·

428 1861 581 1951 pientiae
605 1865 680 1934 sive
703 1863 915 1954 cognitionis
937 1863 1003 1932 Dei
1026 1863 1206 1948 immittit,
1236 1869 1274 1933 et
1302 1864 1455 1933 radicem
1477 1863 1612 1932 inserit

429 1969 688 2060 intelligentiae
711 1971 829 2062 sicque
860 1969 967 2040 efficit
1000 1971 1131 2040 animal
1163 1971 1336 2040 rationale
1360 1971 1523 2061 propriae
1545 1992 1610 2040 na-

428 2083 530 2145 turne
553 2078 727 2170 particeps
750 2077 842 2147 illud
865 2077 1025 2147 reddens.
1045 2077 1250 2170 »Origenes
1273 2079 1330 2166 (de
1345 2078 1501 2169 Princip.
1521 2077 1548 2146 l.
1571 2077 1605 2146 I.

429 2207 459 2252 c.
478 2183 512 2252 3.
529 2207 564 2252 n.
584 2186 635 2273 8.)
652 2185 805 2276 appellet
830 2186 1171 2275 aperticipatiouem
1194 2186 1315 2272 Verbi,
1334 2214 1351 2249 ι
1369 2186 1526 2255 Clemens
1541 2185 1608 2253 Al.

430 2291 577 2378 (cohort.
592 2291 637 2360 sd
653 2298 749 2382 gent.
762 2315 796 2382 p.
806 2293 882 2380 45.)
897 2321 913 2356 ι
927 2291 1086 2361 divinum
1102 2293 1280 2362 defluxum
1298 2289 1469 2386 (ἀπιρῥιιαν
1478 2289 1606 2379 oseem)

430 2397 588 2466 omnibus
611 2397 820 2488 simpliciter
843 2397 1053 2484 hominibus,
1079 2401 1226 2469 maxime
1249 2423 1332 2470 vero
1348 2401 1528 2470 doctrinae
1544 2423 1609 2468 va·

430 2505 591 2574 centibus
614 2505 840 2590 instillatum,
865 2529 927 2597 per
950 2529 1051 2598 quem
1073 2507 1179 2576 etiam
1194 2508 1303 2577 inviti
1319 2509 1479 2578 fatentur
1495 2531 1608 2577 unum

429 2634 504 2682 esse
527 2613 648 2682 Deum.
668 2639 684 2677 e
701 2613 775 2682 Hoc
793 2613 909 2684 eodem
934 2637 1039 2684 seusu
1061 2614 1228 2704 imaginis
1250 2615 1316 2686 Dei
1340 2615 1488 2706 Gregor.
1513 2617 1606 2686 Nae.

429 2743 479 2790 or.
499 2720 555 2790 28.
574 2723 622 2790 el.
640 2721 696 2790 34.
714 2746 750 2791 n.
769 2723 824 2791 17.
843 2728 990 2792 mentem
1006 2729 1043 2792 et
1064 2721 1234 2791 rationem
1248 2724 1302 2793 eit
1317 2745 1392 2794 esse
1409 2753 1425 2788 ι
1443 2723 1608 2792 divinum

431 2827 516 2920 quid
532 2834 568 2897 et
583 2829 776 2899 deiformee
795 2827 890 2918 (Suco
914 2849 1000 2896 τιυτι
1017 2853 1068 2894 και
1087 2823 1244 2918 isenrico).
1264 2829 1307 2899 In
1322 2831 1400 2921 ipsa
1417 2829 1533 2920 igitur
1544 2854 1609 2898 na-

430 2941 514 3003 tura
536 2936 715 3024 rationali,
742 2945 783 3008 ut
805 2940 920 3030 imago
942 2939 1008 3008 Dei
1031 2945 1097 3024 est,
1123 2939 1294 3009 fundatur
1309 2938 1444 3006 animae
1459 2960 1609 3028 propen-

429 3043 482 3112 sio
508 3041 716 3134 (συμιιαὲεια)
742 3053 778 3116 et
800 3047 972 3136 impulsus
996 3047 1040 3116 aei
1064 3047 1298 3139 quaerendum
1331 3047 1442 3114 Deum
1465 3045 1503 3113 in
1527 3069 1608 3114 con-

430 3151 642 3223 sideratione
664 3153 836 3223 universi.
854 3153 912 3220 itu
926 3151 1173 3243 Athenagoras
1188 3153 1314 3241 Legat.
1329 3173 1392 3242 pro
1407 3149 1604 3221 Christian.

429 3283 465 3328 u.
484 3261 525 3327 7:
547 3285 687 3330 aunum
709 3263 820 3331 Deum
843 3283 928 3348 esse,
955 3265 998 3330 ut
1020 3261 1210 3352 plurimum
1233 3259 1292 3330 vel
1313 3259 1421 3329 inviti
1441 3261 1609 3330 fatentur

430 3391 557 3454 omnes,
583 3369 720 3462 quando
743 3371 787 3438 ad
811 3371 1055 3439 universorum
1078 3367 1252 3461 principia
1270 3369 1460 3439 veniunt...
1478 3367 1608 3438 Poetae

430 3475 568 3567 quidem
591 3483 629 3546 et
649 3475 850 3567 philosophi
873 3477 1001 3546 utalia
1016 3477 1068 3547 ita
1083 3482 1119 3546 et
1141 3477 1206 3546 hcc
1224 3475 1459 3546 concludendo
1475 3476 1608 3567 attige-

429 3641 522 3710 eliqui
541 3643 624 3696 ebusi
643 3645 714 3710 sint,
736 3647 769 3696 ut
788 3643 960 3696 auctoritate
978 3641 1137 3707 Augustini
1156 3643 1319 3710 probarent,
1340 3655 1397 3694 non
1411 3657 1447 3694 cx
1460 3645 1606 3698 erectura-

429 3747 490 3786 rum
510 3733 739 3788 consideratione
759 3731 809 3785 eei
827 3731 993 3787 immediate
1011 3733 1169 3786 intuitione
1189 3749 1207 3785 e
1224 3733 1307 3786 nobie
1326 3731 1415 3785 Deum
1434 3737 1577 3798 cognosci.

492 3823 521 3878 S.
533 3823 654 3878 Thomas
672 3825 707 3878 eie
726 3827 781 3879 ille
799 3823 1024 3892 participetione
1044 3823 1215 3892 sapientise,
1231 3839 1315 3892 quem
1334 3825 1421 3877 etiem
1440 3823 1605 3892 impreeeio-

429 3929 493 3967 nem
511 3917 650 3983 appellet,
672 3931 755 3983 esepe
774 3915 914 3981 loquitur,
936 3915 1106 3981 praesertim
1127 3915 1177 3967 ubi
1195 3914 1338 3982 explicet,
1360 3915 1496 3983 quomodo
1510 3919 1607 3971 omnis

427 4019 626 4070 cognoscemus
644 4006 676 4058 in
696 4005 870 4058 immutabili
888 4003 1013 4058 veritate
1033 4019 1058 4057 e.
1071 4019 1098 4070 g.
1115 4005 1141 4058 1.
1155 4019 1183 4071 q.
1195 4004 1240 4058 88.
1255 4021 1282 4061 ιι.
1292 4004 1320 4057 a.
1336 4005 1403 4060 coll.
1414 4021 1443 4072 q.
1453 4005 1497 4058 12.
1513 4008 1602 4074 e.12;

427 4093 458 4146 in
478 4095 579 4147 Boith.
595 4094 628 4148 de
647 4095 729 4148 irin.
743 4108 867 4160 prooem.
882 4108 910 4160 q.
920 4094 947 4146 1.
959 4109 985 4147 e.
997 4094 1025 4146 8.
1038 4093 1075 4146 ed
1089 4095 1115 4147 1.
1131 4097 1186 4148 etc.
1225 4158 1226 4161 Ἴ

488 4180 530 4256 (1)
549 4183 636 4252 Sceps
650 4189 732 4252 λιγις
746 4203 927 4256 cuppanem
943 4183 1067 4237 sumitur
1084 4199 1143 4237 nou
1161 4183 1213 4238 hoc
1225 4183 1275 4237 sed
1288 4183 1347 4238 elio
1360 4199 1446 4238 senen
1460 4185 1604 4246 obieetive

427 4288 478 4341 pro
497 4272 597 4326 ordine
619 4277 648 4326 et
667 4273 796 4340 legibus,
818 4273 924 4340 quibus
943 4273 996 4326 hoc
1013 4273 1180 4327 universum
1198 4289 1216 4326 e
1233 4271 1336 4328 divine
1354 4273 1500 4342 sapientie
1519 4275 1603 4329 insti·

428 4367 521 4417 tutum
542 4366 587 4416 est
605 4367 635 4415 et
653 4363 778 4430 regitur,
800 4378 850 4430 pro
871 4363 1017 4430 sepientis
1037 4377 1109 4430 quea
1128 4364 1218 4417 etrusc
1235 4367 1281 4417 est
1299 4377 1386 4432 super
1403 4363 1498 4418 omnic
1517 4379 1604 4432 opere

428 4453 500 4520 eine,
521 4455 554 4507 ut
572 4451 647 4522 opud
664 4451 805 4509 Athenae.
820 4455 896 4508 cunt.
909 4455 987 4518 gent.
1000 4467 1029 4505 ιι.
1040 4453 1085 4506 40.
