3230 5072
899 363 937 377 -
960 327 1020 392 418
1040 361 1079 379 -

409 465 447 513 re
462 441 585 534 possit.
595 440 671 509 Hco
684 439 836 508 admisso
846 436 968 507 nullus
979 441 1081 506 actus
1096 436 1269 506 secundus
1281 437 1568 510 determinatusin

410 551 486 620 illis
501 547 697 618 efficientiis
713 545 846 616 divinis
857 549 895 614 et
914 544 1073 614 omuibus
1089 545 1350 616 conditionibus
1366 553 1464 616 sotus
1478 548 1568 638 primi

410 664 465 727 est
479 654 725 746 cognoscibilis
741 653 951 743 cognitione,
971 653 1089 745 qualis
1099 653 1173 723 Deo
1186 655 1362 724 convenit.
1373 654 1569 746 Cognoscere

410 765 502 834 enim
524 767 641 832 cetum
664 759 935 830 determinatum
966 759 1120 852 aliquem
1144 763 1182 826 in
1205 774 1329 844 mura,
1353 759 1446 830 idem
1467 770 1519 831 ost
1537 784 1570 831 so

410 893 615 962 cognoscere
638 889 779 939 causam
802 867 1073 936 determinatam
1104 867 1149 938 ad
1172 867 1275 937 illum
1308 874 1439 938 actum.
1457 869 1571 968 ‚sedai

409 982 505 1050 Deus
528 997 667 1048 oensem
682 997 751 1045 non
766 973 1034 1045 determinatam
1050 974 1095 1044 ad
1111 975 1204 1046 huno
1218 975 1339 1066 potius
1354 999 1459 1070 quam
1476 977 1571 1046 ulium

410 1095 526 1158 actum
542 1089 764 1176 cognosceret
779 1083 1045 1152 determinatam
1061 1083 1106 1152 ad
1122 1106 1232 1152 unum
1246 1089 1377 1172 cotum,
1388 1085 1483 1154 false
1496 1093 1572 1155 esset

410 1195 577 1286 cognitio.
610 1192 833 1261 Advertatur
864 1195 1001 1276 summ,
1027 1190 1196 1261 scientiae
1226 1191 1369 1262 divinae
1399 1194 1572 1264 terminon

409 1303 558 1376 visionis
581 1303 720 1371 subesse
742 1301 806 1386 ita,
826 1305 867 1369 ut
881 1299 1040 1369 absolute
1061 1307 1235 1390 repugnet
1257 1301 1447 1372 terminum
1471 1303 1572 1394 ecgni-

409 1421 486 1483 tum
508 1433 577 1480 non
601 1433 677 1480 esse
706 1409 831 1494 talem,
858 1408 974 1500 qualis
997 1410 1232 1498 cognoscitur.
1259 1409 1352 1480 Hinc
1381 1410 1479 1480 siin
1505 1417 1573 1480 actu

411 1520 522 1612 primo
545 1518 742 1588 voluntatis
765 1521 903 1586 creatae
935 1515 1136 1590 continetur
1162 1523 1264 1587 actus
1295 1519 1474 1590 secundus
1500 1525 1572 1588 tam-

411 1649 515 1722 quam
544 1626 717 1698 terminus
740 1625 888 1695 visionis
912 1623 1073 1709 divinae,
1099 1629 1202 1694 aetus
1232 1626 1365 1718 primus
1389 1627 1574 1698 voluntatis

412 1741 549 1806 creatae
572 1735 675 1804 debet
696 1733 844 1824 supponi
860 1731 957 1817 talis,
975 1737 1019 1802 ut
1033 1733 1192 1804 absolute
1215 1741 1390 1826 repugnet
1404 1757 1477 1805 non
1491 1736 1575 1828 sequi

411 1845 505 1912 hune
529 1843 797 1912 determinatum
813 1846 931 1910 actum
947 1841 1148 1910 secundum.
1166 1841 1242 1912 Hoc
1257 1849 1374 1912 cutem
1389 1845 1504 1934 posito
1518 1844 1575 1910 ian

411 1954 450 2022 in
472 1957 556 2022 aotn
579 1951 691 2042 primo
713 1971 783 2018 non
799 1954 891 2018 asset
906 1947 1148 2020 indifferentia
1162 1949 1208 2019 ed
1223 1951 1445 2038 utrumlibet,
1464 1958 1501 2021 et
1511 1974 1574 2042 prc

411 2059 494 2130 inde
516 2064 617 2128 actus
640 2055 813 2126 secundus
836 2078 905 2123 non
935 2061 1029 2126 esset
1050 2056 1159 2142 liber,
1186 2058 1278 2150 quod
1301 2065 1355 2128 est
1377 2065 1503 2130 contre
1521 2058 1573 2148 by·

411 2166 585 2260 pothesin.
615 2164 697 2234 Ideo
723 2161 810 2248 dixi,
827 2169 944 2232 cotum
965 2163 1156 2234 secundum
1172 2187 1212 2234 eo
1227 2167 1327 2236 modo
1348 2191 1417 2238 non
1444 2191 1519 2238 esse
1533 2187 1574 2236 oo

412 2272 639 2366 gnoscibilem
662 2269 874 2361 cognitione,
899 2271 1015 2364 qualis
1038 2271 1111 2342 Deo
1133 2273 1310 2344 convenit.

478 2379 594 2467 Dices,
618 2381 731 2450 Deum
753 2400 958 2469 cognoscere
982 2402 1122 2450 oausam
1145 2380 1215 2449 iam
1239 2403 1275 2451 se
1298 2380 1573 2452 determinantem

413 2495 450 2559 et
471 2488 537 2558 hoc
559 2487 657 2558 modo
681 2507 888 2576 cognoscere
911 2491 1027 2556 actum
1042 2487 1081 2556 in
1097 2508 1214 2557 causa.
1232 2488 1307 2557 Hoc
1329 2488 1455 2581 utique
1480 2487 1573 2558 veris-

412 2599 539 2666 simum
554 2601 619 2682 est,
637 2601 676 2663 st
691 2595 756 2664 hoc
770 2616 840 2662 non
854 2599 909 2663 est
923 2617 1130 2685 cognoscere
1146 2617 1286 2666 oausam
1301 2595 1340 2664 iu
1355 2602 1439 2666 actu
1462 2597 1572 2688 princ,

412 2712 449 2775 et
470 2727 513 2774 ex
536 2703 678 2793 propria
700 2707 829 2770 natura
851 2707 953 2771 actus
976 2703 1081 2793 primi
1103 2702 1306 2794 intelligere
1330 2708 1447 2774 actum
1473 2727 1574 2775 secun

413 2814 507 2899 dum;
533 2812 594 2881 sed
617 2815 672 2880 est
694 2832 900 2900 cognoscere
922 2811 991 2880 iem
1015 2831 1155 2880 canem
1179 2811 1217 2879 in
1239 2817 1323 2882 actu
1349 2812 1504 2882 secundo
1524 2832 1573 2879 sen

411 2921 527 3010 ipsum
550 2924 667 2988 actum
697 2918 887 2986 seeundum
917 2916 955 2984 in
978 2941 1014 2988 se
1036 2917 1132 3009 ipso,
1157 2925 1202 2987 ut
1222 2940 1287 2988 nos
1315 2917 1528 2988 animemus
1546 2923 1574 2985 et

413 3027 520 3119 paulo
542 3031 623 3117 post
644 3023 969 3094 demonstrabimus.

481 3132 522 3202 Si
545 3154 628 3202 vero
652 3131 685 3216 b)
709 3143 804 3198 cetus
821 3131 958 3220 primas
977 3132 1157 3218 promimur
1178 3131 1374 3201 assumitur
1395 3131 1462 3220 ita,
1483 3137 1522 3202 ut
1540 3152 1572 3198 ex

414 3239 606 3311 intrinsece
628 3243 758 3306 natura
779 3259 898 3306 eorum
921 3238 1073 3308 omnium
1096 3239 1202 3308 simul
1226 3246 1476 3330 spectatorum,
1499 3259 1573 3333 qnae

413 3355 531 3420 aetum
554 3347 703 3438 primurn
726 3346 960 3434 constituunt,
980 3369 1049 3415 nou
1072 3347 1185 3438 possit
1207 3370 1276 3417 non
1298 3349 1399 3442 sequi
1421 3349 1481 3420 hic
1501 3347 1572 3416 elis

414 3455 664 3526 determinatus
684 3460 785 3523 actus
807 3452 992 3542 secundus;
1010 3455 1088 3524 sive
1103 3459 1146 3523 ut
1159 3458 1261 3526 actus
1283 3456 1420 3545 primus
1437 3459 1475 3522 in
1489 3477 1572 3523 sonu

415 3565 594 3654 composito
611 3584 689 3631 eum
704 3561 864 3630 omuibus
879 3559 1061 3630 elementis
1075 3559 1278 3631 intrinsecis
1289 3563 1572 3634 constituentibus

414 3673 464 3742 sit
486 3669 739 3741 determinatus
761 3669 806 3738 ed
837 3691 945 3739 unum
966 3675 1085 3738 actum
1115 3669 1325 3740 secundum:
1350 3669 1417 3740 hoc
1445 3671 1572 3764 inqnsn

414 3777 564 3849 admisso
587 3775 765 3846 evidentia
786 3775 839 3845 rei
868 3775 980 3845 eoacti
1003 3777 1173 3862 fatemur,
1197 3798 1261 3845 nos
1283 3776 1487 3868 intelligere
1515 3797 1571 3844 nou

414 3908 513 3978 posse
542 3891 660 3955 actum
690 3884 879 3954 seoundum
909 3883 1077 3970 liberum,
1103 3884 1139 3952 h.
1167 3906 1197 3954 e.
1229 3883 1388 3954 elicitum
1417 3885 1571 3954 electione

413 3993 611 4064 voluntatis
631 3992 670 4060 in
693 3996 777 4061 actu
798 3991 910 4082 primo
932 3991 1172 4062 indifferentis
1194 3992 1239 4060 ad
1262 3991 1480 4062 utrumlibet
1497 3991 1570 4060 Gon·

415 4103 568 4170 cedimus
591 4101 729 4193 itaque,
761 4101 799 4170 in
829 4107 914 4170 notu
935 4101 1047 4191 primo
1077 4121 1202 4170 musae
1231 4100 1447 4171 necessariae
1474 4107 1509 4170 et
1534 4097 1570 4166 el

413 4231 522 4278 unum
545 4209 796 4278 determinatae
811 4208 872 4297 (ad
894 4231 995 4300 quem
1018 4214 1133 4278 actum
1157 4207 1307 4299 primum
1329 4208 1454 4301 utique
1474 4205 1569 4299 perti·

413 4323 474 4384 net
496 4313 602 4383 etiam
624 4315 791 4385 voluntas
813 4315 879 4385 Dei
902 4321 1020 4386 ectum
1044 4315 1236 4386 seeundum
1258 4337 1329 4384 non
1359 4312 1568 4406 impediendi)

414 4445 513 4516 posse
527 4424 689 4513 cognoeoi
704 4423 946 4494 infallibiliter
961 4431 1078 4494 sotum
1095 4424 1295 4512 secundum
1313 4445 1478 4517 negamus
1496 4441 1566 4492 vero
