3262 5076
559 399 595 410 -
620 367 680 427 499
701 399 738 412 -

64 471 173 540 salvos
188 469 268 540 lieri
283 474 320 539 et
334 470 378 540 ad
394 471 608 560 agnitionem
622 472 787 542 veritatis
800 473 933 560 venire;
952 497 1019 542 non
1037 475 1087 543 sic
1104 481 1230 560 tomen,

63 580 170 649 uteie
200 579 335 648 adimat
363 579 512 648 liberum
543 575 750 665 arbitrium,
777 605 844 672 quo
868 581 925 650 vel
956 583 1039 651 bene
1063 583 1120 652 vel
1134 585 1233 652 male

63 689 196 752 utentes
209 684 403 754 iustissime
415 683 630 752 iudicentur.
646 684 747 766 Quod
760 708 838 753 oum
856 686 908 770 fit,
924 686 1082 756 infideles
1096 688 1233 778 quidem

62 797 177 859 contra
209 790 425 858 voluntatem
456 787 523 857 Dei
546 791 746 876 faciunt,...
766 792 947 882 experturi
979 793 1015 860 in
1049 794 1233 884 suppliciis

60 902 263 987 potestatem
286 896 381 980 eius,
408 896 509 965 cuius
531 896 569 964 in
592 897 693 966 donis
724 899 995 968 misericordiam
1023 908 1233 992 contempse-

60 1011 151 1074 runt.
166 1031 184 1068 n
204 1005 354 1074 Textum
376 1004 554 1095 integrum
578 1005 736 1074 dedimus
760 1001 813 1074 th.
833 1007 1001 1076 XLVIII.
1021 1033 1056 1075 n.
1074 1009 1124 1076 II.
1143 1010 1233 1080 Vide

60 1114 249 1183 Tricassiu.
262 1114 314 1182 De
322 1113 534 1204 praedestin.
546 1115 586 1183 P.
596 1114 626 1182 I.
639 1114 819 1184 Sectvss.
831 1122 863 1197 §-
876 1116 908 1183 2.
920 1122 1050 1204 puncto
1061 1117 1093 1184 2.
1105 1141 1138 1206 p.
1152 1118 1229 1203 135;

61 1221 179 1313 Steph.
199 1223 243 1292 de
259 1221 410 1312 Charops
424 1223 451 1290 1.
467 1246 497 1292 c.
510 1245 586 1312 cap.
600 1223 654 1310 135
672 1230 707 1291 et
719 1224 814 1292 Ioou.
832 1225 875 1294 B.
889 1224 1005 1293 Feure
1018 1226 1063 1292 ad
1075 1225 1158 1316 Cap.
1174 1226 1229 1292 52.

58 1329 245 1408 Euchirid.
261 1331 417 1423 August.
432 1330 489 1397 Ab
504 1328 561 1398 his
576 1331 780 1400 auctoribus
797 1331 933 1402 videbis
952 1333 1058 1401 etiam
1074 1335 1232 1402 confuto-

58 1446 128 1506 tum
150 1437 308 1506 Iansenii
333 1443 572 1522 commentum,
599 1461 665 1528 quo
690 1437 911 1528 impudenter
934 1441 1133 1524 contendit,
1159 1440 1234 1508 loco

59 1549 163 1617 citato
186 1569 258 1615 uon
281 1545 490 1614 sententium
519 1545 716 1634 Augustini
749 1547 809 1614 sed
840 1547 978 1636 Pelagii
1008 1549 1233 1618 obiectionom

59 1655 241 1727 contineri.

116 1765 251 1855 Operae
266 1761 419 1852 pretium
434 1766 488 1830 est
504 1762 660 1831 conferre
677 1784 754 1830 cum
777 1761 841 1830 illo
865 1763 1065 1832 testimonio
1083 1787 1125 1832 ex
1139 1764 1166 1832 l.
1187 1765 1229 1834 de

56 1899 104 1964 sp.
121 1880 158 1942 et
179 1872 256 1940 litt.
281 1870 381 1939 eliud
403 1893 446 1938 ex
468 1870 627 1939 Retract.
653 1869 679 1937 1.
697 1870 728 1936 Ι.
747 1894 777 1938 o.
798 1870 853 1938 10.
872 1893 906 1938 n.
926 1871 960 1940 2.
989 1871 1124 1954 «Quod
1156 1873 1233 1941 dixi

56 1979 116 2064 (De
139 1977 268 2046 Genes.
287 1981 410 2044 contro.
432 1972 586 2042 Munioh.
602 1973 628 2040 l.
647 1973 677 2041 Ι.
698 1997 728 2041 c.
747 1973 817 2058 3.):
844 1973 935 2042 illud
968 1975 1086 2045 lumen
1117 1978 1232 2067 pascit

56 2106 141 2174 pure
156 2082 264 2152 corda
280 2103 409 2165 eorum,
428 2079 490 2170 qui
511 2079 583 2147 Deo
600 2079 748 2148 credunt
770 2084 806 2146 et
822 2102 858 2148 se
874 2081 918 2150 od
946 2081 1022 2150 eius
1048 2091 1234 2175 prce-cepta

57 2191 230 2282 implenda
253 2195 474 2274 convertunt,
495 2187 585 2280 qaod
601 2213 710 2254 omnes
728 2190 876 2254 homines
888 2204 1045 2278 possunt,
1063 2196 1094 2257 ai
1110 2192 1234 2274 velint·

57 2321 118 2365 non
143 2295 351 2366 existiment
372 2295 456 2364 novi
479 2295 648 2365 haeretici
671 2295 854 2383 Pelagieni
870 2297 1059 2366 secuudum
1080 2321 1136 2366 eos
1159 2321 1233 2368 asse

57 2405 199 2474 dictum.
222 2404 343 2469 Veram
358 2417 407 2468 cat
423 2404 512 2468 enim
527 2403 661 2468 omnino
686 2425 796 2466 omnes
823 2403 972 2468 domines
996 2403 1055 2469 doc
1073 2427 1184 2492 posse,
1201 2407 1234 2470 oi

56 2512 176 2592 velint,-
186 2511 248 2580 sed
260 2514 491 2600 praeparatur
504 2507 669 2576 voluntas
682 2507 871 2590 aDomino,
883 2515 919 2576 et
930 2514 1067 2580 tuntum
1081 2516 1232 2602 augetur

57 2641 196 2692 munere
224 2616 424 2702 charitatis,
439 2621 482 2684 ut
496 2615 643 2705 possint.
659 2641 676 2678 n
694 2615 836 2684 Clarum
853 2622 906 2684 est
922 2617 959 2684 in
975 2617 1141 2703 hocloco,
1159 2619 1232 2686 Au·

58 2728 239 2816 guatinum
263 2725 358 2794 utin
381 2723 681 2814 disputationibus
696 2727 818 2791 contra
844 2723 1077 2809 Manichaeos,
1096 2725 1149 2792 ita
1163 2747 1231 2792 non

57 2835 167 2903 minus
191 2838 272 2924 post
287 2832 462 2920 cognitam
486 2830 656 2899 haeresim
679 2830 904 2920 Pelagianem
928 2835 964 2898 et
979 2831 1079 2920 plene
1095 2855 1231 2922 perspe-

58 2949 144 3010 ctam
166 2940 412 3010 necessitatem
435 2938 573 3028 gratioe
588 2938 632 3005 cd
650 2938 798 3028 quodvis
823 2960 909 3027 opus
934 2939 1089 3007 salutare
1106 2940 1163 3008 vel
1179 2940 1231 3006 in·
1268 2941 1273 2953 ‘

58 3049 250 3119 choandum
273 3047 331 3116 vel
354 3045 615 3136 perficiendum,
634 3046 826 3114 asseruisse
853 3045 1011 3114 omnibus
1035 3045 1232 3114 hominibus

57 3157 198 3226 liberam
211 3159 417 3246 potestatem
426 3153 590 3223 servandi
599 3153 774 3238 mandata,
785 3159 821 3222 et
830 3154 1059 3245 consequendi
1068 3154 1228 3241 salutem3

58 3263 117 3333 hoc
140 3271 261 3333 tamen
284 3260 498 3344 discrimine,
524 3261 614 3351 quod
639 3265 760 3328 contre
786 3259 1007 3329 Manichaeos
1031 3261 1073 3330 dc
1096 3262 1231 3351 origine

60 3371 186 3439 virium
210 3373 246 3437 et
268 3367 455 3458 potestatis
478 3390 520 3435 ex
551 3367 638 3434 douo
654 3367 807 3455 ‚gratiae
840 3389 908 3434 non
931 3367 965 3435 ei
995 3391 1132 3438 necesse
1156 3377 1232 3438 erat

60 3479 250 3569 disputare,
268 3481 392 3552 contra
402 3475 611 3564 Pelagianos
626 3497 709 3544 vero
726 3498 793 3545 nou
809 3476 851 3544 de
867 3475 1032 3544 libertate
1047 3480 1232 3566 potestatis

60 3587 113 3656 sed
129 3587 172 3655 de
187 3584 266 3654 eius
281 3583 418 3672 origine
433 3605 475 3650 ex
492 3583 611 3672 gretia
627 3588 706 3651 erat
721 3589 795 3651 tota
816 3583 1022 3673 disputatio.
1041 3585 1132 3652 Dum
1148 3609 1231 3675 ergo

61 3695 166 3780 docet,
186 3692 346 3762 omnibus
369 3691 488 3760 adesse
504 3689 594 3761 hanc
609 3696 818 3781 potestatem
834 3697 870 3761 et
884 3692 1014 3760 nemini
1030 3691 1149 3760 adesse
1160 3693 1231 3760 nisi

62 3825 99 3871 en
120 3803 211 3871 douo
233 3799 392 3891 gratiae,
418 3821 457 3868 eo
480 3799 555 3889 ipso
579 3799 747 3884 affirmat,
773 3799 883 3866 Deum
907 3799 1008 3867 cuius
1035 3799 1162 3866 donum
1178 3805 1232 3868 est

63 3911 187 3998 gratia,
205 3909 300 3980 vello
316 3929 359 3976 ax
383 3929 457 3976 sese
472 3913 508 3976 et
523 3905 707 3975 voluntate
722 3907 936 3975 antecedente
952 3927 1034 3974 suae
1051 3906 1230 3992 bonitatis,
1358 3920 1359 3924 ’

63 4025 99 4085 ut
120 4039 236 4085 omues
260 4020 401 4084 servent
423 4015 601 4100 mandata,
619 4021 661 4082 ut
677 4037 792 4085 omnes
807 4017 1042 4104 perseverent,
1067 4018 1103 4081 et
1116 4035 1231 4083 conse-

65 4133 202 4215 quenter
225 4145 342 4192 omnes
365 4122 560 4192 salventur.
585 4121 651 4189 His
674 4121 840 4212 adiunge,
859 4141 947 4213 quae
971 4119 1096 4188 scribit
1117 4119 1154 4188 in
1178 4120 1229 4190 Io.

66 4239 163 4303 tract.
177 4231 263 4302 XII.
278 4255 314 4300 n.
327 4231 381 4300 12.
393 4231 455 4319 (1).
478 4231 582 4301 «Nou
598 4229 689 4298 enim
706 4230 804 4298 misit
818 4231 912 4298 Deus
927 4227 1062 4297 Filium
1078 4251 1177 4296 suum
1194 4229 1232 4296 in

124 4377 166 4454 (1)
184 4383 336 4436 ursocius
354 4379 387 4433 hi
406 4379 508 4446 scripti
527 4381 596 4431 aunt
614 4391 671 4431 nou
690 4380 758 4432 ante
782 4389 887 4431 annum
902 4375 974 4444 tle,
995 4389 1057 4430 cum
1075 4351 1245 4440 Pelaoelaua'

69 4467 189 4524 tunsio
207 4470 262 4524 iam
280 4470 333 4524 411
354 4470 386 4522 in
403 4468 503 4522 Attice
519 4467 705 4522 iunotniaeet.
