3280 5070
754 365 757 368 .
895 325 1072 386 ..534-

395 427 571 494 trationis.
598 425 745 508 Quando
774 449 858 517 ergo
888 429 1021 498 dieitur
1052 427 1325 519 praedestinatio
1346 427 1392 495 ad
1414 427 1547 516 gratian
1635 505 1636 514 1

394 555 468 602 esse
491 533 661 622 gratuita,
679 533 716 602 id
732 533 999 625 intelligendum
1022 543 1076 604 est
1097 535 1214 604 eadem
1231 535 1381 616 ratione,
1398 556 1465 626 qua
1482 555 1549 623 gra·

396 639 489 708 tuita
519 646 573 708 est
610 641 746 730 gratiae
776 641 930 710 collatio.
963 641 1252 712 Praedestinatur
1281 641 1419 710 scilieet
1448 641 1552 731 gratia
1635 697 1636 716 ι

395 767 437 814 ex
469 746 567 814 nullo
597 749 758 836 praeviso
790 751 913 818 merito
943 757 1113 833 naturae,
1148 757 1184 820 et
1215 749 1292 818 ideo
1322 749 1455 839 primae
1484 770 1551 838 gre
1635 804 1636 842 3

394 854 465 922 tiae
495 853 769 944 praedestinatio
798 858 976 928 antecedit
997 881 1094 928 omne
1118 859 1256 926 omnino
1279 857 1464 942 meritum,
1489 877 1551 945 poe

394 971 478 1031 snut
501 969 615 1030 tamen
639 963 894 1053 praedestinari
917 971 954 1032 et
977 967 1284 1054 praedestinantur
1314 965 1455 1054 gratiae
1477 963 1552 1030 mul·
1634 1016 1636 1056 1

393 1069 532 1159 tiplioes
555 1093 596 1138 ex
621 1071 793 1158 praevisis
809 1073 945 1143 meritis
962 1073 1304 1162 supernaturalibus,
1322 1095 1387 1142 neo
1403 1093 1553 1162 nunquan
1632 1127 1636 1166 1

392 1177 519 1246 nisiex
536 1179 708 1268 praevisis
730 1181 1060 1270 supernaturalibus
1084 1180 1373 1270 dispositionibus
1399 1179 1554 1268 congruis
1633 1233 1636 1274 1

393 1285 674 1374 praedestinatur
697 1288 903 1356 iustificatio
927 1287 1072 1356 adultis.
1102 1323 1117 1351 a
1135 1288 1207 1358 Nee
1223 1288 1299 1378 ipsa
1315 1287 1474 1356 remissio
1489 1307 1551 1375 peo-
1622 1352 1636 1380 ,

391 1400 546 1460 eatornm
569 1393 644 1462 sine
667 1393 786 1486 aliquo
810 1395 934 1462 merito
949 1401 1014 1478 est,
1040 1395 1071 1462 si
1095 1393 1180 1463 fides
1196 1393 1482 1484 baneimpetrat.
1498 1391 1554 1461 Ne·
1619 1386 1636 1487 1

392 1520 458 1589 qua
479 1499 569 1566 enim
592 1499 729 1568 nullum
753 1511 808 1568 est
829 1501 992 1570 meritum
1017 1501 1118 1586 fidei,
1144 1524 1213 1593 qne
1236 1501 1303 1568 fide
1326 1500 1389 1568 ille
1412 1501 1554 1569 dioebst:
1621 1500 1636 1596 ἱ1

391 1603 484 1672 Deus
508 1606 681 1696 propitius
711 1615 786 1675 esto
809 1606 895 1675 mihi
926 1608 1119 1697 peccatori.
1133 1659 1140 1674 .
1156 1659 1184 1675 ..
1211 1609 1337 1676 Restat
1358 1607 1498 1696 igitur,
1522 1615 1557 1672 ιιι
1635 1665 1636 1704 1

391 1713 500 1802 ipsam
531 1713 631 1782 iidem
655 1717 706 1800 (et
729 1714 809 1784 fidei
832 1715 1008 1801 initium),
1035 1715 1126 1784 unde
1149 1714 1260 1782 omnis
1284 1715 1426 1783 institia
1459 1715 1556 1781 sumit
1635 1774 1636 1813 1

390 1820 596 1889 initium...
623 1845 690 1890 uon
714 1821 866 1890 hnmano
889 1823 979 1915 qnod
1005 1823 1067 1890 isti
1089 1821 1275 1906 extollunt,
1293 1823 1495 1890 tribuamus
1509 1843 1555 1887 ar·
1635 1887 1636 1908 1

391 1926 496 1994 bitrio
520 1951 581 1996 ueo
605 1927 691 1996 nllis
714 1929 1000 2018 praecedentibus
1020 1928 1194 1997 meritis...
1214 1928 1273 1996 sed
1290 1929 1492 2018 gratuitum
1507 1927 1556 1996 do
1634 1966 1636 2029 1

389 2057 471 2102 num
495 2035 560 2104 Dei
584 2057 658 2104 esse
682 2037 867 2121 fateamur,
893 2037 924 2104 si
946 2031 1100 2125 gratiam
1126 2055 1256 2119 veram,
1282 2036 1391 2104 idest
1406 2036 1556 2104 sinemo

387 2141 470 2210 ritis
500 2143 735 2232 rogitamus..
763 2143 984 2233 Quapropter
1008 2167 1071 2212 neo
1093 2165 1129 2212 se
1162 2143 1259 2210 vel
1248 2142 1362 2233 ipsius
1393 2143 1557 2211 orationis

1620 2204 1627 2257 1
1634 2201 1636 2230 i

390 2251 550 2318 meritum
574 2249 733 2337 extollat;
759 2251 897 2320 etiamsi
921 2251 966 2319 ad
991 2251 1178 2320 vincendas
1201 2251 1427 2342 cupiditates,
1455 2259 1492 2318 et
1512 2249 1554 2316 di·
1620 2290 1636 2367 11

389 2357 530 2448 ligeuda
553 2359 640 2426 bona
663 2365 805 2428 aeterna
827 2360 968 2451 atque
957 2383 1070 2450 rpenm
1094 2360 1224 2444 Deum,
1255 2359 1475 2428 adiutorium
1502 2359 1555 2426 de·
1621 2346 1636 2457 11

388 2471 448 2532 tur
471 2467 599 2550 oranti,
626 2465 711 2534 fides
735 2471 824 2550 orat,
850 2487 938 2558 quae
962 2467 1046 2534 date
1060 2475 1113 2534 est
1137 2489 1204 2536 uon
1229 2467 1390 2536 oranti...
1409 2467 1512 2534 Unde
1525 2471 1557 2534 et
1619 2460 1636 2674 1

387 2571 464 2662 ipsa
489 2572 563 2640 rita
585 2577 741 2658 aeterna,
767 2597 854 2666 quae
880 2573 1000 2666 utique
1022 2575 1061 2642 in
1085 2575 1206 2643 fine
1176 2597 1251 2643 sune
1275 2574 1342 2643 tine
1359 2575 1553 2654 habebitur,
1621 2584 1628 2615 ¹

387 2687 424 2748 et
446 2677 521 2746 ideo
545 2679 680 2748 meritis
704 2681 989 2769 praecedentibus
1012 2681 1187 2766 redditur,
1204 2687 1320 2750 tamen
1336 2683 1423 2774 qnia
1445 2682 1556 2751 eadem

387 2785 513 2852 merita
536 2786 662 2876 quibus
685 2785 865 2872 redditur,
891 2809 958 2854 uon
982 2808 1003 2853 a
1026 2787 1125 2856 nobis
1148 2793 1273 2876 parata
1303 2796 1389 2856 sunt
1411 2811 1476 2878 per
1505 2807 1555 2854 no·
1625 2840 1629 2853 .

387 2899 495 2961 stram
518 2890 772 2978 sufficientiam,
798 2893 892 2962 sed
881 2916 918 2962 ιιι
941 2893 1041 2962 nobis
1065 2895 1162 2962 faeta
1178 2917 1239 2985 per
1264 2895 1430 2984 gratiam,
1457 2894 1555 2963 etiam

385 2999 465 3090 ipsa
486 3001 606 3090 gratia
628 3008 851 3091 nuncupatur
875 3001 989 3088 (Rom
1009 3001 1072 3070 VI.
1089 3002 1147 3071 23.
1150 3007 1176 3090 );
1203 3025 1269 3070 non
1294 3003 1336 3070 ob
1361 3001 1476 3086 aliud,
1494 2999 1555 3070 nisi

1621 2873 1636 3029 ι

1632 2739 1636 2778 ι

385 3107 468 3198 qnia
491 3108 605 3197 gratis
628 3108 745 3192 datur,
765 3130 827 3178 neo
843 3107 920 3176 ideo
942 3107 1026 3200 qnia
1050 3133 1118 3178 non
1141 3109 1276 3178 meritis
1294 3109 1404 3178 datur
1418 3109 1485 3196 (1),
1503 3107 1554 3174 sed
1624 3120 1636 3206 ’1

385 3215 469 3305 qnia
492 3215 576 3284 data
598 3221 741 3285 suntet
764 3216 840 3305 ipsa
862 3217 1000 3300 merita,
1026 3217 1153 3308 quibus
1176 3218 1311 3287 detur»
1336 3217 1496 3306 August
1514 3213 1554 3282 ad
1634 3275 1636 3316 1

386 3321 620 3412 Ξίιιι.ορ.194.
639 3321 772 3391 ιι.9.10.
790 3351 806 3386 ι
824 3323 1008 3394 Praecedit
1025 3325 1112 3391 bona
1127 3323 1293 3393 voluntas
1308 3323 1464 3392 bominis
1478 3327 1554 3414 (qna

385 3429 473 3518 petit
496 3436 532 3497 et
556 3430 637 3498 vult
658 3429 814 3520 aooipere
836 3429 988 3519 gratiam
1019 3429 1191 3514 divinam)
1215 3431 1329 3498 multa
1358 3430 1425 3498 Dei
1456 3430 1550 3510 dona,

383 3535 443 3604 sed
466 3558 534 3604 non
557 3537 683 3623 omnia3
709 3559 795 3628 quae
819 3541 934 3604 antem
959 3559 1025 3606 non
1048 3537 1226 3628 praeeedit
1248 3537 1344 3628 ipsa,
1371 3538 1409 3606 in
1432 3537 1484 3604 eis
1505 3541 1553 3602 est
1628 3534 1634 3600 ι

381 3646 419 3710 et
440 3641 559 3731 ipsa...
586 3639 657 3710 Cur
680 3643 770 3710 enim
794 3642 1016 3711 admonemur
1040 3665 1139 3712 orare
1163 3665 1225 3733 pro
1248 3642 1403 3712 inimiois
1427 3641 1551 3710 nostris
1635 3701 1636 3740 1

381 3747 610 3835 (infidelibus)
635 3748 755 3839 utique
778 3749 978 3818 nolentibus
1001 3750 1056 3840 pie
1079 3751 1212 3834 vivere,
1229 3749 1299 3818 uisi
1316 3757 1358 3818 ut
1372 3750 1468 3818 Dens
1483 3747 1551 3816 illis

381 3865 544 3945 operetur
566 3863 603 3924 et
626 3854 717 3924 velle
741 3855 898 3942 (initium
923 3857 1029 3925 bonae
1053 3855 1289 3943 voluntatis);
1314 3857 1466 3948 itemque
1496 3875 1551 3923 eur

445 4051 488 4128 (1)
497 4056 676 4111 Advertatnr
689 4057 792 4124 obiter,
804 4057 997 4123 Angustinnm
1007 4057 1119 4112 nuioarn
1129 4073 1295 4124 cognoscere
1305 4059 1455 4124 rationem,
1468 4065 1549 4125 quar·

380 4145 444 4198 rita
462 4152 581 4199 aeterua
600 4145 642 4199 sit
661 4148 758 4212 gratia
777 4147 863 4200 simul
877 4151 908 4200 et
926 4163 1038 4214 corona,
1056 4149 1126 4215 qaia
1144 4148 1230 4200 detra
1246 4148 1352 4200 auaritia
1365 4164 1419 4214 per
1434 4149 1548 4213 pretim

380 4233 557 4298 compareris.
580 4235 679 4303 Neque
701 4236 778 4290 enlm
798 4235 825 4290 ai
844 4237 874 4288 in
895 4241 1018 4290 mentem
1045 4237 1143 4302 venit,
1161 4237 1236 4305 qnod
1255 4237 1318 4290 vita
1337 4241 1457 4290 uterne
1476 4247 1546 4303 pru

379 4319 544 4375 destinatur
563 4329 630 4376 ante
644 4339 751 4377 omnem
769 4325 978 4391 praevisionem
992 4327 1167 4392 muitarum,
1183 4341 1256 4393 quaa
1276 4330 1355 4380 auat
1374 4326 1450 4378 ratio
1467 4327 1545 4386 lone·

379 4409 588 4474 sauciemur
607 4413 648 4464 rit
668 4417 698 4465 et
717 4413 831 4467 dieatnr
852 4414 957 4478 gratia
979 4413 1034 4468 Sed
1053 4414 1088 4466 de
1109 4415 1156 4467 bia
1177 4419 1287 4481 postea.
