3360 5060
919 376 951 390 ..
973 345 1035 404 052
1057 376 1094 390 ...

414 459 520 522 natur
533 451 805 542 praedestinatio
820 477 835 510 n
850 453 905 534 (a.
918 450 950 518 1.
966 452 1014 518 ef.
1030 473 1061 517 a.
1076 450 1110 518 2.
1122 454 1148 535 ).
1160 450 1254 518 Idem
1269 450 1468 518 clarissime
1479 447 1581 536 expri-

415 561 480 628 mit
495 559 612 628 verbis
627 557 782 626 disertis:
804 557 1111 646 «praedestinatio
1134 557 1304 647 importat
1326 563 1524 646 respectum
1544 553 1583 619 od
1656 575 1657 594 ³

413 669 569 758 proeium
585 671 626 734 ut
640 686 746 734 eausa
769 665 813 734 ad
829 665 992 734 effectum
1012 691 1028 724 n
1048 669 1102 750 (a.
1118 665 1152 731 2.
1168 665 1212 732 ad
1223 665 1258 732 4.
1271 668 1298 750 );
1319 693 1335 728 ι
1355 662 1583 753 praedestina-

414 776 465 844 tio
495 774 650 844 iuoludit
682 772 898 842 voluntatem
929 773 1131 842 conferendi
1159 777 1315 862 praetant
1346 788 1379 838 et
1410 773 1583 862 glorioso·

414 891 469 972 (a.
483 885 555 970 4.);
577 911 593 948 a
612 883 677 950 sub
700 880 820 948 ordine
844 881 1175 970 praedestinationis
1198 881 1306 964 eadit,
1332 878 1513 972 quidquid
1538 880 1585 945 lo·

415 995 537 1059 otiosas
560 1003 730 1080 promovet
753 985 799 1054 ud
821 987 966 1054 solarem
984 1015 999 1050 n
1019 994 1073 1074 (a.
1096 989 1130 1056 8.
1149 990 1240 1057 eta.
1263 987 1298 1056 3.
1320 987 1415 1072 ad2,
1430 995 1469 1055 at
1485 995 1587 1054 totum

415 1121 446 1166 a.
465 1099 536 1184 5.).
561 1095 690 1165 Eodem
713 1095 812 1163 modo
834 1095 876 1164 de
900 1095 1219 1184 praedestinatione
1242 1095 1415 1186 eomplete
1439 1099 1588 1184 spectatu

414 1208 494 1298 agit
518 1205 555 1276 S.
570 1205 637 1274 Th.
666 1205 708 1273 de
732 1203 836 1272 verit.
864 1227 897 1294 q.
918 1203 958 1288 6,
986 1210 1098 1272 ooutr.
1123 1211 1223 1292 gent.
1250 1203 1276 1270 l.
1296 1203 1366 1270 ΠΙ.
1394 1227 1427 1272 e.
1450 1202 1537 1288 loa;
1558 1201 1585 1267 1.

414 1313 498 1384 dist.
512 1313 569 1382 40.
586 1321 622 1380 et
632 1311 689 1380 41.
714 1311 789 1378 Hoo
812 1333 916 1379 sensu
939 1318 1099 1401 acceptae
1125 1311 1465 1401 praedestinationis
1492 1318 1588 1400 negat

415 1422 537 1514 utique
560 1427 597 1488 et
619 1424 752 1508 negant
775 1441 890 1486 omnes
913 1417 1086 1485 Catholici
1104 1441 1178 1486 asse
1194 1418 1351 1510 aliquam
1369 1439 1517 1488 oausam
1533 1439 1589 1484 me·

415 1529 576 1598 ritoriam
598 1550 640 1596 ex
666 1531 765 1616 parte
789 1533 922 1594 nostra.

481 1635 532 1704 At
554 1635 589 1702 2⁰
604 1633 741 1726 quoties
756 1633 951 1722 Angelieus
963 1633 1161 1702 considerat
1177 1633 1536 1724 praedestinationem
1550 1631 1588 1700 ad

414 1743 563 1834 gloriam
588 1763 648 1830 per
672 1761 708 1808 se
731 1747 767 1808 at
789 1739 826 1808 in
843 1743 1099 1830 comparatione
1115 1765 1194 1810 oum
1209 1741 1535 1831 praedestinatione
1549 1739 1587 1806 ad

414 1848 580 1940 gratiam,
605 1845 710 1914 toties
734 1846 895 1930 affirmat,
916 1848 1172 1936 praedestinari
1188 1849 1336 1937 gloriam
1361 1855 1489 1939 utpote
1513 1867 1587 1914 mer-

413 1957 527 2028 oedem
551 1961 587 2022 et
602 1975 762 2022 eoronam
778 1963 1028 2048 oonsequentar
1039 1957 1083 2026 ad
1096 1957 1221 2025 merita
1237 1957 1417 2048 praevisa3
1437 1955 1586 2046 hanoqua

413 2063 607 2134 doctrinam
620 2085 688 2129 non
702 2062 800 2132 modo
815 2065 990 2152 proponit,
1001 2064 1060 2134 sed
1072 2065 1176 2132 etiem
1188 2064 1411 2154 argumentis
1420 2063 1585 2154 probatis

414 2169 658 2240 commentario
667 2169 703 2238 in
712 2169 1054 2256 Rom.VIII.verbis,
1065 2172 1411 2264 quaedsseripsimus
1419 2169 1581 2241 tnnvn.

414 2302 449 2346 n.
464 2277 498 2346 4.
515 2277 644 2346 Looum
668 2275 750 2346 huie
767 2277 975 2366 parallelum
994 2279 1099 2348 habet
1114 2279 1150 2347 in
1166 2279 1257 2370 Epir.
1273 2279 1304 2347 I.
1318 2279 1403 2349 leet.
1422 2281 1456 2348 1.
1472 2285 1521 2370 (p.
1534 2278 1581 2345 92.

413 2385 467 2454 ed.
483 2383 525 2452 ds
537 2382 694 2471 Eubois).
709 2383 919 2454 aSoiendum
932 2385 1096 2478 estquod
1108 2387 1255 2454 effeetus
1267 2393 1352 2454 eunt
1362 2387 1462 2455 ratio
1474 2384 1583 2454 volun·

413 2491 500 2561 tatis
511 2491 653 2560 divinae
666 2513 707 2560 ex
722 2500 822 2581 parta
831 2493 934 2562 voliti
944 2493 1120 2584 (intellige
1132 2494 1233 2563 iuxta
1243 2493 1339 2564 dieta
1351 2494 1580 2584 ρ.572-575.);

413 2600 466 2668 ita
489 2597 635 2683 scilieet,
661 2599 751 2690 quod
776 2599 911 2687 effeetus
933 2603 1033 2690 prior
1055 2605 1103 2667 sit
1125 2604 1219 2668 ratio
1243 2601 1442 2684 ulterioris,-
1466 2601 1523 2670 sed
1538 2607 1579 2668 a·

413 2727 489 2774 men
512 2729 590 2776 oum
614 2707 757 2776 venitur
781 2705 827 2774 od
849 2713 997 2796 primam
1021 2708 1187 2796 effoetum,
1212 2733 1279 2774 ooo
1295 2723 1409 2797 potest
1425 2709 1523 2774 ultro
1537 2730 1579 2772 oa·

412 2815 550 2902 signori
573 2813 697 2904 aliquo
720 2818 813 2880 ratio
837 2814 938 2883 illius
961 2817 1120 2900 effeetus,
1146 2816 1217 2884 nisi
1234 2815 1401 2884 voluntas
1422 2815 1576 2886 divina...

412 2917 508 3008 Ergo
522 2917 698 2985 seeundum
717 2921 802 2986 tuoe
822 2920 955 2987 modom
978 2943 1040 2992 nee
1062 2921 1396 3011 praedestinationis
1419 2928 1533 3012 potest
1543 2941 1579 2986 ex

413 3036 513 3116 parte
536 3035 718 3098 creaturas
739 3029 832 3098 ratio
856 3029 975 3121 eliqua
998 3029 1187 3119 assignari,
1214 3029 1274 3098 sed
1297 3029 1409 3097 solum
1433 3051 1476 3098 ex
1491 3035 1578 3120 parto

411 3133 489 3204 Dei.
514 3135 603 3205 Nam
626 3137 772 3206 effeetus
796 3137 1125 3227 praedestinationis
1139 3144 1225 3206 sunt
1240 3137 1309 3206 duo
1319 3137 1457 3204 seilicet
1470 3136 1577 3224 protis

413 3257 446 3310 et
460 3241 589 3332 pierio.
607 3241 806 3312 Effectuum
824 3251 953 3326 autam,
973 3243 1032 3335 qui
1050 3243 1094 3311 ad
1106 3243 1255 3332 gloriam
1272 3242 1498 3326 ordinantur,
1510 3254 1575 3332 pot·

412 3349 620 3441 estquidam
644 3375 685 3417 sm
709 3365 807 3438 porte
833 3350 937 3418 veliti
961 3354 1141 3441 assignari
1159 3354 1267 3430 ratio,
1289 3351 1429 3420 scilieet
1450 3349 1572 3440 gratim

412 3463 499 3548 puta
521 3456 661 3525 Petrum
686 3460 874 3537 coronavit,
896 3461 981 3548 quio
1002 3459 1156 3546 legitime
1180 3461 1337 3536 certavit,
1357 3473 1391 3524 et
1422 3460 1482 3524 doe
1503 3457 1574 3547 qaia

407 3563 489 3653 suit
506 3565 666 3652 ‚firmano
693 3567 730 3629 io
755 3567 889 3654 pratia:
916 3566 976 3634 sed
1000 3565 1150 3656 gratiae,
1176 3587 1263 3656 quae
1285 3571 1341 3634 ast
1355 3567 1491 3655 primus
1505 3563 1572 3632 effe

411 3678 501 3757 otus,
527 3695 594 3742 uon
618 3679 733 3762 potest
755 3673 876 3764 aliqua
899 3671 992 3741 ratio
1015 3670 1193 3760 assignari
1216 3693 1258 3738 ex
1283 3679 1382 3762 parte
1414 3670 1570 3750 hominis,

410 3799 498 3870 quae
514 3779 563 3847 sit
577 3779 670 3848 ratio
685 3778 1031 3869 praedestinationis,
1050 3779 1134 3872 quia
1150 3779 1215 3848 hoo
1231 3785 1324 3846 esset
1338 3801 1477 3868 ponere,
1493 3773 1569 3868 quod

411 3886 622 3978 principium
646 3887 726 3955 boni
749 3886 864 3978 operis
887 3886 995 3956 sitin
1018 3887 1155 3956 homine
1178 3907 1220 3954 ex
1244 3907 1281 3954 ee
1296 3885 1374 3976 ipso
1387 3897 1425 3956 et
1441 3909 1505 3955 non
1519 3905 1569 3974 per

411 3993 575 4081 gratiam,
601 3993 693 4086 quod
716 4001 772 4062 est
794 3992 951 4062 haeresis
976 3992 1211 4083 Pelagiana.»

476 4102 541 4170 Ait
563 4102 683 4194 itaque
707 4101 744 4170 S.
772 4101 941 4169 Thomas:
969 4105 1004 4186 a)
1028 4123 1067 4170 eo
1090 4101 1166 4190 ipso
1197 4102 1288 4192 quod
1317 4103 1408 4170 ratio
1439 4101 1566 4170 effeetus

411 4207 563 4278 alieuius
587 4215 702 4299 potest
716 4209 893 4299 assignari
909 4208 946 4277 iu
962 4207 1196 4294 exsecutione,
1215 4209 1333 4278 eadem
1349 4215 1465 4300 potest
1477 4205 1564 4275 etism

410 4315 586 4408 assignari
618 4317 655 4384 in
678 4315 1003 4408 praedestinatione.
1028 4315 1117 4386 Nam
1140 4339 1183 4386 ex
1206 4317 1360 4410 eoquod
1383 4318 1419 4385 in
1446 4332 1562 4386 exsatu-

410 4425 503 4495 tione
528 4425 655 4494 Petrus
678 4431 864 4494 eoronatnr
887 4429 1029 4514 propter
1045 4423 1243 4513 legitimum
1256 4431 1443 4508 certamen,
1461 4420 1562 4514 probel
