3360 5060
572 403 609 417 -
630 371 691 432 043
711 401 750 416 .-

56 478 138 569 ptio
166 477 268 546 enim
292 499 425 566 semper
449 475 580 544 militat
605 481 790 565 prepara
806 473 986 544 contraria
1002 495 1041 541 eo
1057 473 1144 563 ipso,
1164 473 1255 564 quod

54 585 210 654 indoles
229 586 341 654 totius
357 585 614 654 controversiae
636 591 673 652 et
688 569 855 651 uniuersa
872 581 909 649 S.
924 581 1086 650 Doctoris
1102 580 1254 648 intentio

55 715 98 762 ao
125 695 320 762 contentio
343 693 574 783 gratuitatem
591 692 729 782 gratiae
744 701 780 760 et
794 691 1028 760 exclusionem
1052 691 1255 759 meritorum

55 801 297 870 naturalium
326 801 427 870 unice
458 801 650 891 spectabat.
679 799 810 866 «Audi
840 806 877 867 et
898 798 1085 886 intellige,
1111 823 1178 863 non
1214 820 1256 862 en

57 911 239 998 operibus
260 909 393 980 dictum
416 917 470 978 est
492 908 597 998 (Eph.
619 907 669 976 Π.
687 907 737 991 9.)
763 921 936 998 tamquam
960 909 1030 972 tuis
1054 929 1097 973 eor
1121 921 1153 971 te
1178 908 1254 992 ipso

59 1018 134 1083 tibi
163 1017 412 1098 amittentibus,
430 1017 490 1086 sed
505 1024 681 1106 tamqnam
705 1015 762 1084 his
780 1016 815 1082 in
834 1015 961 1106 quibus
976 1019 1012 1083 te
1027 1015 1123 1083 Deus
1138 1015 1255 1100 finxit,

58 1124 182 1192 idest
209 1124 379 1192 formavit
389 1131 426 1192 et
441 1123 618 1192 creavit...
637 1145 705 1191 non
733 1121 798 1190 illa
813 1121 988 1190 mentione
1011 1143 1080 1212 qua
1102 1120 1258 1190 homines

58 1232 156 1299 fanti
175 1253 316 1314 snmus,
335 1231 394 1299 sed
410 1237 462 1312 ea,
482 1231 524 1299 de
540 1251 610 1321 qua
625 1229 686 1298 ille
703 1229 841 1299 dicebat
856 1229 916 1319 qui
932 1229 1055 1320 utique
1072 1228 1142 1294 iam
1157 1228 1257 1296 homo

57 1345 159 1405 erat:
190 1360 254 1407 cor
277 1338 443 1406 mundum
467 1337 606 1405 cresin
630 1360 682 1404 me
705 1338 841 1405 Deus...
860 1337 995 1428 ltaque,
1023 1336 1207 1419 carissimi,
1226 1337 1257 1404 si

60 1445 147 1512 vita
175 1447 271 1512 bona
293 1453 415 1513 nostra
437 1443 529 1512 nihil
553 1443 650 1512 aliud
672 1448 727 1512 est
749 1465 852 1535 quam
876 1444 941 1513 Dei
958 1445 1088 1534 gratia,
1107 1443 1181 1512 sine
1197 1443 1259 1512 du·

63 1552 123 1619 bio
150 1559 194 1620 et
221 1553 298 1622 vita
320 1558 474 1638 aeterna,
493 1573 581 1644 qnae
605 1554 710 1620 bonae
734 1553 830 1622 vitae
853 1553 1026 1638 redditur,
1052 1553 1117 1621 Dei
1139 1553 1258 1641 gratia

62 1665 142 1743 est,
172 1666 215 1727 et
238 1658 316 1748 ipsa
337 1659 442 1727 etiarn
473 1659 587 1748 gratis
617 1659 740 1744 datur,
767 1659 851 1750 quia
873 1660 989 1748 gratis
1012 1659 1096 1728 data
1118 1667 1171 1727 est
1192 1658 1259 1726 illa

62 1767 127 1835 cui
154 1766 280 1836 datur.
300 1765 367 1835 Sed
391 1766 455 1834 illa
478 1767 535 1835 cni
562 1767 680 1851 datur,
699 1767 936 1836 tantummodo
953 1766 1072 1856 gratia
1087 1773 1153 1854 est,
1172 1765 1258 1836 baec

64 1883 196 1943 autem
221 1896 308 1965 qnae
333 1874 389 1942 illi
412 1874 530 1958 datur,
557 1876 718 1966 quoniam
742 1875 932 1964 praemium
956 1875 1032 1943 eius
1055 1879 1120 1958 est,
1139 1874 1259 1964 gratie

63 1988 123 2050 est
148 2003 219 2070 pro
242 1980 372 2070 gratia,
398 1984 574 2072 tamquam
599 2003 727 2050 merces
754 2003 816 2070 pro
844 1981 1016 2048 iustitia»
1036 1981 1078 2049 de
1102 1980 1204 2048 Grat.
1224 1987 1259 2048 et

66 2085 133 2155 lib.
155 2087 269 2154 arbit.
287 2108 322 2153 n.
337 2085 392 2154 20.
411 2086 568 2177 Denique
592 2085 629 2174 d)
653 2109 720 2154 non
743 2087 832 2156 satis
855 2093 909 2156 est
931 2092 1107 2156 ostentare
1130 2086 1257 2156 doctri·

66 2217 153 2262 nam
168 2193 383 2283 Augustini,
401 2193 491 2286 quod
507 2195 689 2285 supposita
700 2194 769 2262 iam
782 2194 1097 2284 praedestinatione
1110 2217 1132 2262 a
1145 2195 1259 2284 prima

68 2304 202 2393 gratia
225 2325 334 2394 usque
356 2303 401 2372 ad
425 2324 597 2389 coronam,
615 2303 855 2372 infallibiliter
878 2305 1102 2395 consequitur
1118 2303 1155 2371 in
1173 2309 1258 2372 tem-

69 2433 159 2500 pore
186 2411 365 2480 exsecutio
388 2417 424 2480 et
446 2410 523 2501 ipsa
545 2411 687 2480 donatio
712 2409 905 2480 vocationis
935 2411 1103 2494 efficacis,
1130 2409 1257 2478 iustifi-

70 2521 245 2606 cationis,
262 2520 554 2610 perscverantiae,
574 2521 669 2589 vitae
691 2527 863 2589 aeternae.
884 2519 972 2604 Quis
999 2521 1091 2587 enim
1114 2518 1179 2587 hoc
1201 2541 1257 2587 ne·

72 2635 149 2716 get,
177 2629 250 2696 nisi
275 2630 335 2720 qui
358 2635 503 2718 negaret
523 2628 818 2697 infallibilitatem
842 2627 983 2697 divinae
1007 2626 1257 2717 praescientiae

72 2740 111 2802 et
142 2736 503 2826 praedestinationis?
534 2736 746 2804 Nominatim
781 2757 848 2804 non
884 2735 1013 2804 sufficit
1044 2733 1254 2818 ostendisse,

74 2841 185 2912 iuxta
206 2843 449 2933 Augustinum
465 2843 742 2933 praedestinatos
757 2865 872 2912 omnes
888 2841 1129 2912 infallibiliter
1143 2864 1256 2931 perse·

74 2972 219 3037 verare,
245 2950 306 3041 qui
329 2950 421 3018 enim
443 2972 511 3017 non
533 2957 776 3041 perseverant,
803 2957 895 3018 certe
919 2971 986 3016 non
1010 2956 1095 3017 suut
1116 2949 1256 3038 praede-

74 3058 222 3127 stinati:
243 3057 348 3126 rideo
371 3057 712 3146 praedestinatiana
736 3057 933 3148 suntquis
959 3055 1050 3125 tales
1077 3055 1191 3123 futuri
1214 3079 1256 3124 ex

76 3165 288 3235 voluntaria
317 3165 617 3256 praevaricatione
648 3165 816 3256 praesciti
845 3171 958 3233 sunta
985 3167 1022 3234 S.
1041 3165 1190 3253 Prosper
1213 3163 1257 3230 ad

77 3272 218 3344 Obiect.
236 3273 305 3342 111.
324 3273 518 3343 Gallorum.
538 3273 604 3342 Sed
620 3278 662 3340 ut
683 3273 819 3363 aliquid
842 3273 1059 3356 conficiatur,
1077 3271 1258 3340 ostenden-

80 3380 165 3448 dum
190 3386 256 3465 est,
274 3388 416 3471 propter
434 3378 679 3446 antecedentem
695 3379 884 3444 absolutam
907 3377 1259 3467 praedestinationem

81 3487 127 3555 ad
145 3487 298 3578 gloriam
314 3487 405 3556 velle
427 3487 537 3556 Deum
561 3487 643 3555 dare
666 3485 780 3570 fidem,
800 3488 887 3554 bana
903 3507 1018 3576 opera,
1036 3507 1258 3576 perseveran-

81 3593 183 3664 tiam.
211 3595 311 3676 Quod
334 3593 394 3686 qui
417 3595 461 3663 ab
484 3594 686 3684 Augustino
709 3591 875 3662 affirmari
898 3593 1105 3684 persuadere
1129 3601 1256 3684 posset,

82 3701 191 3772 simul
215 3703 320 3771 etiam
343 3701 445 3770 illum
469 3703 537 3770 sibi
561 3701 799 3771 contradicere
815 3701 1098 3770 demonstrasset.
1118 3701 1258 3771 Etenim

83 3809 127 3878 ad
152 3811 401 3903 quaestionem,
427 3833 490 3879 cur
514 3811 607 3880 Deus
624 3809 686 3879 nni
710 3809 770 3879 det
785 3810 937 3900 gratiam
955 3808 1050 3892 fidei,
1068 3808 1173 3876 alteri
1190 3829 1257 3876 non

83 3913 164 4004 det3
190 3917 253 3986 uni
276 3917 335 3986 det
357 3917 484 3985 donum
514 3916 810 4007 perseverantiae,
836 3915 942 3985 alteri
972 3937 1040 3983 non
1068 3915 1146 4001 det3
1180 3937 1257 3983 cum

84 4027 201 4094 tamen
225 4031 381 4116 spectata
404 4025 589 4094 voluntate
613 4025 802 4094 secundum
822 4023 1087 4115 amplitudinem
1105 4025 1257 4114 omnipo-

84 4135 216 4203 tentiae
239 4140 356 4224 posset
378 4133 461 4202 dare
485 4131 660 4218 omnibus,
686 4139 843 4223 spectata
867 4155 949 4200 vero
973 4131 1147 4222 dignitate
1170 4134 1256 4202 reci·

86 4241 253 4328 pientium
276 4242 412 4311 nullum
436 4241 621 4333 praecedat
644 4243 805 4312 meritum
822 4245 903 4311 ante
919 4242 1065 4333 prinam
1089 4243 1253 4332 gratiam,

87 4355 121 4417 et
143 4351 358 4442 praecisione
382 4352 478 4421 facta
500 4373 522 4418 a
543 4349 643 4419 donis
666 4351 803 4440 gratiae
822 4351 896 4418 sint
912 4371 1027 4419 ornnes
1042 4350 1193 4440 indigni:
1211 4351 1256 4419 ad

87 4454 176 4528 hanc
199 4460 339 4551 inquam
364 4459 596 4550 quaestionem
620 4457 845 4546 Augustinus
869 4479 1053 4548 numquam
1073 4457 1256 4546 respondet
1284 4543 1286 4549 y
