3464 5058
940 396 978 410 -
998 365 1059 425 646
1080 395 1117 408 ·-

440 469 510 536 nisi
533 469 577 535 ad
600 467 843 536 deelarandam
867 468 1097 556 gratuitatem
1120 468 1258 556 gratiae
1285 473 1358 536 tum
1374 467 1412 534 in
1427 467 1599 535 eollations

440 584 515 645 tum
544 577 609 645 100
639 577 715 666 ipso
744 575 849 644 etiam
881 576 918 643 in
942 575 1270 666 praedestinatione.
1292 607 1308 640 u
1326 576 1380 643 Ex
1405 599 1463 644 ore
1486 577 1600 670 quippe

439 684 629 752 infantium
652 691 688 752 et
710 683 916 752 lactentium
940 706 1037 751 suam
1060 683 1199 768 (Deus)
1223 683 1361 773 perfluit
1389 683 1544 768 laudem,
1567 691 1602 750 ut

440 793 530 884 quod
554 793 591 860 in
614 792 670 859 his
694 791 864 874 videmus,
891 814 1035 884 quorum
1053 791 1293 860 liberationem
1309 793 1397 859 bona
1411 814 1529 859 eorum
1544 813 1601 858 ms·

440 899 511 972 rita
533 900 632 967 nulla
655 901 879 989 praecedunt,
897 905 932 968 et
948 899 985 966 in
1001 899 1059 966 his
1075 921 1221 989 quorum
1237 899 1490 967 damnationem
1507 898 1602 965 utris-

440 1029 506 1097 que
530 1007 723 1076 eommunia
746 1007 936 1096 originalia
960 1007 1033 1075 sola
1059 1007 1280 1096 praecedunt,
1306 1006 1370 1076 100
1394 1014 1430 1075 et
1449 1007 1487 1074 in
1509 1006 1602 1073 maio

440 1115 538 1180 ribus
560 1114 639 1182 fieri
662 1136 879 1206 nequaquam
903 1115 1040 1182 omnino
1064 1121 1288 1201 annotemur;
1321 1115 1358 1184 id
1381 1122 1436 1184 est
1458 1137 1526 1180 non
1548 1136 1601 1202 pu·

352 1215 355 1222 ¹
438 1228 565 1306 tantas,
592 1223 649 1291 vel
673 1220 850 1290 osmundum
873 1247 936 1289 orsu
958 1226 1082 1289 merita
1095 1226 1250 1311 gratiam
1266 1227 1425 1314 cuiquam
1437 1222 1537 1303 dori,
1553 1219 1602 1288 vel

439 1330 509 1398 nisi
533 1331 607 1399 suis
630 1330 765 1400 maritis
789 1351 993 1422 quemquam
1009 1330 1129 1419 puniri
1148 1357 1163 1392 n
1181 1331 1269 1398 Don.
1289 1353 1424 1420 persev.
1447 1354 1483 1396 n.
1498 1327 1601 1396 21111
1706 1345 1707 1350 ’

437 1437 583 1506 eundem
606 1461 743 1508 sensum
774 1445 974 1506 constanter
1002 1437 1161 1528 loquitur
1188 1437 1413 1528 Augustinus
1445 1459 1501 1526 ep.
1531 1435 1600 1502 186.

437 1569 473 1612 ιι.
500 1544 561 1632 12;
588 1546 629 1614 de
652 1568 744 1636 paee.
760 1544 875 1614 merit.
889 1545 1070 1613 etremiss.
1093 1546 1117 1612 l.
1133 1545 1164 1613 Ι.
1182 1569 1217 1613 n.
1232 1544 1288 1612 29.
1303 1543 1366 1632 30;
1388 1553 1502 1613 contr.
1524 1542 1604 1610 duas

438 1675 516 1742 epp.
528 1654 709 1743 Pelagian.
723 1653 747 1722 l.
758 1653 808 1722 Π.
820 1654 1011 1744 n.11.sqq.;
1026 1659 1137 1721 eontr.
1148 1653 1217 1721 Iul.
1232 1653 1258 1720 l.
1269 1653 1332 1721 IV.
1348 1677 1383 1720 n.
1394 1653 1454 1738 453
1469 1651 1511 1719 de
1522 1650 1601 1718 Don.

438 1781 573 1849 persev.
589 1786 624 1828 n.
640 1759 696 1828 21.
711 1761 767 1828 27.
784 1761 855 1846 28.;
871 1761 934 1850 Op.
949 1761 1148 1851 Imperfeot.
1164 1759 1188 1827 l.
1205 1759 1235 1828 Ι.
1251 1783 1286 1827 n.
1301 1759 1357 1828 38.

504 1868 560 1936 Ad
583 1873 826 1956 argumentum
849 1868 998 1936 alterum
1029 1867 1157 1936 suffieit
1188 1867 1389 1957 exposuisse
1415 1869 1604 1937 doctrinam

436 1976 634 2065 Augustini
656 1976 697 2044 de
716 2003 732 2040 0
750 1973 953 2042 discretione
975 2001 997 2041 a
1012 1999 1123 2042 massa
1137 1974 1313 2054 damnata,
1333 2003 1349 2034 n
1369 1981 1410 2044 ut
1430 1975 1603 2066 intelliga-

436 2089 508 2169 tur,
533 2085 584 2152 ibi
607 2107 739 2175 semper
762 2085 822 2172 agi
845 2106 954 2174 aequo
977 2084 1075 2152 modo
1097 2092 1172 2151 tum
1196 2084 1237 2151 de
1261 2082 1448 2151 collatione
1471 2089 1545 2152 tum
1567 2083 1604 2149 de
1706 2115 1707 2148 .

437 2190 751 2279 praedestinatione
775 2191 929 2280 gratiae,
950 2189 1008 2258 vel
1024 2189 1160 2280 gratiae
1176 2189 1281 2258 simul
1298 2194 1334 2257 et
1349 2189 1500 2278 gloriae,
1518 2196 1554 2258 et
1567 2189 1603 2256 de

434 2300 510 2362 tota
533 2295 621 2362 serie
645 2294 843 2382 gratiarum
867 2294 903 2360 in
929 2294 1108 2382 complexu
1133 2317 1153 2360 a
1176 2294 1289 2383 primo
1305 2293 1409 2362 initio
1434 2293 1602 2386 usquead

433 2403 728 2492 perseverantiam
751 2409 786 2471 et
809 2402 969 2494 gloriam.
995 2403 1112 2470 Masso
1135 2401 1191 2470 vel
1215 2401 1403 2492 aliquando
1419 2405 1603 2492 coaepario

434 2506 598 2574 10110010
610 2507 646 2574 1.
661 2531 691 2576 0.
705 2528 765 2575 rea
778 2506 1014 2576 damnationis
1025 2507 1192 2576 dieantur
1204 2506 1248 2572 ab
1264 2505 1471 2595 Augustino
1495 2527 1603 2573 omnes

433 2615 558 2684 infesti
581 2621 721 2704 peceato
738 2614 793 2681 vel
811 2613 1048 2703 originalivel
1063 2613 1239 2703 personali
1253 2613 1458 2702 (desumpto
1474 2612 1603 2680 nomine

432 2743 475 2789 ex
490 2721 589 2788 Rom.
603 2721 669 2787 IX.
683 2721 768 2806 21.).
796 2721 895 2788 Unda
909 2727 1094 2809 repugnat,
1114 2727 1155 2786 nt
1170 2720 1213 2786 ab
1227 2719 1293 2788 hao
1308 2740 1422 2786 massa
1435 2719 1602 2810 quispiam

432 2828 603 2896 liberatur
625 2827 695 2896 nisi
719 2826 958 2896 misericordia
980 2827 1155 2914 indebita;
1180 2849 1248 2894 non
1272 2827 1363 2894 anim
1386 2834 1505 2916 potest
1527 2827 1603 2894 libe·

433 2935 506 3004 rari
529 2935 598 3002 nisi
621 2957 682 3024 per
706 2936 871 3023 gratiam,
898 2957 986 3026 quae
1011 2941 1065 3003 est
1081 2933 1293 3024 principium
1309 2933 1420 3000 omnis
1437 2935 1555 3003 mariti
1570 2934 1602 3002 in

433 3043 493 3110 via
516 3041 657 3110 salutis.
675 3041 813 3132 Duplex
827 3063 909 3108 vero
927 3041 1169 3110 consideratur
1183 3040 1349 3108 diseretio
1364 3039 1488 3108 abillo
1500 3063 1603 3106 massa

433 3147 686 3212 damnationis.-
711 3167 782 3212 una
804 3145 1015 3234 temporaria
1036 3167 1175 3228 eorum,
1201 3145 1260 3234 qui
1283 3144 1410 3212 iterum
1436 3145 1512 3213 suis
1535 3165 1601 3234 peo-

433 3250 523 3319 eatis
545 3249 583 3317 in
606 3272 681 3318 eam
703 3249 933 3334 relabuntur;
961 3249 1033 3316 alia
1056 3248 1228 3337 completa
1249 3270 1387 3332 eorum,
1413 3249 1476 3340 qui
1500 3269 1603 3338 perse·

433 3363 558 3424 verant
573 3357 731 3447 usquein
747 3357 860 3424 finam.
882 3385 898 3420 a
916 3356 1041 3425 Voaati
1059 3357 1211 3438 fuerant,
1230 3365 1266 3424 et
1283 3361 1464 3426 vosautem
1482 3356 1600 3436 secuti,

432 3486 475 3532 ex
497 3462 615 3552 impiis
637 3461 824 3531 iustitiuati
855 3469 891 3530 et
921 3485 983 3552 per
1005 3463 1185 3532 lavaorum
1210 3464 1488 3552 regenarationis
1511 3486 1600 3532 reno·

432 3569 564 3638 vati...
590 3569 685 3638 Vera
701 3569 896 3652 00011000,
914 3569 1091 3636 secandam
1106 3571 1185 3636 luae
1201 3573 1316 3636 omnia
1328 3594 1370 3637 aa
1381 3572 1480 3638 noeis
1496 3585 1602 3652 moue,-

432 3681 669 3747 varumtamen
704 3675 882 3744 seeundum
917 3677 1027 3742 oliam
1063 3675 1235 3767 quandum
1274 3675 1512 3744 discretionem
1540 3700 1600 3742 noa

432 3801 530 3852 eruut
553 3808 595 3852 aa
617 3784 735 3865 aubin
758 3807 837 3852 nam
855 3784 886 3852 si
903 3783 1056 3852 fuissent
1072 3806 1114 3852 ax
1130 3783 1241 3867 nobis,
1259 3785 1470 3854 mansissent
1485 3785 1600 3876 utique

430 3894 608 3962 nobiseum
622 3919 638 3954 n
652 3893 741 3960 Don.
757 3913 891 3980 persev.
910 3915 944 3959 n.
964 3891 1020 3960 21.
1040 3891 1115 3958 Iam
1133 3912 1261 3982 quaeso
1277 3913 1354 3960 oum
1370 3891 1599 3982 praedestina·

429 4000 524 4068 tione
548 3999 592 4068 ad
615 3999 764 4088 gloriam
788 4005 869 4066 ante
894 3998 1058 4086 praevisa
1082 3997 1207 4066 merite
1223 3997 1507 4086 supernaturalia
1521 3995 1600 4087 quid

429 4105 535 4174 habet
557 4128 734 4175 eommune
757 4105 843 4174 hasa
868 4105 1029 4174 doetrina
1052 4127 1154 4195 penes
1178 4128 1293 4174 omnes
1315 4103 1514 4174 Catholioos
1535 4124 1599 4172 osr-
1706 4087 1707 4164 1

430 4212 584 4297 tissima,
618 4213 709 4304 quod
740 4234 840 4282 nemo
869 4234 891 4279 a
914 4219 1011 4281 statu
1035 4212 1169 4302 peceati
1191 4219 1229 4280 et
1251 4219 1353 4282 reatu
1375 4208 1600 4280 damnationis

429 4321 567 4390 eruitur
588 4321 659 4389 nisi
682 4321 840 4390 indebita
863 4319 1104 4390 miserirordia
1126 4327 1163 4390 et
1177 4320 1298 4411 gratia
1312 4320 1403 4389 Dei?
1418 4325 1453 4388 et
1467 4316 1556 4409 quod
1570 4315 1598 4382 si
1706 4365 1707 4384 .

428 4435 502 4497 1010
524 4431 632 4498 series
656 4428 902 4498 beneficiorum
925 4429 991 4496 Dei
1008 4430 1044 4496 in
1061 4429 1335 4518 praedestinatis
1351 4427 1594 4505 consideretur,
