3224 5068
544 411 581 426 -
603 379 664 443 339
685 413 722 428 ..

69 505 134 552 ace
150 480 241 552 entis
264 480 362 550 finiti
384 483 549 568 essentia,
569 485 628 554 sed
644 486 739 554 sicut
761 485 904 554 initium
928 507 990 575 per
1014 483 1224 552 creationem

69 593 112 660 ita
131 591 329 682 perduratio
353 591 564 662 existentiae
588 600 642 664 est
664 619 726 686 per
747 593 1046 665 conservationem
1064 591 1141 674 Dei,
1157 611 1226 681 qua

66 701 228 769 desinente
250 700 430 769 desineret
453 701 656 772 existentia.
691 705 786 787 Quot
809 713 925 772 autem
949 710 1033 771 sunt
1054 705 1228 767 momente

65 806 289 874 indivisibilia
311 807 350 874 in
374 809 592 878 successione
616 809 784 879 continua
799 810 900 895 reali,
918 808 1027 878 toties
1043 826 1226 874 conserva·

65 915 107 982 tio
127 939 163 983 ac
185 914 334 1005 proinde
358 915 549 983 existentia
573 916 733 985 desinere
752 923 878 1008 potest.
895 917 997 985 Unde
1012 915 1098 984 licet
1113 912 1227 982 reales

65 1030 167 1110 partes
191 1021 414 1090 successivae
437 1044 506 1090 non
529 1023 615 1108 sint,
641 1029 726 1092 sunt
747 1031 866 1093 tamen
889 1038 1008 1112 ⁸prutes
1028 1023 1225 1112 possibiles,

64 1129 298 1221 quaeratione
321 1128 545 1218 distinguere
567 1154 750 1220 possumus
765 1131 828 1218 (l).
853 1132 949 1200 Haec
973 1135 1091 1198 autem
1111 1127 1227 1197 omnia

63 1237 100 1304 ed
113 1237 395 1326 imperfectiones
410 1237 602 1325 pertinent,
622 1259 711 1330 quae
727 1239 865 1331 quidem
881 1261 903 1306 a
918 1237 1019 1306 nulle
1035 1234 1227 1305 existentia

64 1347 278 1435 contingente
301 1351 337 1413 et
359 1345 465 1413 finita
486 1347 607 1415 abesse
631 1354 788 1437 possunt,
818 1347 856 1414 in
882 1347 954 1415 Dec
977 1352 1094 1414 autem
1110 1343 1225 1434 puris·

62 1453 137 1520 simo
156 1457 242 1521 actu
264 1452 463 1522 necessario
485 1459 522 1522 et
544 1453 685 1523 infinito
708 1456 812 1546 plane
832 1459 1045 1544 repugnant.

119 1561 235 1642 Quare
249 1560 391 1628 duratio
409 1560 534 1630 divina
549 1562 786 1653 intelligenda
799 1569 854 1632 est
866 1587 908 1632 ex
920 1563 998 1652 ipsa
1010 1560 1226 1651 perfectione

63 1667 194 1737 divinae
214 1667 398 1736 aasentias.
416 1667 471 1735 Ex
488 1669 739 1740 demonstratis
750 1671 839 1738 Esse
855 1669 1016 1739 divinum
1032 1672 1087 1736 est
1101 1667 1189 1734 Esse
1205 1690 1227 1731 a

62 1799 89 1839 re
102 1781 136 1842 et
149 1797 193 1842 ex
209 1775 405 1844 intrinseca
420 1797 485 1846 sua
500 1777 638 1845 ratione
655 1783 690 1846 et
706 1779 860 1847 essentia
874 1775 1123 1846 necessarium:
1142 1795 1226 1864 ergo

63 1883 253 1952 nouaclum
278 1885 415 1953 nullum
439 1884 546 1953 habet
567 1885 712 1954 initium
736 1891 773 1955 et
794 1886 932 1954 nullum
955 1885 1071 1968 finem,
1089 1869 1226 1950 nullum

62 1991 198 2077 primum
224 1998 262 2060 et
283 1991 421 2059 nullum
444 1992 609 2060 ultimum
632 1993 840 2080 terminum;
866 1992 926 2061 sed
949 1993 982 2060 ei
1005 1999 1077 2059 tam
1102 1996 1155 2059 est
1179 2012 1227 2058 cs·

63 2097 220 2182 sentiale,
247 2101 290 2165 ut
312 2097 362 2166 eit
384 2097 461 2168 sine
486 2099 656 2184 termino,
684 2119 787 2192 quam
815 2105 869 2168 est
894 2097 1080 2166 essentiale
1111 2098 1225 2187 ipsum

62 2203 137 2270 Esse
158 2230 181 2270 a
204 2229 262 2286 ee,·
283 2211 424 2296 tamque
454 2213 630 2296 repugnat
659 2207 692 2274 ei
723 2207 867 2275 initium
898 2212 961 2274 ant
990 2205 1097 2289 finis,
1124 2227 1226 2296 quam

62 2319 245 2402 repugnat,
271 2318 313 2380 ut
335 2313 424 2379 Eece
445 2313 682 2381 neceesarium
705 2336 774 2381 non
798 2314 857 2382 sit.
883 2315 991 2382 Porro
1015 2336 1057 2381 ex
1089 2313 1226 2380 demon·

61 2423 173 2489 stratis
197 2422 264 2488 hcc
287 2419 448 2489 divinum
463 2421 552 2488 Esse
574 2429 628 2490 est
651 2447 693 2491 ex
710 2446 775 2492 aua
790 2423 987 2493 intrinseca
1001 2421 1140 2490 ratione
1155 2419 1225 2510 ple-

61 2529 172 2596 nitudo
197 2527 292 2596 entis
313 2527 489 2612 absoluti,
515 2536 622 2621 atque
645 2531 723 2602 ideo
753 2533 792 2598 in
822 2537 903 2600 acto
930 2531 1090 2598 absoluto
1114 2528 1227 2596 omnis

61 2633 278 2722 perfectionis
302 2633 385 2702 sine
402 2633 476 2701 ulla
498 2635 656 2724 potentia
679 2638 723 2706 ad
739 2638 988 2727 perfectionem
1007 2635 1223 2703 ulteriorem.

61 2741 95 2807 ln
114 2747 197 2810 actu
221 2745 340 2808 autem
363 2740 522 2810 absoluto
547 2751 582 2811 et
609 2745 806 2814 necessario
831 2743 1003 2812 successio
1026 2741 1127 2810 nulla
1150 2764 1227 2810 esse

61 2855 181 2936 potest,
209 2847 304 2916 nihil
328 2847 419 2939 quod
442 2873 512 2918 non
536 2874 671 2941 semper
694 2852 812 2920 eodem
835 2852 933 2919 modo
956 2850 1016 2936 sie,
1043 2848 1136 2916 nihil
1153 2872 1227 2938 per·

60 2955 216 3023 fectionis
239 2961 355 3044 potest
370 2957 518 3046 concipi,
535 2959 625 3048 quod
641 2981 710 3027 non
726 2959 878 3050 amplius
895 2958 952 3028 vel
968 2958 1059 3051 quod
1072 2957 1225 3025 nondum

60 3061 109 3146 sit,
133 3062 228 3130 nihil
251 3062 367 3152 igitur
389 3063 488 3153 prius
511 3070 575 3133 ant
596 3067 784 3156 posterius,
803 3067 864 3134 sed
880 3071 956 3134 tota
979 3063 1162 3154 plenitudo
1179 3061 1224 3130 si·

61 3169 121 3236 mul
144 3173 202 3237 est
227 3175 263 3238 et
286 3191 420 3259 semper
442 3176 508 3238 est.

116 3277 301 3360 Quatenus
324 3299 408 3367 ergo
430 3278 518 3346 Esse
540 3277 702 3347 divinum
725 3283 780 3346 est
802 3277 840 3345 in
863 3277 1079 3368 perfectione
1102 3283 1222 3361 actus,

60 3407 230 3472 possumus
254 3383 345 3452 illud
369 3383 557 3474 designare
580 3386 718 3454 nomine
740 3389 855 3468 eitam
879 3392 1051 3477 qnatenus
1074 3390 1130 3453 est
1148 3407 1224 3474 per·

60 3491 239 3574 manentia,
258 3495 374 3580 potest
388 3489 460 3558 dici
478 3493 661 3580 possessiu-
685 3497 858 3583 quatenus
880 3491 1017 3560 nullum
1033 3492 1139 3560 habet
1155 3497 1224 3560 ter-

61 3595 193 3680 minum,
211 3596 282 3665 erit
298 3597 570 3664 interminabilis
593 3591 690 3666 ritae
713 3599 899 3687 possessio;
925 3606 1102 3690 quatenns
1124 3598 1225 3668 nulla

114 3836 154 3910 (1)
172 3838 378 3892 Permanentia
395 3837 561 3892 huiusmodi
575 3841 638 3892 eine
661 3839 735 3892 reali
748 3839 909 3892 intrinseca
928 3839 1103 3892 successione
1122 3838 1224 3906 depan-

61 3926 224 3982 deurtsmen
244 3945 261 3982 a
278 3928 505 3996 conservatione,
525 3945 621 3981 aarum
642 3929 739 3982 uocari
760 3930 835 3982 eolat
853 3929 885 3980 in
904 3929 952 3996 iis,
976 3943 1049 3994 quae
1067 3929 1224 3981 intrinsece

61 4017 283 4086 ineennptibilie
304 4022 441 4086 perpetuo
459 4017 656 4072 conservanda
669 4021 747 4072 sunt.
766 4017 843 4072 Aeco
862 4022 956 4072 summ
975 4018 1096 4070 mutatio
1117 4021 1146 4070 et
1165 4032 1224 4070 suc·

63 4108 139 4160 cessio
158 4108 189 4160 ln
212 4107 409 4162 accidentibus
433 4112 463 4160 et
482 4109 742 4162 modificationibus
768 4125 824 4162 non
850 4111 1002 4176 repugnat.
1026 4107 1070 4161 Of.
1088 4109 1117 4162 S.
1129 4108 1183 4161 uh.
1197 4108 1222 4160 1.

64 4195 209 4259 q.1c.a.s.
225 4194 306 4260 Quod
319 4197 349 4250 S.
363 4195 566 4251 Beneventnra
576 4199 607 4250 ln
621 4199 647 4250 2.
661 4197 729 4252 dist.
743 4199 768 4250 2.
781 4215 807 4250 a.
821 4197 847 4250 1.
859 4213 887 4265 q.
899 4197 926 4249 3.
940 4213 975 4250 ex
986 4198 1148 4251 necessaria
1160 4213 1224 4250 con-

64 4287 212 4338 uersatione
229 4287 283 4339 Dei
296 4286 416 4353 probare
428 4289 556 4352 conatur,
580 4287 612 4339 in
633 4287 709 4340 omni
727 4286 876 4339 duratione
891 4285 1069 4352 dependente
1088 4301 1151 4338 esee
1163 4301 1222 4340 auc

64 4373 221 4442 credonem,
242 4373 318 4427 forte
342 4374 472 4440 intelligi
490 4377 588 4442 potest
613 4373 647 4450 de
667 4375 844 4429 successione
863 4374 895 4426 in
914 4374 1046 4442 potentip
1070 4373 1221 4428 secundum

65 4459 161 4516 nodum
179 4478 202 4518 s·
213 4463 297 4518 nobie
314 4463 346 4517 in
363 4467 445 4518 textu
461 4463 648 4518 declaratum.

1063 4571 1081 4604 θ
