3394 5056
616 369 653 382 -
676 337 715 398 43
737 369 774 381 -

105 447 138 509 ut
159 439 321 510 homines
346 446 518 534 quaerant
538 440 660 526 Deum,
687 441 723 508 iu
747 461 815 531 quo
838 439 990 529 impulsu
1013 437 1058 508 ad
1076 438 1273 530 inquisitio·

104 571 170 616 uem
191 549 260 618 Dei
285 549 487 619 necessario
511 550 578 618 iam
601 547 801 618 continetur
824 548 969 616 confusa
984 546 1104 638 aliqua
1119 552 1155 614 et
1169 547 1274 637 prim·

101 657 239 728 ordialis
262 659 398 728 notitia
419 658 505 728 Dei:
534 659 654 728 «fecit
675 658 769 726 Deus
791 679 833 726 ex
857 680 925 726 uno
948 679 1045 725 omne
1075 677 1186 746 genus
1218 655 1275 724 hc

101 767 223 834 ninum
247 766 455 836 inhabitare
478 789 583 856 super
599 767 798 834 universam
814 764 938 834 faciem
954 771 1081 849 terrae,
1101 763 1274 834 definiens

102 879 230 942 statuta
258 880 422 964 tempora
444 879 481 942 et
502 873 667 942 terminos
691 870 919 939 habitationis
941 893 1081 954 eorum,
1108 891 1274 962 quaerere

101 979 214 1047 Deum.
239 1007 257 1042 n
285 979 334 1047 In
356 980 423 1048 hac
446 984 561 1048 autem
585 977 812 1070 inquisitione
837 983 954 1066 potest
968 983 1005 1046 et
1019 978 1160 1046 deberet
1175 977 1274 1044 homo

102 1094 305 1178 conceptum
318 1087 541 1178 primitivum
556 1085 723 1173 excolere;
742 1091 857 1176 potest
872 1108 954 1154 vero
970 1087 1075 1156 etiam
1092 1091 1156 1154 sua
1171 1084 1275 1176 culpe

102 1196 237 1264 eandem
273 1195 498 1286 primitivam
532 1195 644 1264 ideam
667 1193 732 1262 Dei
756 1193 932 1284 applicare
956 1194 1000 1263 ad
1024 1193 1158 1262 obiecta
1186 1213 1276 1283 quae

103 1302 189 1371 Deua
211 1326 286 1372 non
313 1310 410 1388 sunt,
436 1309 543 1394 atque
566 1302 619 1370 ita
641 1322 715 1370 eam
738 1307 949 1391 pervertere.
968 1301 1046 1370 Nou
1062 1322 1146 1390 ergo
1161 1321 1275 1370 neces-

103 1411 188 1480 aario
210 1433 255 1480 ex
273 1434 331 1496 eo,
350 1413 441 1502 quod
457 1411 557 1479 homo
573 1410 712 1501 quaerit
727 1410 1040 1502 quomodocumque
1056 1408 1178 1493 Deum,
1197 1431 1274 1477 con-

105 1540 245 1609 sequeus
261 1526 334 1606 est,
352 1526 395 1588 nt
410 1525 577 1588 attrectet
588 1523 624 1585 et
635 1518 807 1586 iuveniat:
821 1517 879 1586 asi
886 1519 985 1606 forte
996 1522 1186 1586 attrectent
1198 1538 1275 1584 eum

104 1625 337 1696 etinveniunt
350 1653 368 1688 a
382 1626 465 1694 Act.
476 1625 594 1694 XVII.
604 1625 661 1692 27.
680 1624 810 1694 Eadem
826 1647 970 1716 prorsus
986 1624 1167 1694 distinctio
1185 1625 1278 1692 inter

105 1733 243 1819 primam
269 1737 499 1823 spontaneam
522 1731 582 1800 sed
606 1733 784 1801 confusam
808 1733 971 1802 notitiam
994 1732 1060 1799 Dei
1083 1755 1125 1800 ex
1142 1737 1275 1800 creatu-

108 1859 218 1908 rarum
235 1839 520 1909 consideratione
537 1845 660 1925 ortam,
679 1847 714 1909 et
730 1841 823 1908 inter
839 1839 1094 1909 distinctionem
1110 1838 1277 1928 cognitio-

107 1967 175 2014 nem
197 1948 279 2016 vari
305 1948 373 2017 Dei
395 1946 580 2016 exhibetur
597 1947 679 2039 Sap.
698 1947 803 2016 XIII.
822 1947 855 2015 6.
874 1971 927 2038 sq.
948 1976 964 2011 e
982 1946 1030 2015 Et
1061 1945 1099 2014 hi
1129 1947 1277 2014 fortasse

108 2063 217 2122 errant
240 2057 358 2125 Deum
382 2062 588 2148 quaerentes
603 2062 639 2124 et
662 2055 819 2126 volentes
843 2055 1013 2124 invenire.
1039 2053 1178 2123 Etenim
1198 2075 1275 2121 curn

108 2163 328 2254 inopes-ibus
358 2163 459 2233 illius
481 2171 754 2248 conversentur,
781 2164 989 2256 inquirunt;
1015 2171 1051 2232 et
1073 2183 1277 2253 persuasum

110 2271 251 2358 habent,
280 2273 447 2364 qnoniam
471 2272 559 2340 bona
581 2279 666 2341 sunt
689 2293 778 2364 quae
801 2271 979 2340 videntur.
1005 2271 1137 2340 Iterum
1162 2275 1276 2339 autem

110 2399 164 2448 uec
184 2379 241 2448 his
265 2379 373 2449 debet
396 2379 542 2468 ignosc13
569 2380 597 2448 si
623 2379 713 2448 euim
737 2385 874 2448 tantum
898 2384 1089 2469 potuerunt
1108 2377 1210 2462 scire,
1238 2385 1278 2444 ιιι

110 2493 241 2574 possent
264 2487 457 2556 aestimare
479 2486 667 2572 saeculnm,
695 2487 860 2579 quomodo
884 2485 991 2554 huius
1008 2487 1193 2556 Dominum
1210 2507 1277 2554 non

113 2591 244 2662 acilius
268 2593 547 2662 invenerunt‘tn

167 2701 260 2771 Hinc
295 2707 459 2792 apparet,
486 2701 651 2792 quomodo
675 2701 753 2770 idea
776 2700 929 2771 alicuius
965 2700 1167 2770 divinitatis
1197 2701 1277 2768 exi-

113 2809 226 2878 stentis
252 2811 309 2878 sit
339 2808 530 2878 communis
558 2808 715 2876 omnibus
746 2809 910 2898 gentibus
936 2815 973 2878 et
1000 2807 1100 2876 velut
1127 2808 1278 2876 inexter-

113 2915 302 2999 uInabilia,
330 2915 487 2984 sincerae
510 2921 626 2983 autem
647 2915 800 2982 notionis
822 2915 888 2982 Dei
911 2916 1088 3003 perversio
1110 2919 1181 2982 tam
1205 2914 1278 2982 late

114 3027 237 3109 pateat3
263 3017 415 3112 apparet
437 3021 562 3106 enam,
589 3043 698 3113 quare
721 3022 845 3091 Patres
874 3020 1139 3104 Tertullianus,
1163 3020 1277 3092 Miuu-

113 3127 176 3196 tius
196 3129 324 3213 Felix,
358 3127 578 3219 Cyprianus,
608 3129 786 3197 Arnobius
813 3151 874 3218 pro
910 3129 1099 3198 existentia
1121 3128 1188 3197 Dei
1219 3151 1277 3217 ap-

115 3233 317 3319 pellaverint
339 3233 384 3303 ad
406 3235 646 3304 testimouium
676 3263 692 3300 u
710 3235 845 3304 animae
868 3235 1063 3324 simplicis,
1089 3235 1131 3304 de
1154 3235 1275 3319 trivio,

116 3361 172 3407 non
193 3341 327 3412 scholis
349 3340 531 3427 eruditae,
558 3343 617 3412 sed
640 3342 776 3434 qualem
801 3350 929 3412 natura
952 3343 1173 3428 formavit;n
1199 3364 1278 3410 nam

119 3455 179 3514 «et
198 3455 331 3517 natura
353 3446 518 3540 pleraque
542 3454 782 3537 suggeruntur
806 3449 906 3539 quasi
923 3449 964 3516 de
993 3447 1132 3537 publico
1160 3468 1276 3530 sensu,

118 3575 175 3641 quo
195 3556 349 3624 ammam
371 3554 467 3623 Deus
490 3555 611 3625 dotare
633 3555 805 3644 dignatus
825 3563 890 3625 est.
917 3556 1020 3624 Hunc
1043 3562 1147 3624 nacta
1169 3554 1278 3645 philo-

117 3659 227 3749 sophia
242 3663 388 3748 (abusu)
402 3662 449 3730 ad
464 3661 614 3750 gloriam
631 3663 789 3752 propriae
813 3663 905 3732 artis
927 3663 1071 3732 inflavit
1088 3689 1104 3724 n
1124 3661 1275 3731 Tertull.

119 3765 154 3834 de
174 3769 288 3838 anima
310 3793 341 3839 c.
360 3769 394 3837 2.

174 3875 240 3946 ΠΙ.
258 3876 325 3945 Dei
356 3875 580 3945 existentiam
602 3883 639 3946 et
661 3877 890 3967 perfectiones
912 3901 954 3947 ex
978 3875 1152 3946 creaturis
1176 3875 1278 3945 intel-

121 3981 240 4070 ligendi
263 3984 419 4054 facultas
441 3992 501 4068 et,
527 3985 558 4052 si
581 3985 655 4052 alia
684 3985 801 4053 desint
830 3985 1028 4075 praesidia,
1055 3983 1202 4052 officium
1225 3988 1279 4051 est

122 4089 175 4172 ita,
197 4099 237 4161 ut
257 4115 301 4161 ex
324 4090 391 4160 hac
413 4091 571 4160 naturali
594 4093 877 4161 manifestatione
893 4098 930 4160 et
944 4091 1102 4161 naturali
1127 4092 1279 4160 testimo

123 4196 171 4263 rio
189 4200 296 4270 edocti
314 4199 473 4268 homines
489 4199 599 4268 Deum
614 4221 682 4267 non
698 4198 850 4268 colentes
866 4201 940 4267 sint
959 4229 975 4262 e
990 4196 1275 4268 inexcusabiles»

126 4304 325 4396 ἀναπολογητοι
356 4307 457 4375 Rom.
477 4305 506 4373 1.
524 4305 592 4392 20;
615 4311 657 4374 ut
679 4306 753 4389 eis,
779 4305 918 4374 etiamsi
950 4310 1121 4397 quaerant
1146 4304 1276 4386 Deum,

126 4411 240 4482 deum
260 4423 378 4485 ιιιιιιιι
401 4435 470 4482 non
501 4417 692 4482 attrectent
718 4418 754 4480 et
786 4413 988 4497 inveniant,
1018 4410 1187 4502 «ignosci
1210 4431 1279 4476 non
