3360 5060
661 412 698 426 -
721 381 781 442 639
802 411 839 426 -

160 486 314 556 tationis
338 486 487 556 indolem
510 486 649 556 nonnisi
676 485 846 577 opinando
869 485 913 553 ab
935 484 1011 575 ipso
1034 483 1255 554 sanctissimo
1278 505 1337 552 au-

160 601 264 666 ctore
287 597 415 666 fuisset
429 595 607 687 proposita
621 601 685 663 aut
700 594 844 684 proponi
860 591 1035 684 potuisset
1049 593 1112 678 (ef.
1126 591 1179 660 th.
1192 591 1335 680 um).

234 703 395 773 Ceterum
418 702 645 796 relinquendo
668 702 751 771 aliis
776 723 874 770 suam
898 701 1024 793 cuique
1039 700 1214 792 propriam
1230 701 1339 770 inter·

158 813 410 903 pretationem,
435 811 524 881 mihi
546 811 687 881 videtur
710 810 938 903 undequaque
952 809 1197 894 clarissimum,
1214 808 1337 899 Augu·

158 921 261 988 atino
282 943 390 1012 aeque
413 941 454 990 ao
476 919 625 1012 reliquis
647 918 813 988 Patribus
829 940 1016 1010 numquam
1033 918 1204 1008 injmente
1227 919 1338 986 fuisse

157 1026 271 1095 aliam
294 1028 463 1096 rationem
486 1027 821 1118 praedestinationis
844 1027 888 1096 ad
912 1025 1060 1116 gloriam
1085 1047 1188 1118 quam
1212 1049 1337 1117 suppo·

54 1163 59 1168 ·
157 1133 246 1202 sitis
261 1139 297 1202 et
311 1133 484 1225 praevisis
498 1135 636 1220 meritis
660 1131 1001 1225 supernaturalibus.
1021 1132 1113 1202 Sunt
1127 1139 1337 1224 argumenta

158 1241 318 1332 duplicis
331 1241 480 1327 ordinis,
494 1245 650 1331 positiva
665 1265 706 1312 ex
723 1243 932 1313 testimoniis
948 1242 1176 1333 probantibus
1200 1248 1334 1311 senten·

157 1352 251 1419 tiam
274 1356 448 1436 nostram,
481 1355 645 1442 negativo
667 1375 709 1422 ex
732 1352 938 1422 infirmitate
968 1351 1143 1421 rationum
1174 1374 1236 1441 pro
1259 1373 1334 1419 sen-

159 1455 279 1524 tentia
301 1456 463 1525 adversa.

229 1563 260 1630 Ι.
274 1563 443 1632 Doctrina
457 1563 665 1654 Augustini,
684 1565 820 1657 quoties
836 1569 970 1654 spectat
981 1561 1331 1658 praedestinationem

156 1671 297 1761 gloriae
319 1695 382 1762 per
405 1695 441 1740 se
464 1678 501 1741 et
524 1673 664 1743 seorsim
682 1695 703 1741 a
719 1672 1036 1764 praedestinatione
1059 1672 1209 1761 gratiae,
1235 1669 1332 1740 inno-

157 1780 268 1848 tescit
292 1802 334 1848 ex
358 1780 594 1872 sequentibus.

231 1887 276 1954 1⁰.
301 1887 368 1958 Est
391 1888 601 1978 principium
617 1895 732 1959 ratum
748 1912 851 1980 penes
866 1889 1121 1981 Augustinum,
1140 1889 1229 1957 dona
1244 1910 1332 1981 quae

156 1999 197 2065 in
221 2000 373 2086 tempore
396 1997 625 2066 conferuntur
642 2019 663 2064 a
681 1999 752 2066 Deo
768 2004 910 2089 propter
932 1999 1071 2083 merita,
1094 1998 1210 2066 eodem
1234 1998 1332 2065 modo

157 2108 303 2194 propter
324 2103 451 2172 merita
472 2104 636 2194 praevisa
658 2105 913 2195 praedestinari
936 2107 974 2175 in
996 2105 1219 2176 aeternitate.
1244 2104 1331 2173 Gra·
1395 2197 1397 2202 ,

156 2207 288 2276 tultam
303 2207 654 2297 praedestinationem
671 2211 836 2278 donorum
851 2211 1078 2301 Augustinus
1095 2211 1198 2280 unice
1214 2211 1251 2279 in
1267 2210 1331 2278 dis·

156 2313 376 2404 putationem
399 2313 561 2404 induxit,
588 2323 630 2386 ut
651 2315 905 2387 demonstraret
927 2341 1035 2411 aeque
1058 2318 1252 2409 gratuitam
1276 2340 1329 2386 eo-

157 2421 304 2490 rundem
327 2422 565 2512 donationem
584 2425 700 2494 eodem
726 2426 840 2516 igitur
857 2449 961 2495 sensu
976 2426 1169 2516 gratuitam
1195 2427 1331 2494 censuit

157 2530 512 2620 praedestinationem
535 2533 630 2602 sicut
652 2535 883 2604 donationem.
906 2535 1019 2626 Atqui
1035 2534 1102 2602 fide
1120 2538 1253 2603 certum
1276 2541 1331 2606 est

157 2644 195 2707 et
216 2637 442 2728 Augustinus
464 2642 590 2734 ubique
608 2642 773 2727 inculcat,
793 2644 904 2712 vitam
920 2649 1095 2712 aeternam
1112 2647 1153 2710 ut
1169 2663 1328 2711 coronam

157 2749 317 2820 iustitiae
341 2750 440 2821 reddi
463 2751 598 2823 meritis
621 2750 951 2840 supernaturalibus
973 2756 1151 2842 tamquam
1175 2749 1327 2840 gratiam

158 2881 218 2949 pro
241 2860 378 2949 gratia,
405 2859 520 2928 eodem
544 2883 627 2950 ergo
644 2859 740 2927 modo
756 2880 831 2927 eam
855 2858 1235 2949 praedestinarilpenes
1253 2856 1326 2925 Au-

158 2965 338 3056 gustinum
362 2971 494 3036 certum
517 2971 571 3034 est
594 2967 662 3054 (th.
677 2965 823 3053 LVH.).

223 3072 370 3164 Insuper
387 3077 535 3158 constat,
554 3071 790 3141 Massilienses
806 3076 841 3140 et
856 3070 1097 3160 Augustinum
1112 3071 1326 3162 ipsumjante

157 3201 257 3246 suum
280 3178 516 3269 episcopatum
539 3179 766 3249 constituisse
787 3179 881 3248 huno
904 3179 1101 3247 donationis
1121 3201 1161 3248 ao
1184 3179 1325 3268 praede-

156 3286 358 3356 stinationis
390 3288 567 3356 ordinem:
600 3311 747 3378 regnum
778 3288 949 3358 coelorum
983 3287 1135 3358 conferri
1166 3288 1321 3374 meritis;

156 3393 280 3463 merita
303 3394 440 3487 acquiri
463 3417 524 3485 per
547 3395 699 3485 gratiam
723 3395 804 3482 Dei,
831 3395 983 3484 gratiam
1005 3395 1189 3486 impetrari
1209 3417 1270 3486 per
1284 3395 1324 3464 fi-

156 3503 242 3590 dem;
260 3502 363 3572 fidem
378 3503 525 3595 denique
540 3505 733 3592 comparari
749 3527 790 3573 ex
806 3505 944 3573 viribus
959 3510 1107 3574 naturae
1123 3527 1190 3574 non
1207 3511 1323 3574 autem

154 3631 214 3700 per
236 3610 388 3699 gratiam
411 3609 487 3678 Dei.
518 3611 611 3680 Hinc
638 3611 680 3679 de
703 3611 1017 3702 praedestinatione
1047 3614 1163 3681 eodem
1186 3613 1323 3680 omnino

154 3716 249 3785 modo
266 3717 472 3802 sentiebant,
492 3717 582 3786 citra
605 3719 875 3788 controversiam
899 3742 1045 3809 regnum
1068 3718 1323 3810 praedestinari

154 3848 195 3893 ex
219 3825 354 3894 meritis
377 3847 537 3915 operum,
563 3825 714 3919 haecque
737 3829 992 3919 praedestinari
1014 3852 1057 3898 ex
1081 3827 1323 3919 impetratione

154 3932 246 4019 fidei,
265 3931 366 4000 fldem
385 3956 478 4019 vero,
499 3957 576 4004 cnm
599 3956 641 4004 ea
662 3959 730 4004 non
758 3938 806 4005 sit
828 3939 954 4007 donum
976 3937 1041 4005 Dei
1057 3937 1322 4028 supernaturale

153 4039 211 4109 sed
234 4062 275 4108 ex
292 4039 429 4110 viribus
451 4042 674 4112 naturalibus
697 4045 800 4114 liberi
826 4045 979 4131 arbitrii,
997 4067 1065 4113 nou
1088 4044 1261 4136 pertinere
1277 4045 1321 4112 ad

152 4147 499 4240 praedestinationem
521 4150 689 4221 divinam.
706 4153 782 4220 Iam
805 4176 888 4223 vero
903 4153 995 4224 hunc
1011 4153 1166 4223 ordinem
1181 4153 1321 4244 praede-

152 4253 352 4324 stinationis
375 4255 601 4346 Augustinus
622 4257 816 4350 Episcopus
831 4265 868 4328 et
883 4265 1120 4350 propugnator
1143 4258 1321 4329 doctrinae

153 4361 342 4432 catholicae
357 4363 525 4452 adversus
540 4365 747 4457 Pelagianos
763 4373 799 4438 et
814 4367 1110 4460 Semipelagianos
1124 4391 1191 4436 non
1208 4367 1320 4436 solum

153 4469 335 4564 permittit,
354 4470 414 4541 sed
429 4471 534 4543 habet
549 4473 648 4545 velut
663 4476 906 4564 certissimum,
924 4475 1106 4547 dummodo
1122 4476 1320 4567 corrigatur
