<?xml version="1.0" encoding="UTF-8"?>
<!DOCTYPE html PUBLIC "-//W3C//DTD XHTML 1.0 Transitional//EN"
    "http://www.w3.org/TR/xhtml1/DTD/xhtml1-transitional.dtd">
<html xmlns="http://www.w3.org/1999/xhtml" xml:lang="en" lang="en">
 <head>
  <title>
</title>
<meta http-equiv="Content-Type" content="text/html;charset=utf-8" />
  <meta name='ocr-system' content='tesseract 3.04.00' />
  <meta name='ocr-capabilities' content='ocr_page ocr_carea ocr_par ocr_line ocrx_word'/>
</head>
<body>
  <div class='ocr_page' id='page_1' title='image "./ioannisbaptfran01frangoog_0059.png"; bbox 0 0 3394 5056; ppageno 0'>
   <div class='ocr_carea' id='block_1_1' title="bbox 406 312 1589 2020">
    <p class='ocr_par' dir='ltr' id='par_1_1' title="bbox 406 312 1589 2020">
     <span class='ocr_line' id='line_1_1' title="bbox 915 312 1072 373; baseline 0.013 -17"><span class='ocrx_word' id='word_1_1' title='bbox 915 343 952 356; x_wconf 84' lang='lat'><em>-</em></span> <span class='ocrx_word' id='word_1_2' title='bbox 974 312 1015 373; x_wconf 79' lang='lat'><strong>42</strong></span> <span class='ocrx_word' id='word_1_3' title='bbox 1035 343 1072 358; x_wconf 92' lang='grc'><strong>..</strong></span> 
     </span>
     <span class='ocr_line' id='line_1_2' title="bbox 408 415 1587 509; baseline -0.003 -19"><span class='ocrx_word' id='word_1_4' title='bbox 408 418 531 490; x_wconf 86' lang='lat' dir='ltr'><strong>divina</strong></span> <span class='ocrx_word' id='word_1_5' title='bbox 552 415 773 508; x_wconf 81' lang='lat' dir='ltr'><strong>providentia</strong></span> <span class='ocrx_word' id='word_1_6' title='bbox 795 416 847 486; x_wconf 87' lang='lat' dir='ltr'><strong>ita</strong></span> <span class='ocrx_word' id='word_1_7' title='bbox 869 421 905 484; x_wconf 89' lang='lat' dir='ltr'><strong>et</strong></span> <span class='ocrx_word' id='word_1_8' title='bbox 927 417 963 484; x_wconf 93' lang='lat' dir='ltr'><strong>in</strong></span> <span class='ocrx_word' id='word_1_9' title='bbox 986 417 1080 486; x_wconf 87' lang='lat' dir='ltr'><strong>hunc</strong></span> <span class='ocrx_word' id='word_1_10' title='bbox 1102 417 1204 486; x_wconf 83' lang='lat' dir='ltr'><strong>tinem</strong></span> <span class='ocrx_word' id='word_1_11' title='bbox 1227 418 1411 509; x_wconf 76' lang='lat' dir='ltr'><strong>dirigitur,</strong></span> <span class='ocrx_word' id='word_1_12' title='bbox 1437 424 1480 487; x_wconf 88' lang='lat' dir='ltr'><strong>ut</strong></span> <span class='ocrx_word' id='word_1_13' title='bbox 1497 439 1587 508; x_wconf 82' lang='lat' dir='ltr'><strong>pos·</strong></span> 
     </span>
     <span class='ocr_line' id='line_1_3' title="bbox 409 524 1589 616; baseline -0.002 -20"><span class='ocrx_word' id='word_1_14' title='bbox 409 525 482 596; x_wconf 89' lang='lat' dir='ltr'><strong>siut</strong></span> <span class='ocrx_word' id='word_1_15' title='bbox 503 532 624 616; x_wconf 81' lang='lat' dir='ltr'><strong>gentes</strong></span> <span class='ocrx_word' id='word_1_16' title='bbox 647 525 684 592; x_wconf 92' lang='lat' dir='ltr'><strong>in</strong></span> <span class='ocrx_word' id='word_1_17' title='bbox 707 525 818 594; x_wconf 89' lang='lat' dir='ltr'><strong>totius</strong></span> <span class='ocrx_word' id='word_1_18' title='bbox 842 524 1009 594; x_wconf 78' lang='lat' dir='ltr'><strong>historiae</strong></span> <span class='ocrx_word' id='word_1_19' title='bbox 1043 547 1176 594; x_wconf 87' lang='lat' dir='ltr'><strong>summa</strong></span> <span class='ocrx_word' id='word_1_20' title='bbox 1199 533 1337 616; x_wconf 83' lang='lat' dir='ltr'><strong>praeter</strong></span> <span class='ocrx_word' id='word_1_21' title='bbox 1368 526 1589 596; x_wconf 86' lang='lat' dir='ltr'><strong>clementum</strong></span> 
     </span>
     <span class='ocr_line' id='line_1_4' title="bbox 408 635 1588 728; baseline 0 -24"><span class='ocrx_word' id='word_1_22' title='bbox 408 637 596 706; x_wconf 89' lang='lat' dir='ltr'><strong>humanum</strong></span> <span class='ocrx_word' id='word_1_23' title='bbox 618 657 822 724; x_wconf 89' lang='lat' dir='ltr'><strong>cognoscere</strong></span> <span class='ocrx_word' id='word_1_24' title='bbox 846 635 1098 724; x_wconf 86' lang='lat' dir='ltr'><strong>providentiam</strong></span> <span class='ocrx_word' id='word_1_25' title='bbox 1121 635 1289 705; x_wconf 86' lang='lat' dir='ltr'><strong>divinam.</strong></span> <span class='ocrx_word' id='word_1_26' title='bbox 1304 666 1321 701; x_wconf 77' lang='lat' dir='ltr'><strong>o</strong></span> <span class='ocrx_word' id='word_1_27' title='bbox 1338 636 1484 706; x_wconf 78' lang='lat' dir='ltr'><strong>Dimisit</strong></span> <span class='ocrx_word' id='word_1_28' title='bbox 1500 637 1588 728; x_wconf 86' lang='lat' dir='ltr'><strong>qni-</strong></span> 
     </span>
     <span class='ocr_line' id='line_1_5' title="bbox 408 742 1588 835; baseline -0.002 -23"><span class='ocrx_word' id='word_1_29' title='bbox 408 743 484 812; x_wconf 90' lang='lat' dir='ltr'><strong>dem</strong></span> <span class='ocrx_word' id='word_1_30' title='bbox 507 743 601 812; x_wconf 85' lang='lat' dir='ltr'><strong>Deus</strong></span> <span class='ocrx_word' id='word_1_31' title='bbox 623 742 662 810; x_wconf 92' lang='lat' dir='ltr'><strong>iu</strong></span> <span class='ocrx_word' id='word_1_32' title='bbox 691 742 892 832; x_wconf 81' lang='lat' dir='ltr'><strong>praeteritis</strong></span> <span class='ocrx_word' id='word_1_33' title='bbox 925 745 1209 833; x_wconf 76' lang='lat' dir='ltr'><strong>generationibus</strong></span> <span class='ocrx_word' id='word_1_34' title='bbox 1232 767 1347 814; x_wconf 90' lang='lat' dir='ltr'><strong>omnes</strong></span> <span class='ocrx_word' id='word_1_35' title='bbox 1381 750 1503 835; x_wconf 83' lang='lat' dir='ltr'><strong>gentes</strong></span> <span class='ocrx_word' id='word_1_36' title='bbox 1525 743 1588 810; x_wconf 90' lang='lat' dir='ltr'><strong>in-</strong></span> 
     </span>
     <span class='ocr_line' id='line_1_6' title="bbox 409 846 1588 944; baseline 0 -26"><span class='ocrx_word' id='word_1_37' title='bbox 409 850 508 941; x_wconf 86' lang='lat' dir='ltr'><strong>gredi</strong></span> <span class='ocrx_word' id='word_1_38' title='bbox 518 850 596 919; x_wconf 86' lang='lat' dir='ltr'><strong>vies</strong></span> <span class='ocrx_word' id='word_1_39' title='bbox 605 871 698 936; x_wconf 76' lang='lat' dir='ltr'><strong>nuas5</strong></span> <span class='ocrx_word' id='word_1_40' title='bbox 713 855 866 918; x_wconf 77' lang='lat' dir='ltr'><strong>attamen</strong></span> <span class='ocrx_word' id='word_1_41' title='bbox 878 875 945 916; x_wconf 79' lang='lat' dir='ltr'><strong>non</strong></span> <span class='ocrx_word' id='word_1_42' title='bbox 957 854 1031 918; x_wconf 77' lang='lat' dir='ltr'><strong>sine</strong></span> <span class='ocrx_word' id='word_1_43' title='bbox 1041 853 1233 918; x_wconf 78' lang='lat' dir='ltr'><strong>testimonio</strong></span> <span class='ocrx_word' id='word_1_44' title='bbox 1249 846 1442 944; x_wconf 73' lang='grc' dir='ltr'>(ἀμαρτυρον)</span> <span class='ocrx_word' id='word_1_45' title='bbox 1457 859 1588 922; x_wconf 88' lang='lat' dir='ltr'><strong>semet-</strong></span> 
     </span>
     <span class='ocr_line' id='line_1_7' title="bbox 408 957 1587 1050; baseline 0.001 -23"><span class='ocrx_word' id='word_1_46' title='bbox 408 960 522 1048; x_wconf 90' lang='lat' dir='ltr'><strong>ipsum</strong></span> <span class='ocrx_word' id='word_1_47' title='bbox 545 957 739 1050; x_wconf 74' lang='lat' dir='ltr'><strong>reliquit.»</strong></span> <span class='ocrx_word' id='word_1_48' title='bbox 764 959 838 1026; x_wconf 89' lang='lat' dir='ltr'><strong>Hoc</strong></span> <span class='ocrx_word' id='word_1_49' title='bbox 861 963 977 1027; x_wconf 86' lang='lat' dir='ltr'><strong>autem</strong></span> <span class='ocrx_word' id='word_1_50' title='bbox 1000 959 1236 1026; x_wconf 85' lang='lat' dir='ltr'><strong>testimonium</strong></span> <span class='ocrx_word' id='word_1_51' title='bbox 1253 959 1295 1027; x_wconf 87' lang='lat' dir='ltr'><strong>ad</strong></span> <span class='ocrx_word' id='word_1_52' title='bbox 1313 981 1429 1030; x_wconf 89' lang='lat' dir='ltr'><strong>omnes</strong></span> <span class='ocrx_word' id='word_1_53' title='bbox 1460 965 1587 1049; x_wconf 76' lang='lat' dir='ltr'><strong>gentes</strong></span> 
     </span>
     <span class='ocr_line' id='line_1_8' title="bbox 407 1064 1580 1158; baseline -0.003 -22"><span class='ocrx_word' id='word_1_54' title='bbox 407 1066 540 1136; x_wconf 89' lang='lat' dir='ltr'><strong>dicitur</strong></span> <span class='ocrx_word' id='word_1_55' title='bbox 562 1066 657 1134; x_wconf 90' lang='lat' dir='ltr'><strong>Deus</strong></span> <span class='ocrx_word' id='word_1_56' title='bbox 679 1064 804 1135; x_wconf 89' lang='lat' dir='ltr'><strong>tulisse</strong></span> <span class='ocrx_word' id='word_1_57' title='bbox 830 1095 847 1130; x_wconf 76' lang='lat' dir='ltr'><strong>a</strong></span> <span class='ocrx_word' id='word_1_58' title='bbox 865 1065 1083 1136; x_wconf 74' lang='lat' dir='ltr'><strong>benefaciens</strong></span> <span class='ocrx_word' id='word_1_59' title='bbox 1106 1067 1148 1136; x_wconf 89' lang='lat' dir='ltr'><strong>de</strong></span> <span class='ocrx_word' id='word_1_60' title='bbox 1164 1066 1269 1151; x_wconf 92' lang='lat' dir='ltr'><strong>coelo,</strong></span> <span class='ocrx_word' id='word_1_61' title='bbox 1288 1067 1375 1135; x_wconf 90' lang='lat' dir='ltr'><strong>dans</strong></span> <span class='ocrx_word' id='word_1_62' title='bbox 1390 1067 1580 1158; x_wconf 86' lang='lat' dir='ltr'><strong>pluvias...</strong></span> 
     </span>
     <span class='ocr_line' id='line_1_9' title="bbox 407 1172 1586 1263; baseline -0.003 -21"><span class='ocrx_word' id='word_1_63' title='bbox 407 1174 554 1263; x_wconf 89' lang='lat' dir='ltr'><strong>impleus</strong></span> <span class='ocrx_word' id='word_1_64' title='bbox 577 1174 653 1242; x_wconf 88' lang='lat' dir='ltr'><strong>cibo</strong></span> <span class='ocrx_word' id='word_1_65' title='bbox 675 1179 712 1242; x_wconf 89' lang='lat' dir='ltr'><strong>et</strong></span> <span class='ocrx_word' id='word_1_66' title='bbox 732 1172 873 1242; x_wconf 89' lang='lat' dir='ltr'><strong>laetitia</strong></span> <span class='ocrx_word' id='word_1_67' title='bbox 906 1173 1010 1242; x_wconf 87' lang='lat' dir='ltr'><strong>corda</strong></span> <span class='ocrx_word' id='word_1_68' title='bbox 1039 1179 1171 1242; x_wconf 85' lang='lat' dir='ltr'><strong>nostra.</strong></span> <span class='ocrx_word' id='word_1_69' title='bbox 1200 1201 1216 1238; x_wconf 75' lang='grc' dir='ltr'>ι</span> <span class='ocrx_word' id='word_1_70' title='bbox 1242 1173 1380 1244; x_wconf 83' lang='lat' dir='ltr'><strong>Pariter</strong></span> <span class='ocrx_word' id='word_1_71' title='bbox 1414 1173 1586 1244; x_wconf 81' lang='lat' dir='ltr'><strong>definivit</strong></span> 
     </span>
     <span class='ocr_line' id='line_1_10' title="bbox 406 1280 1580 1372; baseline -0.001 -21"><span class='ocrx_word' id='word_1_72' title='bbox 406 1281 501 1351; x_wconf 88' lang='lat' dir='ltr'><strong>Deus</strong></span> <span class='ocrx_word' id='word_1_73' title='bbox 515 1287 658 1350; x_wconf 81' lang='lat' dir='ltr'><strong>&#39;statuta</strong></span> <span class='ocrx_word' id='word_1_74' title='bbox 680 1287 835 1369; x_wconf 85' lang='lat' dir='ltr'><strong>tempora</strong></span> <span class='ocrx_word' id='word_1_75' title='bbox 857 1285 933 1370; x_wconf 90' lang='lat' dir='ltr'><strong>(per</strong></span> <span class='ocrx_word' id='word_1_76' title='bbox 957 1303 1079 1350; x_wconf 89' lang='lat' dir='ltr'><strong>causas</strong></span> <span class='ocrx_word' id='word_1_77' title='bbox 1102 1280 1284 1372; x_wconf 84' lang='lat' dir='ltr'><strong>physicas)</strong></span> <span class='ocrx_word' id='word_1_78' title='bbox 1310 1282 1362 1368; x_wconf 91' lang='grc'><strong>(1)</strong></span> <span class='ocrx_word' id='word_1_79' title='bbox 1393 1287 1430 1350; x_wconf 90' lang='lat' dir='ltr'><strong>et</strong></span> <span class='ocrx_word' id='word_1_80' title='bbox 1456 1285 1580 1352; x_wconf 87' lang='lat' dir='ltr'><strong>termi-</strong></span> 
     </span>
     <span class='ocr_line' id='line_1_11' title="bbox 407 1389 1581 1482; baseline 0.002 -24"><span class='ocrx_word' id='word_1_81' title='bbox 407 1413 470 1458; x_wconf 92' lang='lat' dir='ltr'><strong>nos</strong></span> <span class='ocrx_word' id='word_1_82' title='bbox 487 1389 717 1458; x_wconf 82' lang='lat' dir='ltr'><strong>habitationis</strong></span> <span class='ocrx_word' id='word_1_83' title='bbox 732 1411 876 1458; x_wconf 85' lang='lat' dir='ltr'><strong>eorumn</strong></span> <span class='ocrx_word' id='word_1_84' title='bbox 890 1395 967 1478; x_wconf 90' lang='lat' dir='ltr'><strong>(per</strong></span> <span class='ocrx_word' id='word_1_85' title='bbox 979 1391 1234 1480; x_wconf 87' lang='lat' dir='ltr'><strong>providentiam</strong></span> <span class='ocrx_word' id='word_1_86' title='bbox 1250 1393 1288 1459; x_wconf 90' lang='lat' dir='ltr'><strong>in</strong></span> <span class='ocrx_word' id='word_1_87' title='bbox 1306 1391 1456 1460; x_wconf 83' lang='lat' dir='ltr'><strong>historic</strong></span> <span class='ocrx_word' id='word_1_88' title='bbox 1471 1414 1581 1482; x_wconf 93' lang='lat' dir='ltr'><strong>popu-</strong></span> 
     </span>
     <span class='ocr_line' id='line_1_12' title="bbox 406 1497 1580 1584; baseline 0.002 -18"><span class='ocrx_word' id='word_1_89' title='bbox 406 1499 535 1581; x_wconf 87' lang='lat' dir='ltr'><strong>lorum)</strong></span> <span class='ocrx_word' id='word_1_90' title='bbox 558 1499 604 1567; x_wconf 86' lang='lat' dir='ltr'><strong>cf.</strong></span> <span class='ocrx_word' id='word_1_91' title='bbox 631 1497 735 1566; x_wconf 83' lang='lat' dir='ltr'><strong>Dect.</strong></span> <span class='ocrx_word' id='word_1_92' title='bbox 753 1497 906 1566; x_wconf 84' lang='lat' dir='ltr'>XXXII.</span> <span class='ocrx_word' id='word_1_93' title='bbox 925 1498 967 1584; x_wconf 86' lang='lat'><strong>8;</strong></span> <span class='ocrx_word' id='word_1_94' title='bbox 994 1497 1143 1568; x_wconf 85' lang='lat' dir='ltr'><strong>Ecclesi.</strong></span> <span class='ocrx_word' id='word_1_95' title='bbox 1164 1499 1283 1569; x_wconf 87' lang='lat' dir='ltr'>XVII.</span> <span class='ocrx_word' id='word_1_96' title='bbox 1304 1500 1358 1568; x_wconf 81' lang='lat'><strong>15.</strong></span> <span class='ocrx_word' id='word_1_97' title='bbox 1386 1501 1487 1568; x_wconf 87' lang='lat' dir='ltr'><strong>Hauc</strong></span> <span class='ocrx_word' id='word_1_98' title='bbox 1513 1500 1580 1568; x_wconf 88' lang='lat' dir='ltr'><strong>du-</strong></span> 
     </span>
     <span class='ocr_line' id='line_1_13' title="bbox 407 1604 1581 1696; baseline 0.001 -24"><span class='ocrx_word' id='word_1_99' title='bbox 407 1604 531 1694; x_wconf 89' lang='lat' dir='ltr'><strong>plicem</strong></span> <span class='ocrx_word' id='word_1_100' title='bbox 555 1605 809 1694; x_wconf 83' lang='lat' dir='ltr'><strong>providentiam</strong></span> <span class='ocrx_word' id='word_1_101' title='bbox 833 1605 878 1672; x_wconf 91' lang='lat' dir='ltr'><strong>ad</strong></span> <span class='ocrx_word' id='word_1_102' title='bbox 897 1635 913 1669; x_wconf 78' lang='lat' dir='ltr'><strong>o</strong></span> <span class='ocrx_word' id='word_1_103' title='bbox 933 1629 1044 1695; x_wconf 74' lang='lat' dir='ltr'><strong>genum</strong></span> <span class='ocrx_word' id='word_1_104' title='bbox 1060 1606 1236 1674; x_wconf 86' lang='lat' dir='ltr'><strong>hominum</strong></span> <span class='ocrx_word' id='word_1_105' title='bbox 1253 1628 1358 1696; x_wconf 89' lang='lat' dir='ltr'><strong>super</strong></span> <span class='ocrx_word' id='word_1_106' title='bbox 1374 1608 1581 1674; x_wconf 86' lang='lat' dir='ltr'><strong>universam</strong></span> 
     </span>
     <span class='ocr_line' id='line_1_14' title="bbox 408 1713 1580 1806; baseline 0.002 -26"><span class='ocrx_word' id='word_1_107' title='bbox 408 1713 532 1782; x_wconf 82' lang='lat' dir='ltr'><strong>faciem</strong></span> <span class='ocrx_word' id='word_1_108' title='bbox 554 1721 699 1782; x_wconf 64' lang='lat' dir='ltr'><strong>terraer</strong></span> <span class='ocrx_word' id='word_1_109' title='bbox 725 1714 916 1802; x_wconf 86' lang='lat' dir='ltr'><strong>disposuit,</strong></span> <span class='ocrx_word' id='word_1_110' title='bbox 945 1743 962 1777; x_wconf 81' lang='lat' dir='ltr'><strong>u</strong></span> <span class='ocrx_word' id='word_1_111' title='bbox 977 1719 1017 1782; x_wconf 90' lang='lat' dir='ltr'><strong>ut</strong></span> <span class='ocrx_word' id='word_1_112' title='bbox 1039 1721 1246 1806; x_wconf 85' lang='lat' dir='ltr'><strong>quaererent</strong></span> <span class='ocrx_word' id='word_1_113' title='bbox 1267 1715 1400 1798; x_wconf 87' lang='lat' dir='ltr'><strong>Deum,</strong></span> <span class='ocrx_word' id='word_1_114' title='bbox 1428 1715 1460 1782; x_wconf 89' lang='lat' dir='ltr'><strong>si</strong></span> <span class='ocrx_word' id='word_1_115' title='bbox 1484 1715 1580 1782; x_wconf 82' lang='lat' dir='ltr'><strong>forte</strong></span> 
     </span>
     <span class='ocr_line' id='line_1_15' title="bbox 408 1815 1581 1912; baseline 0 -26"><span class='ocrx_word' id='word_1_116' title='bbox 408 1825 598 1890; x_wconf 84' lang='lat' dir='ltr'><strong>attrectent</strong></span> <span class='ocrx_word' id='word_1_117' title='bbox 619 1842 697 1887; x_wconf 89' lang='lat' dir='ltr'><strong>eum</strong></span> <span class='ocrx_word' id='word_1_118' title='bbox 720 1825 784 1888; x_wconf 87' lang='lat' dir='ltr'><strong>aut</strong></span> <span class='ocrx_word' id='word_1_119' title='bbox 807 1821 1025 1889; x_wconf 74' lang='lat' dir='ltr'><strong>inveniant»</strong></span> <span class='ocrx_word' id='word_1_120' title='bbox 1054 1815 1091 1909; x_wconf 80' lang='grc' dir='ltr'><strong>(ἐι</strong></span> <span class='ocrx_word' id='word_1_121' title='bbox 1116 1823 1209 1912; x_wconf 76' lang='grc' dir='ltr'><em>ἀραγε</em></span> <span class='ocrx_word' id='word_1_122' title='bbox 1244 1820 1452 1911; x_wconf 59' lang='lat' dir='ltr'><strong>parmenas</strong></span> <span class='ocrx_word' id='word_1_123' title='bbox 1487 1817 1581 1886; x_wconf 79' lang='grc' dir='ltr'><strong><em>ἀυτον</em></strong></span> 
     </span>
     <span class='ocr_line' id='line_1_16' title="bbox 408 1925 1581 2020; baseline 0.003 -28"><span class='ocrx_word' id='word_1_124' title='bbox 408 1951 458 1992; x_wconf 80' lang='grc' dir='ltr'><strong>και</strong></span> <span class='ocrx_word' id='word_1_125' title='bbox 475 1925 608 2015; x_wconf 74' lang='lat' dir='ltr'><strong>inpono).</strong></span> <span class='ocrx_word' id='word_1_126' title='bbox 636 1929 813 1996; x_wconf 90' lang='lat' dir='ltr'><strong>Postremo</strong></span> <span class='ocrx_word' id='word_1_127' title='bbox 836 1931 866 2011; x_wconf 92' lang='lat' dir='ltr'><strong>c)</strong></span> <span class='ocrx_word' id='word_1_128' title='bbox 890 1927 1082 2018; x_wconf 83' lang='lat' dir='ltr'><strong>distinguit</strong></span> <span class='ocrx_word' id='word_1_129' title='bbox 1105 1930 1295 2020; x_wconf 87' lang='lat' dir='ltr'><strong>Apostolus</strong></span> <span class='ocrx_word' id='word_1_130' title='bbox 1319 1929 1484 1998; x_wconf 64' lang='lat' dir='ltr'><strong>benefida</strong></span> <span class='ocrx_word' id='word_1_131' title='bbox 1509 1929 1581 1998; x_wconf 92' lang='lat' dir='ltr'><strong>Dei</strong></span> 
     </span>
    </p>
   </div>
   <div class='ocr_carea' id='block_1_2' title="bbox 408 2143 1580 2238">
    <p class='ocr_par' dir='ltr' id='par_1_2' title="bbox 408 2143 1580 2238">
     <span class='ocr_line' id='line_1_17' title="bbox 408 2143 1580 2238; baseline 0.001 -28"><span class='ocrx_word' id='word_1_132' title='bbox 408 2151 621 2211; x_wconf 74' lang='lat' dir='ltr'><strong>romanon</strong></span> <span class='ocrx_word' id='word_1_133' title='bbox 644 2143 746 2233; x_wconf 85' lang='lat' dir='ltr'><strong>longe</strong></span> <span class='ocrx_word' id='word_1_134' title='bbox 770 2151 824 2214; x_wconf 90' lang='lat' dir='ltr'><strong>cst</strong></span> <span class='ocrx_word' id='word_1_135' title='bbox 846 2145 890 2212; x_wconf 86' lang='lat' dir='ltr'><strong>ab</strong></span> <span class='ocrx_word' id='word_1_136' title='bbox 914 2166 1119 2238; x_wconf 89' lang='lat' dir='ltr'><strong>unoquoque</strong></span> <span class='ocrx_word' id='word_1_137' title='bbox 1142 2153 1311 2215; x_wconf 86' lang='lat' dir='ltr'><strong>nostrum:</strong></span> <span class='ocrx_word' id='word_1_138' title='bbox 1339 2147 1375 2214; x_wconf 91' lang='lat' dir='ltr'><strong>iu</strong></span> <span class='ocrx_word' id='word_1_139' title='bbox 1392 2145 1467 2236; x_wconf 85' lang='lat' dir='ltr'><strong>ipsc</strong></span> <span class='ocrx_word' id='word_1_140' title='bbox 1483 2146 1580 2212; x_wconf 89' lang='lat' dir='ltr'><strong>cuim</strong></span> 
     </span>
    </p>
   </div>
   <div class='ocr_carea' id='block_1_3' title="bbox 405 2243 1580 4166">
    <p class='ocr_par' dir='ltr' id='par_1_3' title="bbox 406 2243 1580 3308">
     <span class='ocr_line' id='line_1_18' title="bbox 409 2243 1580 2344; baseline 0.002 -26"><span class='ocrx_word' id='word_1_141' title='bbox 409 2249 585 2334; x_wconf 84' lang='lat' dir='ltr'><strong>vivimus,</strong></span> <span class='ocrx_word' id='word_1_142' title='bbox 612 2273 788 2320; x_wconf 89' lang='lat' dir='ltr'><strong>movemur</strong></span> <span class='ocrx_word' id='word_1_143' title='bbox 818 2257 854 2322; x_wconf 89' lang='lat' dir='ltr'><strong>et</strong></span> <span class='ocrx_word' id='word_1_144' title='bbox 876 2277 1008 2324; x_wconf 89' lang='lat' dir='ltr'><strong>sumus.</strong></span> <span class='ocrx_word' id='word_1_145' title='bbox 1034 2281 1050 2314; x_wconf 80' lang='grc' dir='ltr'>ι</span> <span class='ocrx_word' id='word_1_146' title='bbox 1076 2254 1142 2322; x_wconf 89' lang='lat' dir='ltr'><strong>His</strong></span> <span class='ocrx_word' id='word_1_147' title='bbox 1173 2253 1262 2344; x_wconf 90' lang='lat' dir='ltr'><strong>ipsis</strong></span> <span class='ocrx_word' id='word_1_148' title='bbox 1297 2253 1413 2322; x_wconf 88' lang='lat' dir='ltr'><strong>verbis</strong></span> <span class='ocrx_word' id='word_1_149' title='bbox 1442 2243 1580 2343; x_wconf 83' lang='lat' dir='ltr'><strong>hacque</strong></span> 
     </span>
     <span class='ocr_line' id='line_1_19' title="bbox 408 2357 1580 2450; baseline 0.003 -27"><span class='ocrx_word' id='word_1_150' title='bbox 408 2357 647 2446; x_wconf 85' lang='lat' dir='ltr'><strong>providentiae</strong></span> <span class='ocrx_word' id='word_1_151' title='bbox 672 2358 708 2426; x_wconf 91' lang='lat' dir='ltr'><strong>in</strong></span> <span class='ocrx_word' id='word_1_152' title='bbox 731 2360 890 2449; x_wconf 89' lang='lat' dir='ltr'><strong>singulos</strong></span> <span class='ocrx_word' id='word_1_153' title='bbox 912 2361 1142 2450; x_wconf 87' lang='lat' dir='ltr'><strong>descriptione</strong></span> <span class='ocrx_word' id='word_1_154' title='bbox 1166 2360 1297 2430; x_wconf 89' lang='lat' dir='ltr'><strong>Paulus</strong></span> <span class='ocrx_word' id='word_1_155' title='bbox 1328 2361 1509 2430; x_wconf 86' lang='lat' dir='ltr'><strong>coufirmat</strong></span> <span class='ocrx_word' id='word_1_156' title='bbox 1540 2367 1580 2427; x_wconf 90' lang='lat' dir='ltr'><strong>et</strong></span> 
     </span>
     <span class='ocr_line' id='line_1_20' title="bbox 408 2463 1580 2548; baseline 0.002 -16"><span class='ocrx_word' id='word_1_157' title='bbox 408 2463 583 2548; x_wconf 84' lang='lat' dir='ltr'><strong>declarat,</strong></span> <span class='ocrx_word' id='word_1_158' title='bbox 609 2487 668 2534; x_wconf 87' lang='lat' dir='ltr'><strong>ees</strong></span> <span class='ocrx_word' id='word_1_159' title='bbox 697 2489 771 2535; x_wconf 88' lang='lat' dir='ltr'><strong>esse</strong></span> <span class='ocrx_word' id='word_1_160' title='bbox 801 2467 972 2538; x_wconf 87' lang='lat' dir='ltr'><strong>humanae</strong></span> <span class='ocrx_word' id='word_1_161' title='bbox 1002 2475 1149 2538; x_wconf 90' lang='lat' dir='ltr'><strong>naturae</strong></span> <span class='ocrx_word' id='word_1_162' title='bbox 1179 2471 1224 2538; x_wconf 86' lang='lat' dir='ltr'><strong>sd</strong></span> <span class='ocrx_word' id='word_1_163' title='bbox 1245 2469 1355 2539; x_wconf 87' lang='lat' dir='ltr'><strong>Deum</strong></span> <span class='ocrx_word' id='word_1_164' title='bbox 1389 2467 1580 2537; x_wconf 87' lang='lat' dir='ltr'><strong>relationes</strong></span> 
     </span>
     <span class='ocr_line' id='line_1_21' title="bbox 407 2573 1577 2666; baseline 0.001 -24"><span class='ocrx_word' id='word_1_165' title='bbox 407 2593 549 2665; x_wconf 80' lang='lat' dir='ltr'><strong>eamque</strong></span> <span class='ocrx_word' id='word_1_166' title='bbox 573 2596 594 2640; x_wconf 87' lang='lat' dir='ltr'><strong>a</strong></span> <span class='ocrx_word' id='word_1_167' title='bbox 615 2573 687 2642; x_wconf 92' lang='lat' dir='ltr'><strong>Deo</strong></span> <span class='ocrx_word' id='word_1_168' title='bbox 711 2574 987 2666; x_wconf 90' lang='lat' dir='ltr'><strong>dependentiam‚</strong></span> <span class='ocrx_word' id='word_1_169' title='bbox 1014 2584 1055 2647; x_wconf 92' lang='lat' dir='ltr'><strong>ut</strong></span> <span class='ocrx_word' id='word_1_170' title='bbox 1078 2577 1277 2648; x_wconf 90' lang='lat' dir='ltr'><strong>homiuibus</strong></span> <span class='ocrx_word' id='word_1_171' title='bbox 1301 2578 1450 2647; x_wconf 82' lang='lat' dir='ltr'><strong>rationis</strong></span> <span class='ocrx_word' id='word_1_172' title='bbox 1473 2598 1577 2644; x_wconf 86' lang='lat' dir='ltr'><strong>usum</strong></span> 
     </span>
     <span class='ocr_line' id='line_1_22' title="bbox 407 2680 1579 2775; baseline 0.001 -26"><span class='ocrx_word' id='word_1_173' title='bbox 407 2680 544 2772; x_wconf 81' lang='lat' dir='ltr'><strong>adeptis</strong></span> <span class='ocrx_word' id='word_1_174' title='bbox 567 2683 715 2771; x_wconf 88' lang='lat' dir='ltr'><strong>primum</strong></span> <span class='ocrx_word' id='word_1_175' title='bbox 739 2683 876 2775; x_wconf 91' lang='lat' dir='ltr'><strong>quidem</strong></span> <span class='ocrx_word' id='word_1_176' title='bbox 900 2685 1046 2754; x_wconf 87' lang='lat' dir='ltr'><strong>obscura</strong></span> <span class='ocrx_word' id='word_1_177' title='bbox 1060 2691 1097 2753; x_wconf 90' lang='lat' dir='ltr'><strong>et</strong></span> <span class='ocrx_word' id='word_1_178' title='bbox 1112 2687 1258 2755; x_wconf 84' lang='lat' dir='ltr'><strong>confusa</strong></span> <span class='ocrx_word' id='word_1_179' title='bbox 1273 2684 1404 2754; x_wconf 89' lang='lat' dir='ltr'><strong>notitia</strong></span> <span class='ocrx_word' id='word_1_180' title='bbox 1423 2683 1579 2773; x_wconf 77' lang='lat' dir='ltr'><strong>supremi</strong></span> 
     </span>
     <span class='ocr_line' id='line_1_23' title="bbox 407 2787 1578 2878; baseline 0.002 -23"><span class='ocrx_word' id='word_1_181' title='bbox 407 2787 560 2856; x_wconf 85' lang='lat' dir='ltr'><strong>numinis</strong></span> <span class='ocrx_word' id='word_1_182' title='bbox 583 2787 682 2856; x_wconf 88' lang='lat' dir='ltr'><strong>velut</strong></span> <span class='ocrx_word' id='word_1_183' title='bbox 705 2795 827 2878; x_wconf 89' lang='lat' dir='ltr'><strong>sponte</strong></span> <span class='ocrx_word' id='word_1_184' title='bbox 842 2797 879 2859; x_wconf 86' lang='lat' dir='ltr'><strong>et</strong></span> <span class='ocrx_word' id='word_1_185' title='bbox 894 2793 1087 2860; x_wconf 83' lang='lat' dir='ltr'><strong>necessario</strong></span> <span class='ocrx_word' id='word_1_186' title='bbox 1104 2792 1296 2876; x_wconf 85' lang='lat' dir='ltr'><strong>oboriatur;</strong></span> <span class='ocrx_word' id='word_1_187' title='bbox 1315 2797 1356 2859; x_wconf 90' lang='lat' dir='ltr'><strong>nt</strong></span> <span class='ocrx_word' id='word_1_188' title='bbox 1371 2789 1495 2858; x_wconf 89' lang='lat' dir='ltr'><strong>deinde</strong></span> <span class='ocrx_word' id='word_1_189' title='bbox 1511 2789 1578 2857; x_wconf 83' lang='lat' dir='ltr'><strong>hac</strong></span> 
     </span>
     <span class='ocr_line' id='line_1_24' title="bbox 407 2897 1578 2991; baseline -0.001 -27"><span class='ocrx_word' id='word_1_190' title='bbox 407 2897 711 2986; x_wconf 88' lang='lat' dir='ltr'><strong>praeoouoeptione</strong></span> <span class='ocrx_word' id='word_1_191' title='bbox 735 2899 915 2988; x_wconf 84' lang='lat' dir='ltr'><strong>supposito</strong></span> <span class='ocrx_word' id='word_1_192' title='bbox 939 2906 1109 2991; x_wconf 88' lang='lat' dir='ltr'><strong>quaerant</strong></span> <span class='ocrx_word' id='word_1_193' title='bbox 1131 2900 1240 2968; x_wconf 86' lang='lat' dir='ltr'><strong>Deum</strong></span> <span class='ocrx_word' id='word_1_194' title='bbox 1264 2905 1300 2970; x_wconf 91' lang='lat' dir='ltr'><strong>et</strong></span> <span class='ocrx_word' id='word_1_195' title='bbox 1322 2899 1388 2967; x_wconf 91' lang='lat' dir='ltr'><strong>Dei</strong></span> <span class='ocrx_word' id='word_1_196' title='bbox 1406 2897 1578 2986; x_wconf 90' lang='lat' dir='ltr'><strong>cognitio·</strong></span> 
     </span>
     <span class='ocr_line' id='line_1_25' title="bbox 407 3004 1579 3100; baseline -0.002 -28"><span class='ocrx_word' id='word_1_197' title='bbox 407 3027 483 3074; x_wconf 92' lang='lat' dir='ltr'><strong>uem</strong></span> <span class='ocrx_word' id='word_1_198' title='bbox 507 3005 620 3094; x_wconf 86' lang='lat' dir='ltr'><strong>magis</strong></span> <span class='ocrx_word' id='word_1_199' title='bbox 642 3004 855 3096; x_wconf 84' lang='lat' dir='ltr'><strong>explicitam,</strong></span> <span class='ocrx_word' id='word_1_200' title='bbox 882 3028 947 3096; x_wconf 86' lang='lat' dir='ltr'><strong>pen-</strong></span> <span class='ocrx_word' id='word_1_201' title='bbox 966 3029 1068 3100; x_wconf 85' lang='lat' dir='ltr'><strong>quam</strong></span> <span class='ocrx_word' id='word_1_202' title='bbox 1092 3029 1134 3076; x_wconf 88' lang='lat' dir='ltr'><strong>ex</strong></span> <span class='ocrx_word' id='word_1_203' title='bbox 1157 3005 1432 3075; x_wconf 70' lang='lat' dir='ltr'><strong>consideratione</strong></span> <span class='ocrx_word' id='word_1_204' title='bbox 1456 3004 1579 3072; x_wconf 87' lang='lat' dir='ltr'><strong>benefl-</strong></span> 
     </span>
     <span class='ocr_line' id='line_1_26' title="bbox 407 3112 1578 3203; baseline -0.001 -23"><span class='ocrx_word' id='word_1_205' title='bbox 407 3112 539 3180; x_wconf 86' lang='lat' dir='ltr'><strong>ciorum</strong></span> <span class='ocrx_word' id='word_1_206' title='bbox 562 3119 637 3180; x_wconf 87' lang='lat' dir='ltr'><strong>tum</strong></span> <span class='ocrx_word' id='word_1_207' title='bbox 660 3113 889 3182; x_wconf 90' lang='lat' dir='ltr'><strong>communium</strong></span> <span class='ocrx_word' id='word_1_208' title='bbox 912 3121 987 3182; x_wconf 89' lang='lat' dir='ltr'><strong>tum</strong></span> <span class='ocrx_word' id='word_1_209' title='bbox 1010 3113 1278 3203; x_wconf 76' lang='lat' dir='ltr'><strong>particularium</strong></span> <span class='ocrx_word' id='word_1_210' title='bbox 1293 3135 1370 3182; x_wconf 88' lang='lat' dir='ltr'><strong>cum</strong></span> <span class='ocrx_word' id='word_1_211' title='bbox 1386 3117 1578 3180; x_wconf 85' lang='lat' dir='ltr'><strong>attrectare</strong></span> 
     </span>
     <span class='ocr_line' id='line_1_27' title="bbox 406 3217 966 3308; baseline 0.005 -24"><span class='ocrx_word' id='word_1_212' title='bbox 406 3223 444 3285; x_wconf 88' lang='lat' dir='ltr'><strong>et</strong></span> <span class='ocrx_word' id='word_1_213' title='bbox 465 3217 624 3286; x_wconf 82' lang='lat' dir='ltr'><strong>invenire</strong></span> <span class='ocrx_word' id='word_1_214' title='bbox 647 3227 806 3308; x_wconf 89' lang='lat' dir='ltr'><strong>possunt.</strong></span> <span class='ocrx_word' id='word_1_215' title='bbox 961 3217 966 3229; x_wconf 85' lang='lat'>&#39;</span> 
     </span>
    </p>

    <p class='ocr_par' dir='ltr' id='par_1_4' title="bbox 405 3324 1578 4166">
     <span class='ocr_line' id='line_1_28' title="bbox 473 3324 1575 3417; baseline 0.001 -25"><span class='ocrx_word' id='word_1_216' title='bbox 473 3324 624 3392; x_wconf 87' lang='lat' dir='ltr'><strong>Primam</strong></span> <span class='ocrx_word' id='word_1_217' title='bbox 647 3325 746 3394; x_wconf 88' lang='lat' dir='ltr'><strong>illam</strong></span> <span class='ocrx_word' id='word_1_218' title='bbox 769 3333 891 3417; x_wconf 87' lang='lat' dir='ltr'><strong>sponte</strong></span> <span class='ocrx_word' id='word_1_219' title='bbox 915 3327 1067 3396; x_wconf 88' lang='lat' dir='ltr'><strong>obortam</strong></span> <span class='ocrx_word' id='word_1_220' title='bbox 1083 3333 1120 3396; x_wconf 89' lang='lat' dir='ltr'><strong>et</strong></span> <span class='ocrx_word' id='word_1_221' title='bbox 1134 3329 1313 3396; x_wconf 88' lang='lat' dir='ltr'><strong>obscuram</strong></span> <span class='ocrx_word' id='word_1_222' title='bbox 1329 3326 1575 3416; x_wconf 87' lang='lat' dir='ltr'><strong>cognitionem,</strong></span> 
     </span>
     <span class='ocr_line' id='line_1_29' title="bbox 407 3431 1578 3523; baseline 0.003 -26"><span class='ocrx_word' id='word_1_223' title='bbox 407 3451 508 3523; x_wconf 84' lang='lat' dir='ltr'><strong>quam</strong></span> <span class='ocrx_word' id='word_1_224' title='bbox 531 3433 654 3500; x_wconf 82' lang='lat' dir='ltr'><strong>Patras</strong></span> <span class='ocrx_word' id='word_1_225' title='bbox 676 3453 743 3500; x_wconf 92' lang='lat' dir='ltr'><strong>nou</strong></span> <span class='ocrx_word' id='word_1_226' title='bbox 775 3433 947 3502; x_wconf 89' lang='lat' dir='ltr'><strong>immerito</strong></span> <span class='ocrx_word' id='word_1_227' title='bbox 972 3440 1154 3502; x_wconf 71' lang='lat' dir='ltr'><strong>«naturae</strong></span> <span class='ocrx_word' id='word_1_228' title='bbox 1183 3433 1326 3502; x_wconf 83' lang='lat' dir='ltr'><strong>insitam</strong></span> <span class='ocrx_word' id='word_1_229' title='bbox 1355 3461 1372 3494; x_wconf 79' lang='lat' dir='ltr'><strong>n</strong></span> <span class='ocrx_word' id='word_1_230' title='bbox 1397 3431 1578 3522; x_wconf 87' lang='lat' dir='ltr'><strong>appellant</strong></span> 
     </span>
     <span class='ocr_line' id='line_1_30' title="bbox 407 3538 1578 3632; baseline 0.002 -26"><span class='ocrx_word' id='word_1_231' title='bbox 407 3559 509 3607; x_wconf 88' lang='lat' dir='ltr'><strong>senso</strong></span> <span class='ocrx_word' id='word_1_232' title='bbox 533 3560 554 3606; x_wconf 96' lang='lat' dir='ltr'><strong>a</strong></span> <span class='ocrx_word' id='word_1_233' title='bbox 576 3538 675 3606; x_wconf 90' lang='lat' dir='ltr'><strong>uobis</strong></span> <span class='ocrx_word' id='word_1_234' title='bbox 696 3539 847 3608; x_wconf 83' lang='lat' dir='ltr'><strong>inferius</strong></span> <span class='ocrx_word' id='word_1_235' title='bbox 870 3539 1090 3626; x_wconf 84' lang='lat' dir='ltr'><strong>declarando,</strong></span> <span class='ocrx_word' id='word_1_236' title='bbox 1116 3549 1152 3610; x_wconf 91' lang='lat' dir='ltr'><strong>et</strong></span> <span class='ocrx_word' id='word_1_237' title='bbox 1166 3563 1208 3610; x_wconf 87' lang='lat' dir='ltr'><strong>er</strong></span> <span class='ocrx_word' id='word_1_238' title='bbox 1222 3561 1291 3632; x_wconf 89' lang='lat' dir='ltr'><strong>qua</strong></span> <span class='ocrx_word' id='word_1_239' title='bbox 1304 3540 1404 3608; x_wconf 89' lang='lat' dir='ltr'><strong>velut</strong></span> <span class='ocrx_word' id='word_1_240' title='bbox 1418 3562 1460 3610; x_wconf 86' lang='lat' dir='ltr'><strong>ex</strong></span> <span class='ocrx_word' id='word_1_241' title='bbox 1477 3561 1578 3630; x_wconf 78' lang='lat' dir='ltr'><strong>prue-</strong></span> 
     </span>
     <span class='ocr_line' id='line_1_31' title="bbox 405 3647 1577 3736; baseline -0.002 -22"><span class='ocrx_word' id='word_1_242' title='bbox 405 3648 627 3736; x_wconf 88' lang='lat' dir='ltr'><strong>conceptione</strong></span> <span class='ocrx_word' id='word_1_243' title='bbox 650 3651 839 3736; x_wconf 85' lang='lat' dir='ltr'><strong>spontanea</strong></span> <span class='ocrx_word' id='word_1_244' title='bbox 869 3655 923 3716; x_wconf 84' lang='lat' dir='ltr'><strong>est</strong></span> <span class='ocrx_word' id='word_1_245' title='bbox 945 3648 1132 3717; x_wconf 85' lang='lat' dir='ltr'><strong>rationalis</strong></span> <span class='ocrx_word' id='word_1_246' title='bbox 1154 3649 1290 3716; x_wconf 84' lang='lat' dir='ltr'><strong>animae</strong></span> <span class='ocrx_word' id='word_1_247' title='bbox 1314 3647 1509 3736; x_wconf 83' lang='lat' dir='ltr'><strong>impulsus,</strong></span> <span class='ocrx_word' id='word_1_248' title='bbox 1535 3653 1577 3713; x_wconf 86' lang='lat' dir='ltr'><strong>nt</strong></span> 
     </span>
     <span class='ocr_line' id='line_1_32' title="bbox 406 3751 1575 3846; baseline -0.002 -26"><span class='ocrx_word' id='word_1_249' title='bbox 406 3751 614 3842; x_wconf 90' lang='lat' dir='ltr'><strong>diligentius</strong></span> <span class='ocrx_word' id='word_1_250' title='bbox 637 3759 783 3844; x_wconf 88' lang='lat' dir='ltr'><strong>quaerat</strong></span> <span class='ocrx_word' id='word_1_251' title='bbox 806 3754 925 3822; x_wconf 92' lang='lat' dir='ltr'><strong>mundi</strong></span> <span class='ocrx_word' id='word_1_252' title='bbox 942 3775 983 3823; x_wconf 87' lang='lat' dir='ltr'><strong>cc</strong></span> <span class='ocrx_word' id='word_1_253' title='bbox 998 3756 1054 3823; x_wconf 88' lang='lat' dir='ltr'><strong>sui</strong></span> <span class='ocrx_word' id='word_1_254' title='bbox 1071 3761 1248 3824; x_wconf 87' lang='lat' dir='ltr'><strong>auctorem</strong></span> <span class='ocrx_word' id='word_1_255' title='bbox 1264 3753 1442 3846; x_wconf 85' lang='lat' dir='ltr'><strong>ideamque</strong></span> <span class='ocrx_word' id='word_1_256' title='bbox 1473 3773 1575 3842; x_wconf 85' lang='lat' dir='ltr'><strong>erpo-</strong></span> 
     </span>
     <span class='ocr_line' id='line_1_33' title="bbox 406 3857 1577 3950; baseline 0 -26"><span class='ocrx_word' id='word_1_257' title='bbox 406 3857 496 3942; x_wconf 78' lang='lat' dir='ltr'><strong>liet,</strong></span> <span class='ocrx_word' id='word_1_258' title='bbox 522 3859 672 3927; x_wconf 87' lang='lat' dir='ltr'><strong>Sanctus</strong></span> <span class='ocrx_word' id='word_1_259' title='bbox 694 3859 886 3950; x_wconf 88' lang='lat' dir='ltr'><strong>Apostolus</strong></span> <span class='ocrx_word' id='word_1_260' title='bbox 910 3861 1103 3930; x_wconf 86' lang='lat' dir='ltr'><strong>clarissime</strong></span> <span class='ocrx_word' id='word_1_261' title='bbox 1126 3861 1260 3930; x_wconf 80' lang='lat' dir='ltr'><strong>indicat</strong></span> <span class='ocrx_word' id='word_1_262' title='bbox 1282 3869 1318 3928; x_wconf 90' lang='lat' dir='ltr'><strong>et</strong></span> <span class='ocrx_word' id='word_1_263' title='bbox 1340 3859 1533 3950; x_wconf 88' lang='lat' dir='ltr'><strong>distinguit</strong></span> <span class='ocrx_word' id='word_1_264' title='bbox 1554 3881 1577 3924; x_wconf 90' lang='lat' dir='ltr'><strong>a</strong></span> 
     </span>
     <span class='ocr_line' id='line_1_34' title="bbox 406 3963 1576 4056; baseline 0.002 -24"><span class='ocrx_word' id='word_1_265' title='bbox 406 3963 604 4052; x_wconf 87' lang='lat' dir='ltr'><strong>cognitione</strong></span> <span class='ocrx_word' id='word_1_266' title='bbox 627 3965 844 4056; x_wconf 83' lang='lat' dir='ltr'><strong>expolitiore;</strong></span> <span class='ocrx_word' id='word_1_267' title='bbox 870 3968 971 4038; x_wconf 91' lang='lat' dir='ltr'><strong>docet</strong></span> <span class='ocrx_word' id='word_1_268' title='bbox 992 3969 1083 4037; x_wconf 87' lang='lat' dir='ltr'><strong>enim</strong></span> <span class='ocrx_word' id='word_1_269' title='bbox 1109 3968 1205 4036; x_wconf 83' lang='lat' dir='ltr'><strong>facta</strong></span> <span class='ocrx_word' id='word_1_270' title='bbox 1228 3967 1351 4036; x_wconf 86' lang='lat' dir='ltr'><strong>divina</strong></span> <span class='ocrx_word' id='word_1_271' title='bbox 1374 3967 1417 4036; x_wconf 85' lang='lat' dir='ltr'><strong>ad</strong></span> <span class='ocrx_word' id='word_1_272' title='bbox 1442 3967 1506 4034; x_wconf 93' lang='lat' dir='ltr'><strong>boc</strong></span> <span class='ocrx_word' id='word_1_273' title='bbox 1522 3987 1576 4034; x_wconf 91' lang='lat' dir='ltr'><strong>or·</strong></span> 
     </span>
     <span class='ocr_line' id='line_1_35' title="bbox 406 4067 1574 4166; baseline 0.004 -30"><span class='ocrx_word' id='word_1_274' title='bbox 406 4067 535 4156; x_wconf 81' lang='lat' dir='ltr'><strong>dicari,</strong></span> <span class='ocrx_word' id='word_1_275' title='bbox 554 4077 590 4139; x_wconf 92' lang='lat' dir='ltr'><strong>et</strong></span> <span class='ocrx_word' id='word_1_276' title='bbox 605 4094 648 4140; x_wconf 85' lang='lat' dir='ltr'><strong>ex</strong></span> <span class='ocrx_word' id='word_1_277' title='bbox 671 4072 756 4163; x_wconf 86' lang='lat' dir='ltr'><strong>ipsis</strong></span> <span class='ocrx_word' id='word_1_278' title='bbox 780 4073 854 4142; x_wconf 86' lang='lat' dir='ltr'><strong>iilis</strong></span> <span class='ocrx_word' id='word_1_279' title='bbox 878 4075 984 4146; x_wconf 82' lang='lat' dir='ltr'><strong>tactis</strong></span> <span class='ocrx_word' id='word_1_280' title='bbox 1008 4077 1171 4166; x_wconf 87' lang='lat' dir='ltr'><strong>consequi</strong></span> <span class='ocrx_word' id='word_1_281' title='bbox 1195 4097 1256 4164; x_wconf 89' lang='lat' dir='ltr'><strong>per</strong></span> <span class='ocrx_word' id='word_1_282' title='bbox 1278 4097 1351 4144; x_wconf 88' lang='lat' dir='ltr'><strong>sese</strong></span> <span class='ocrx_word' id='word_1_283' title='bbox 1374 4073 1574 4165; x_wconf 82' lang='lat' dir='ltr'><strong>impulsum,</strong></span> 
     </span>
    </p>
   </div>
   <div class='ocr_carea' id='block_1_4' title="bbox 404 4303 1574 4455">
    <p class='ocr_par' dir='ltr' id='par_1_5' title="bbox 404 4303 1574 4455">
     <span class='ocr_line' id='line_1_36' title="bbox 465 4303 1574 4378; baseline 0.004 -20"><span class='ocrx_word' id='word_1_284' title='bbox 465 4303 508 4378; x_wconf 86' lang='lat'><strong>(1)</strong></span> <span class='ocrx_word' id='word_1_285' title='bbox 528 4327 540 4354; x_wconf 71' lang='lat' dir='ltr'><strong>a</strong></span> <span class='ocrx_word' id='word_1_286' title='bbox 557 4307 625 4360; x_wconf 82' lang='lat' dir='ltr'><strong>Dlsa</strong></span> <span class='ocrx_word' id='word_1_287' title='bbox 650 4307 707 4361; x_wconf 80' lang='lat' dir='ltr'><strong>dtei</strong></span> <span class='ocrx_word' id='word_1_288' title='bbox 732 4313 845 4362; x_wconf 78' lang='lat' dir='ltr'><strong>eructat</strong></span> <span class='ocrx_word' id='word_1_289' title='bbox 862 4311 995 4376; x_wconf 76' lang='lat' dir='ltr'><strong>verbum,</strong></span> <span class='ocrx_word' id='word_1_290' title='bbox 1020 4314 1050 4362; x_wconf 84' lang='lat' dir='ltr'><strong>et</strong></span> <span class='ocrx_word' id='word_1_291' title='bbox 1075 4324 1130 4362; x_wconf 81' lang='lat' dir='ltr'><strong>ncx</strong></span> <span class='ocrx_word' id='word_1_292' title='bbox 1156 4311 1234 4363; x_wconf 89' lang='lat' dir='ltr'><strong>nocti</strong></span> <span class='ocrx_word' id='word_1_293' title='bbox 1257 4309 1368 4363; x_wconf 78' lang='lat' dir='ltr'><strong>indicat</strong></span> <span class='ocrx_word' id='word_1_294' title='bbox 1394 4309 1546 4362; x_wconf 72' lang='lat' dir='ltr'><strong>scientiam</strong></span> <span class='ocrx_word' id='word_1_295' title='bbox 1561 4332 1574 4356; x_wconf 75' lang='lat' dir='ltr'><strong>n</strong></span> 
     </span>
     <span class='ocr_line' id='line_1_37' title="bbox 404 4395 612 4455; baseline 0.029 -8"><span class='ocrx_word' id='word_1_296' title='bbox 404 4395 451 4448; x_wconf 76' lang='lat' dir='ltr'><strong>Pr.</strong></span> <span class='ocrx_word' id='word_1_297' title='bbox 465 4395 572 4452; x_wconf 80' lang='lat' dir='ltr'><strong>xvm.</strong></span> <span class='ocrx_word' id='word_1_298' title='bbox 584 4397 612 4455; x_wconf 77' lang='grc'><strong>8.</strong></span> 
     </span>
    </p>
   </div>
   <div class='ocr_carea' id='block_1_5' title="bbox 0 0 1702 5056">
    <p class='ocr_par' dir='ltr' id='par_1_6' title="bbox 0 0 1702 5056">
     <span class='ocr_line' id='line_1_38' title="bbox 0 0 1702 5056; baseline 0 1"><span class='ocrx_word' id='word_1_299' title='bbox 0 0 1702 5056; x_wconf 95' lang='lat' dir='ltr'><strong> </strong></span> 
     </span>
    </p>
   </div>
  </div>
 </body>
</html>
