3394 5056
936 389 970 402 -
994 359 1033 416 54
1057 389 1091 400 -

426 467 653 556 perveniatur
675 464 718 532 ad
743 463 888 552 primam
911 463 1141 550 cognitionem
1166 463 1254 544 Dei,
1280 485 1358 530 cnm
1389 464 1474 530 baec
1497 461 1602 530 illius

425 573 688 642 fundamentum
712 571 771 653 sit,
796 578 832 638 et
854 569 932 638 ideo
955 592 1023 637 nou
1047 569 1168 638 ordine
1192 570 1331 638 inverso
1353 591 1396 636 ex
1420 567 1486 636 illa
1513 569 1602 639 haec

424 681 574 770 primum
597 677 731 768 attingi
755 677 875 768 possit.
890 677 990 745 Unde
1012 677 1117 744 etiarn
1131 676 1312 744 S.Paulns
1326 677 1443 766 potius
1466 699 1509 745 ex
1534 677 1604 745 Dei

422 787 612 854 existentia
633 784 845 852 naturaliter
867 784 1010 872 cognita
1032 783 1218 852 deduxisse
1242 783 1384 852 videtur
1399 783 1601 852 naturalem

422 895 656 986 cognitionem
681 892 772 981 legis
794 915 835 960 ac
859 891 992 960 ordinis
1018 890 1182 974 moralis,
1209 913 1311 983 quum
1342 915 1384 960 ex
1408 891 1474 959 hac
1499 891 1601 959 illam

422 1000 658 1072 demonstrare
681 998 846 1066 voluisse.
871 997 948 1066 Non
972 1007 1088 1066 tamen
1111 997 1188 1067 ideo
1210 1020 1252 1066 ex
1276 997 1474 1087 cognitione
1505 997 1600 1067 ordi·

422 1109 479 1178 nis
494 1129 535 1177 ac
548 1106 638 1196 legis
662 1105 804 1173 moralis
819 1103 941 1172 nullus
957 1111 1011 1172 est
1025 1126 1189 1172 ascensus
1204 1105 1249 1172 ad
1266 1103 1499 1194 cognitionem
1517 1105 1598 1173 Dei.

421 1213 572 1284 Medium
596 1213 686 1281 enim
711 1211 802 1280 illud
825 1235 886 1280 seu
908 1218 1154 1301 argumentum
1169 1235 1212 1280 ex
1228 1211 1348 1280 ordine
1373 1211 1496 1279 morali
1522 1223 1599 1303 pot·

420 1331 475 1391 est
498 1322 641 1412 proponi
665 1319 866 1410 dupliciter:
885 1319 918 1386 1ο
933 1319 970 1387 in
986 1319 1227 1388 coniunctione
1254 1343 1332 1388 cum
1358 1319 1442 1388 aliis
1458 1319 1600 1388 demon-

421 1431 652 1500 strationibus
674 1428 881 1498 existentiae
904 1427 988 1514 Dei;
1015 1428 1050 1495 2⁰
1074 1451 1134 1518 per
1157 1450 1194 1496 se
1217 1435 1254 1496 et
1283 1427 1452 1495 absolute.
1478 1427 1601 1494 Primo

421 1538 519 1607 modo
534 1543 649 1628 potest
664 1537 756 1604 ratio
767 1559 809 1605 ex
827 1535 910 1604 aliis
925 1536 1266 1604 manifestationibus
1281 1535 1461 1624 analytice
1475 1557 1601 1604 asceu-

420 1646 500 1716 dara
523 1646 568 1714 ad
591 1643 824 1734 cognitionem
846 1644 1053 1712 existentiae
1077 1645 1154 1731 Dei;
1173 1652 1209 1712 et
1224 1668 1266 1712 ex
1284 1643 1349 1712 hac
1366 1643 1510 1733 cognita
1524 1643 1600 1712 dia·

419 1753 530 1822 tincta
553 1751 752 1840 intelligere
769 1749 1016 1840 obligationem
1032 1750 1226 1818 absolutam
1250 1752 1340 1841 legis
1367 1750 1521 1819 moralis.
1542 1751 1600 1819 Ex

419 1860 485 1930 hac
509 1883 610 1950 porro
634 1859 804 1928 distincta
827 1859 1026 1948 cognitione
1050 1867 1165 1948 potest
1187 1859 1264 1928 lieri
1289 1859 1389 1928 velut
1412 1883 1601 1950 regressus

417 1967 463 2036 ad
486 1967 753 2036 confirmandam
777 1989 817 2034 ac
840 1967 972 2036 clarius
1003 1966 1269 2056 intelligendam
1301 1967 1411 2056 ipsam
1434 1967 1499 2034 Dei
1523 1969 1600 2035 exi-

419 2075 582 2142 stentiam
617 2075 941 2165 perfectionemque.
968 2073 1045 2154 Quo
1069 2073 1104 2141 in
1129 2097 1291 2165 processu
1321 2096 1419 2142 nemo
1448 2074 1598 2159 dixerit,

419 2181 527 2249 alium
551 2202 732 2249 occurrere
756 2179 939 2262 circulum,
966 2180 1034 2248 nisi
1052 2202 1272 2249 ascensusex
1290 2181 1464 2249 creaturis
1479 2181 1525 2249 ad
1541 2205 1597 2249 co-

418 2287 652 2378 gnoscendum
670 2287 793 2371 Deum,
814 2295 850 2355 et
870 2287 1055 2356 descensus
1074 2311 1116 2356 ex
1135 2287 1205 2358 Deo
1220 2287 1264 2355 ad
1280 2295 1461 2357 creaturas
1481 2289 1598 2376 perfe-

418 2395 510 2467 ctius
526 2395 792 2486 cognoscendas,
818 2403 855 2464 et
870 2419 911 2464 ex
928 2395 984 2464 his
1000 2396 1147 2488 denique
1163 2396 1354 2486 perfectius
1371 2393 1524 2486 cognitis
1541 2419 1597 2462 re-

417 2511 562 2597 gressus
575 2503 620 2572 ad
643 2505 753 2572 Deum
773 2503 911 2593 plenius
934 2503 1215 2594 intelligendum.
1241 2503 1449 2572 Huiusmodi
1476 2511 1598 2572 antam

398 2635 597 2703 regressus
621 2613 746 2704 quiex
770 2612 940 2702 Apostolo
966 2614 1053 2680 satis
1078 2611 1280 2702 colligitur,
1306 2635 1345 2680 eo
1369 2612 1482 2702 magis
1504 2611 1597 2701 legi-

416 2720 525 2788 timus
548 2740 588 2787 ac
604 2725 819 2809 opportunus
836 2719 969 2788 censeri
986 2719 1098 2800 debet,
1118 2719 1208 2808 quod
1225 2717 1322 2786 clara
1337 2717 1491 2808 cognitio
1507 2715 1599 2785 obli-

416 2827 571 2918 gationis
595 2825 736 2894 moralis
757 2849 824 2894 non
849 2825 1014 2916 supponit
1038 2825 1232 2894 necessario
1254 2825 1384 2894 claram
1408 2835 1445 2895 et
1466 2823 1598 2892 distin-

416 2943 507 3004 ctam
530 2935 762 3025 oognitionem
785 2935 994 3006 existentiae
1011 2934 1088 3018 Dei,
1106 2933 1193 3002 licet
1208 2934 1284 3001 siue
1300 2933 1498 3022 cognitione
1515 2935 1598 3002 eius

415 3043 535 3135 aliqua
557 3043 681 3112 saltem
705 3046 851 3112 confusa
873 3044 1062 3112 consistere
1086 3066 1153 3110 non
1177 3043 1300 3133 possit.

483 3149 523 3216 Si
546 3149 669 3218 deinde
693 3157 935 3239 argumentum
961 3173 1020 3240 per
1044 3175 1079 3218 se
1095 3158 1131 3218 et
1147 3150 1190 3218 ab
1207 3147 1290 3218 aliis
1305 3149 1500 3218 seiunctum
1516 3171 1595 3238 spe-

416 3265 551 3340 ctetur,
576 3280 644 3324 nou
669 3257 789 3348 utique
813 3265 927 3348 potest
950 3259 1098 3348 supponi
1114 3259 1270 3348 perfecta
1286 3257 1440 3348 cognitio
1456 3255 1594 3346 obliga-

416 3363 524 3432 tionis
538 3365 667 3456 absque
687 3365 884 3454 cognitione
897 3367 974 3448 Dei,
991 3373 1032 3434 ut
1046 3389 1088 3434 ex
1102 3365 1166 3432 illa
1182 3365 1226 3434 ad
1242 3364 1332 3433 hanc
1347 3365 1496 3455 primurn
1516 3387 1596 3454 per·

416 3471 530 3538 veniri
544 3477 660 3562 queat,
679 3471 963 3563 quemadmodum
979 3473 1046 3540 iam
1064 3471 1230 3541 diximus.
1250 3471 1318 3540 Sed
1335 3471 1433 3540 alind
1448 3477 1503 3540 est
1513 3494 1593 3561 per·

416 3577 508 3648 secta
528 3579 681 3668 cognitio
705 3579 884 3648 absolutae
907 3579 1145 3670 obligationis,
1171 3579 1269 3649 aliud
1293 3579 1447 3669 cognitio
1469 3579 1594 3670 aliqua

414 3687 549 3757 ordinis
565 3687 708 3756 moralis
719 3687 828 3757 latius
844 3689 1005 3778 spectati.
1021 3687 1159 3756 Etenim
1171 3711 1213 3756 ex
1226 3689 1302 3780 ipsa
1314 3687 1593 3758 consideratione

413 3801 560 3864 naturae
584 3795 769 3864 rationalis
792 3796 972 3865 ordinatae
987 3796 1031 3864 ad
1051 3819 1169 3864 verum
1193 3804 1229 3864 et
1247 3798 1383 3878 bonum,
1401 3805 1438 3865 et
1452 3819 1493 3865 ex
1510 3819 1592 3865 con·

413 3901 624 3971 sideratione
648 3901 826 3970 societatis
850 3901 1021 3970 humanae
1045 3902 1150 3971 facile
1166 3902 1385 3992 intelligitur
1400 3903 1592 3971 necessitas

412 4017 449 4078 et
470 4007 660 4078 existentia
682 4009 816 4077 ordinis
832 4009 987 4094 moralis,
1006 4009 1196 4078 existentia
1213 4009 1332 4078 ultimi
1348 4009 1428 4077 linis
1445 4013 1483 4078 in
1500 4011 1591 4080 lrui-

413 4117 508 4185 tione
526 4117 600 4184 veri
624 4125 660 4185 et
677 4117 768 4198 boui,
787 4117 976 4186 necessitas
990 4123 1028 4185 et
1044 4117 1235 4185 existenti-a
1249 4117 1382 4185 inrium
1404 4123 1441 4184 et
1463 4116 1589 4186 officio·

414 4248 504 4308 rum,
524 4247 601 4293 cum
613 4225 702 4293 istae
715 4227 789 4294 siut
801 4225 990 4295 relationes
1002 4225 1207 4294 essentiales
1222 4232 1371 4294 naturae
1387 4224 1587 4312 rationalis,

414 4351 502 4423 quae
518 4330 592 4399 sine
616 4330 672 4399 his
696 4332 1005 4401 contradictionem
1028 4331 1237 4401 involveret.
1263 4333 1377 4424 Atqui
1400 4332 1590 4402 relationes

415 4437 480 4506 hae
495 4437 711 4523 essentiales,
730 4460 875 4529 quarum
892 4439 1083 4508 necessitas
1098 4447 1134 4507 at
1149 4439 1340 4508 existentia
1353 4439 1587 4530 intelligitur,
