3262 5076
57 493 229 565 vinianis
252 495 473 566 subvertitur
503 493 681 564 doctrinae
712 492 927 563 christianae
957 496 1064 584 caput
1090 489 1243 562 certissi-

57 625 171 686 mum,
193 623 263 695 quc
286 602 490 693 profitemur
514 623 599 670 vera
622 623 696 671 csse
720 599 1044 690 supernaturalium
1067 599 1244 669 virtutum

55 707 206 794 merita,
233 709 361 801 quibus
383 709 553 778 reddatur
577 707 654 778 vita
678 714 821 776 aeterna
843 713 1022 800 tamquam
1050 729 1180 776 meroes
1204 728 1245 776 ac

56 839 221 902 corona,
246 822 283 886 et
306 839 408 888 veras
430 816 625 888 actualium
648 821 867 908 peccatorum
891 815 1035 906 culpas,
1065 837 1153 907 quaa
1177 837 1245 884 non

57 923 280 1013 puniuntur,
307 924 392 1016 quia
414 924 451 992 in
475 923 658 994 voluntate
688 923 792 1014 primi
816 922 967 990 hominia
990 929 1092 991 erant
1119 922 1243 1007 libera,

57 1030 121 1099 sed
145 1038 328 1124 quatenus
343 1030 456 1101 libera
472 1037 557 1102 suut
574 1031 611 1099 in
627 1031 811 1100 voluntate
826 1029 995 1122 cuiusque
1010 1031 1241 1121 peccantium.

56 1137 93 1224 d)
111 1138 159 1207 In
184 1145 339 1231 utraque
362 1140 539 1208 sententia
561 1160 602 1209 ea
625 1138 806 1224 docentur,
825 1160 914 1231 quae
931 1137 1072 1207 collatis
1088 1159 1243 1228 praeser-

55 1247 125 1315 tim
139 1247 357 1338 praeceptis,
372 1246 564 1339 promissis,
581 1247 917 1332 comminationibus,
933 1245 1244 1315 contestationibus

57 1353 204 1424 divinis
228 1355 414 1424 manifesto
443 1363 606 1446 pugnant
633 1377 711 1423 cum
735 1353 903 1439 bonitate,
930 1353 1084 1438 iustitia,
1111 1352 1244 1422 veraci·

57 1467 148 1547 tate,
165 1461 347 1553 sapientia
368 1469 405 1532 et
426 1463 619 1532 sanctitate
634 1462 712 1531 Dei.
732 1461 827 1531 Haec
850 1460 1012 1552 impietas
1028 1461 1066 1529 in
1082 1461 1245 1530 doctrina

60 1569 405 1660 superlapccriorum
428 1570 566 1638 omnino
589 1569 776 1639 manifesta
799 1579 869 1638 est
897 1591 977 1636 nam
1003 1591 1242 1661 «quemquam

61 1675 285 1747 immeritum
316 1683 352 1747 et
380 1677 473 1746 nulli
504 1678 688 1747 obnoxium
718 1684 859 1767 peccato
891 1678 921 1746 si
951 1677 1047 1746 Deus
1077 1675 1243 1745 damnare

62 1784 242 1870 creditur,
257 1783 395 1853 alienus
407 1785 451 1854 ab
463 1784 651 1877 iniquitate
664 1807 730 1852 non
744 1784 926 1854 creditura
943 1783 979 1853 S.
989 1783 1085 1876 Aug.
1098 1807 1151 1874 ep.
1164 1783 1241 1852 186.

62 1915 97 1960 n.
112 1891 173 1981 203
208 1915 301 1962 nnec
323 1891 467 1962 iustitia
490 1892 586 1961 iusta
608 1891 757 1978 dicetur,
778 1892 809 1959 si
824 1892 1039 1982 puniendum
1062 1916 1160 1962 reum
1176 1915 1244 1961 non

63 1999 249 2070 invenisse
271 2001 331 2070 sed
355 2001 479 2070 fecisse
503 2001 655 2089 dicatur;
675 2001 785 2069 maior
801 2023 884 2070 varo
907 2001 977 2069 erit
999 2000 1193 2086 iniustitia,
1213 2001 1244 2070 si

63 2106 164 2198 lapso
190 2107 287 2177 Deus
310 2107 480 2177 retribuit
494 2129 648 2199 poenam,
668 2130 768 2200 quem
792 2113 941 2176 stantem
965 2108 1244 2198 praedestinasse

64 2212 206 2284 dicitur
220 2215 265 2285 ad
282 2215 420 2284 ruinam
434 2241 451 2278 n
470 2215 508 2284 S.
522 2214 690 2304 Fulgent.
705 2213 750 2282 ad
760 2213 902 2282 Mcnim.
918 2213 944 2282 l.
959 2214 990 2283 Ι.
1005 2237 1035 2283 c.
1050 2212 1106 2282 22.

132 2323 190 2392 At
215 2321 391 2392 sententia
405 2321 741 2412 insrctopscricram
757 2321 867 2390 alicui
882 2344 951 2390 non
966 2322 1121 2412 penitius
1137 2323 1243 2415 inspi-

68 2427 179 2498 cienti
200 2433 317 2520 posset
334 2429 448 2498 videri
475 2450 598 2520 parum
622 2429 754 2498 distare
778 2429 821 2496 ab
844 2427 1004 2518 opinione
1027 2429 1243 2520 quorundam

68 2527 317 2628 theologorum
331 2537 594 2623 catholicorum,
613 2537 675 2629 qui
690 2535 1046 2626 praedestinationem
1069 2543 1105 2606 et
1126 2560 1242 2628 repro·

69 2643 247 2716 bationem
264 2645 479 2736 negativam,
505 2651 547 2714 ut
568 2645 682 2729 aiunt,
700 2645 775 2714 sive
798 2644 904 2712 etiam
927 2643 1113 2733 positivam
1130 2645 1245 2714 exclu-

69 2751 203 2822 sionem
226 2775 248 2820 a
270 2754 349 2824 vita
371 2761 513 2823 aeterna
528 2752 736 2822 adscribunt
751 2751 928 2822 voluntati
944 2750 1009 2819 Dei
1025 2752 1244 2822 antecedenti

69 2861 326 2948 praevisionem
350 2861 576 2946 maritorum,
604 2859 762 2953 hancque
785 2858 929 2929 eandem
954 2865 1082 2948 putant
1108 2869 1243 2929 senten·

69 2967 155 3036 tiam
180 2969 294 3039 fuisse
316 2969 525 3059 Augustini.
550 2967 791 3039 Nihilominus
819 2969 1006 3040 discrimen
1035 2969 1144 3038 huius
1172 2969 1243 3060 opi-

71 3075 187 3146 nionis
203 3099 225 3144 a
241 3077 402 3146 doctrina
424 3075 708 3146 Calviniauorum
725 3084 761 3146 et
774 3079 1062 3148 Iausenianorum
1079 3101 1243 3170 magnum

71 3190 134 3271 est;
160 3207 231 3253 non
253 3189 327 3253 tam
349 3184 388 3253 in
410 3207 461 3270 co,
481 3185 571 3276 quod
588 3183 762 3254 Catholici
784 3187 1046 3256 antecedentem
1069 3185 1167 3254 illam
1191 3208 1243 3256 re·

71 3291 308 3378 probationem
338 3291 463 3361 dicunt
492 3295 714 3383 cepaticum,
745 3292 915 3363 haeretici
946 3317 1030 3365 vero
1054 3296 1244 3386 positivam

74 3397 122 3482 (id
144 3399 238 3469 enim
261 3421 330 3468 non
352 3399 390 3468 in
414 3400 566 3468 omnium
590 3400 732 3468 illirum
755 3400 1014 3471 catholicorum
1038 3401 1243 3494 explicatio·

73 3504 175 3577 nibus
191 3508 279 3577 satis
296 3505 430 3577 clarum
446 3513 536 3596 est).:
555 3507 614 3577 sed
630 3507 817 3578 discrimen
832 3516 954 3579 exstat
975 3511 1079 3601 longe
1102 3511 1242 3580 eviden-

75 3610 155 3700 tius,
174 3614 266 3708 quod
281 3615 452 3685 haeretici
468 3617 745 3707 reprobationem
768 3617 1026 3688 antecedentem
1051 3619 1103 3688 ita
1126 3618 1243 3688 defen·

75 3716 182 3809 dunt,
209 3729 252 3791 ut
274 3724 307 3807 σι)
330 3723 520 3793 excludant
549 3723 680 3793 diserte
710 3724 928 3794 voluntatem
951 3727 1017 3795 Dei
1048 3725 1243 3794 salvificam

78 3831 111 3894 et
130 3837 275 3900 mortem
291 3829 426 3900 Christi
450 3853 512 3922 pro
535 3831 651 3901 salute
672 3832 906 3923 reproborum5
932 3839 975 3902 ut
997 3837 1030 3919 d)
1053 3831 1245 3902 excludant

77 3955 133 4022 pro
162 3937 320 4034 reprobis
343 3939 557 4008 velcmnam
581 3939 734 4029 gratiam
758 3939 816 4009 vel
840 3947 932 4009 certe
963 3939 1117 4029 gratiam
1149 3938 1242 4007 suffi-

80 4039 219 4114 cientem
235 4052 271 4114 et
285 4045 553 4138 possibilitatem
570 4047 614 4115 ad
631 4047 907 4116 consecutionem
923 4045 1063 4133 salutis,
1079 4053 1120 4116 ut
1136 4050 1170 4134 c)
1185 4068 1243 4114 ne-

82 4156 158 4234 gent
187 4174 319 4220 omnem
350 4152 503 4242 gratiam
535 4175 625 4223 mere
654 4153 905 4236 sufficientem,
935 4159 972 4222 et
1002 4174 1106 4243 porro
1141 4152 1241 4222 iudu-

82 4265 156 4327 cant
177 4260 421 4329 necessitatem
445 4265 518 4328 tam
540 4261 578 4328 in
603 4261 740 4330 actibus
763 4260 862 4329 bohis
884 4261 949 4328 sub
972 4260 1091 4350 gratia
1113 4259 1244 4331 efficaci

84 4383 177 4452 quam
199 4368 237 4438 in
260 4367 363 4438 malis
387 4369 451 4438 sub
475 4368 656 4440 dominatu
687 4369 1011 4461 concupiscentiae,
1044 4369 1243 4460 dicenteque

84 4469 244 4548 affirment
260 4475 370 4548 Deum
386 4477 452 4548 sub
467 4477 753 4548 interminatione
771 4476 846 4547 irae
868 4499 953 4548 suae
977 4485 1014 4546 et
1036 4498 1167 4569 poenae
1188 4498 1243 4547 aa·
