3224 5068
851 369 888 383 —
910 337 970 398 316
993 367 1031 382 -

356 443 400 512 ed
416 443 635 512 intellectum
663 442 853 512 humanum
869 443 1003 511 dicitur
1017 463 1073 510 res
1094 462 1187 526 vera,
1208 443 1244 508 in
1263 448 1430 533 quantum
1443 447 1519 508 nata

356 555 410 618 est
433 549 475 618 de
499 572 535 618 se
559 549 709 618 formare
735 571 852 619 veram
875 548 1181 618 aestimationem»
1201 547 1261 636 (S.
1281 547 1350 616 rh.
1368 547 1410 616 de
1425 546 1516 616 verit.

359 682 391 750 q.
412 657 443 724 1.
463 679 496 725 a.
516 657 549 726 2.
564 661 589 743 ).

426 767 516 834 Hinc
544 767 650 834 etiam
666 766 757 858 quod
774 773 937 835 creatura
953 767 1063 834 libera
1079 766 1158 854 agit
1173 765 1363 833 secundum
1380 763 1518 831 ordinem
1597 765 1598 800 ³

359 874 520 942 moralem
545 874 807 963 respondentem
831 873 965 943 divinis
987 873 1077 941 ideis
1100 881 1136 940 et
1153 873 1250 940 bonis
1279 871 1517 950 voluntatibus,
1597 871 1598 910 ³

358 983 395 1049 in
413 982 597 1072 Scriptura
613 981 747 1050 dicitur
761 983 906 1068 veritas3
922 981 1014 1072 qnod
1031 982 1109 1070 agit
1121 987 1244 1050 contra
1255 980 1349 1048 hunc
1366 978 1517 1058 ordinem,
1597 981 1598 1014 ³

358 1089 490 1158 dicitur
513 1096 549 1158 et
571 1095 626 1158 est
647 1089 875 1157 mendacium.
897 1090 1009 1158 «Non
1033 1089 1169 1156 frustra
1193 1087 1325 1157 dicitur
1349 1109 1442 1154 omne
1455 1107 1520 1174 pec·
1597 1089 1598 1128 ³

360 1203 476 1266 catum
492 1219 566 1265 esse
587 1196 814 1278 mendacium,
834 1197 1000 1288 quianon
1017 1203 1181 1286 peccatur
1196 1195 1267 1263 uisi
1282 1216 1323 1262 ea
1340 1192 1518 1272 voluntate,
1597 1223 1598 1234 κ

361 1326 449 1396 quse
480 1303 658 1372 contraria
688 1308 743 1370 est
765 1302 912 1370 veritati
944 1304 968 1370 i.
988 1325 1019 1370 e.
1042 1303 1114 1370 Deo
1131 1329 1148 1364 n
1174 1302 1280 1370 Liber
1307 1299 1462 1368 Sentent.
1484 1318 1520 1364 en
1597 1309 1598 1346 ³

360 1413 455 1500 Aug.
471 1417 560 1479 sent.
576 1410 654 1478 150.
676 1409 778 1478 Siout
807 1433 891 1500 ergo
907 1410 1054 1478 comnia
1086 1409 1251 1478 mandata
1282 1408 1348 1476 Dei
1372 1412 1452 1475 sunt
1472 1426 1518 1472 ve·
1597 1429 1598 1452 ³

360 1520 450 1587 ritas
469 1545 499 1602 n,
530 1548 546 1581 n
566 1517 622 1585 lex
654 1517 730 1585 eius
763 1519 896 1586 veritas
914 1545 945 1602 n,
967 1547 983 1580 c
1002 1540 1118 1585 omnes
1149 1516 1229 1586 viae
1258 1517 1336 1584 eius
1367 1513 1517 1582 veritas»

361 1625 455 1694 Psal.
474 1623 637 1692 CXVIII.
658 1623 769 1710 (119.)
787 1624 842 1692 86.
863 1624 940 1692 142.
960 1624 1036 1692 151.
1057 1631 1234 1714 amquam
1254 1643 1375 1690 norma
1395 1627 1431 1689 et
1445 1641 1520 1686 men·

361 1753 456 1800 sura:
482 1731 534 1799 ita
557 1731 715 1798 iubemur
735 1761 751 1794 c
769 1731 947 1799 ambulare
971 1732 1008 1798 in
1040 1731 1191 1800 veritate
1211 1757 1227 1792 n
1245 1737 1281 1798 et
1299 1760 1315 1794 ιι
1333 1730 1445 1797 facere
1473 1747 1520 1794 ve·

361 1839 514 1908 ritatem.
536 1837 699 1907 »Contra
724 1838 870 1928 angelus
899 1841 1161 1928 praevaricator
1174 1868 1196 1902 c
1213 1839 1252 1906 in
1286 1837 1436 1906 veritate
1463 1855 1521 1900 nnn

362 1947 481 2031 stetit,
507 1955 543 2015 et
567 1946 701 2016 veritas
732 1949 768 2014 in
792 1969 831 2015 eo
855 1970 922 2014 non
953 1947 1108 2015 estnIo.
1128 1945 1314 2031 vm.44;
1339 1951 1377 2013 et
1398 1966 1437 2011 ex
1459 1963 1519 2009 coe·
1597 1938 1598 1942 ’

362 2055 446 2122 lasti
469 2053 658 2123 Ierusalem
686 2053 821 2122 exclusi
848 2061 952 2138 sunt,
982 2085 997 2117 n
1025 2053 1086 2146 qui
1115 2054 1252 2122 faciunt
1284 2051 1519 2121 mendaciumn
1597 2067 1598 2072 ’

238 2263 239 2267 Ν
363 2163 474 2252 Apoc.
493 2161 593 2229 xxr.
612 2163 668 2247 273
688 2161 808 2229 xxm.
829 2162 884 2230 15.

429 2269 475 2336 2⁰.
500 2267 580 2356 Ipse
604 2267 687 2335 crdo
710 2267 972 2358 metaphysicus
994 2273 1031 2336 et
1053 2268 1179 2336 idealis
1196 2291 1287 2334 mere
1303 2264 1518 2356 possibilium,
1597 2315 1598 2318 η

274 2435 277 2444 ⁴
362 2375 539 2466 omnisque
562 2375 598 2442 in
622 2375 672 2442 eis
699 2374 853 2458 veritas,
880 2396 968 2466 quae
992 2373 1132 2464 proprie
1154 2373 1324 2465 loquendo
1348 2372 1385 2439 in
1408 2393 1441 2440 se
1462 2391 1520 2436 non

363 2487 417 2552 est
440 2481 499 2550 sed
523 2489 745 2571 potestesse,
772 2482 852 2550 inde
879 2483 1022 2572 pendet,
1049 2480 1139 2572 quod
1163 2480 1286 2548 divina
1308 2479 1456 2548 essentia
1475 2483 1520 2543 est

362 2591 457 2658 hisce
488 2589 598 2656 modis
626 2594 663 2656 et
693 2589 880 2657 secundum
912 2589 975 2657 has
1005 2589 1101 2677 leges
1131 2587 1175 2656 ad
1206 2595 1308 2656 extra
1338 2583 1517 2655 imitabilis.

362 2697 472 2765 'l'otus
499 2695 613 2785 igitur
629 2697 713 2764 ordo
731 2695 995 2786 metaphysicus
1019 2696 1250 2766 constituitur
1266 2695 1405 2784 legibus
1420 2713 1519 2760 neces
1597 2755 1598 2760 ,

362 2804 467 2872 scriis
490 2803 734 2886 essentiarum,
761 2823 848 2893 quae
872 2802 968 2891 leges
991 2802 1067 2871 ideo
1091 2811 1174 2872 sunt
1200 2801 1426 2884 necessariae,
1450 2796 1520 2890 quio

363 2911 484 2980 divina
499 2911 650 2978 essentia
677 2932 736 2980 eas
761 2909 930 2999 postulat.
950 2911 1048 2980 Unde
1072 2911 1150 3000 ipsa
1164 2911 1316 2980 essentia
1330 2911 1449 2979 divina
1462 2927 1519 2974 non
1597 2969 1598 2977 ,

363 3021 472 3088 libera
496 3021 679 3089 voluntate
703 3019 762 3088 sed
786 3043 827 3087 ex
853 3020 1049 3088 necessaria
1072 3041 1135 3088 sue
1164 3021 1375 3110 perfectione
1391 3017 1519 3087 estfons

363 3135 398 3196 et
421 3151 583 3196 mensura
605 3129 716 3195 totius
740 3128 847 3194 etiam
872 3127 1038 3196 veritatis
1061 3127 1194 3196 ordinis
1219 3127 1459 3216 metaphysici.

429 3235 622 3306 severitas
635 3234 792 3304 formalis
805 3236 842 3302 in
857 3234 1095 3304 intellectibus
1106 3235 1234 3304 creatis
1246 3241 1300 3304 est
1311 3229 1520 3324 participatio
1597 3275 1598 3328 l

364 3344 532 3437 quaedam
548 3343 712 3414 veritatis
736 3343 890 3426 divinae,
910 3342 965 3422 vol
983 3365 1043 3432 per
1064 3343 1299 3412 immediatam
1323 3339 1519 3412 coniunctio·

363 3475 439 3520 nem
455 3451 728 3520 intellectualem
746 3473 821 3519 cnm
835 3451 913 3540 ipsa
927 3451 1128 3518 essentiaet
1143 3449 1371 3518 substantiali
1387 3447 1520 3517 veritate

363 3557 496 3642 divina,
523 3563 564 3625 ut
586 3565 640 3626 est
662 3558 753 3626 visio
780 3559 817 3624 in
841 3557 972 3626 lumine
996 3556 1149 3646 gloriae3
1176 3555 1234 3625 vel
1256 3579 1318 3646 per
1340 3556 1454 3624 lumen
1475 3575 1520 3620 su·

328 3709 332 3718 ·
365 3665 586 3756 pernaturale
616 3665 765 3734 alterius
796 3665 930 3734 ordinis
959 3666 1158 3734 derivatum
1182 3685 1203 3730 a
1226 3665 1339 3753 prima
1370 3663 1519 3740 veritate,

363 3773 454 3865 quod
469 3774 585 3842 lumen
598 3773 709 3842 modis
724 3779 760 3841 et
771 3773 939 3862 gradibus
952 3773 1104 3842 diversis
1116 3773 1218 3839 estin
1232 3772 1324 3838 omni
1337 3771 1520 3860 cognitione

363 3879 644 3969 supernaturali;
671 3879 728 3949 val
752 3902 814 3970 per
838 3879 1180 3948 communicationem
1204 3877 1346 3947 habitus
1370 3877 1521 3948 scientiae

364 3994 400 4054 et
421 3987 589 4072 idearum,
609 3995 650 4056 ut
672 3995 726 4056 est
741 3987 943 4077 angelorum
960 3993 996 4055 et
1011 3993 1088 4055 erat
1104 3986 1208 4076 primi
1224 3987 1376 4055 hominis
1391 3983 1522 4055 scientia

362 4096 556 4182 naturalis;
580 4097 636 4164 vel
659 4096 807 4188 denique
832 4119 892 4186 per
917 4095 1259 4165 communicationem
1284 4097 1435 4164 omnium
1457 4093 1521 4160 infi·
1555 4163 1556 4166 Ἴ

365 4225 471 4287 mann,
508 4226 595 4294 quae
629 4206 666 4272 in
701 4205 800 4272 nobis
835 4213 889 4274 est
922 4206 1038 4274 lumen
1074 4203 1334 4288 intellectuale,
1363 4227 1405 4272 ex
1435 4201 1521 4271 cuins

365 4311 606 4381 coniunctione
631 4337 707 4382 cum
732 4314 885 4382 veritate
909 4315 945 4380 in
963 4315 1066 4382 rebus
1082 4313 1196 4380 oritur
1212 4311 1419 4402 adaequatio
1434 4306 1519 4378 intel·

366 4422 476 4490 lectus
500 4444 576 4492 cnm
601 4444 638 4489 re
662 4443 723 4490 seu
746 4421 879 4492 veritas
903 4421 1073 4490 formalis.
1093 4421 1166 4489 Hoc
1194 4443 1276 4490 vero
1299 4420 1519 4490 lumsnestat
