3224 5068
911 361 949 374 -
970 330 1031 390 348
1051 361 1090 376 -

413 439 508 502 ctum
530 431 646 502 divini
662 437 866 522 conspectus
890 433 1121 503 immutabilis
1134 439 1172 502 et
1193 434 1310 502 eodem
1333 455 1469 523 semper
1491 433 1579 500 modo

412 565 448 612 se
471 541 634 610 habentis
657 545 711 610 est
726 542 770 608 ab
786 547 927 610 aeterno
949 542 1063 633 ipsum
1086 541 1180 608 reale
1195 565 1262 608 me
1278 563 1399 610 eorum
1422 541 1577 620 omnium,

412 671 501 743 quaa
523 649 616 716 fiunt
638 655 674 718 et
704 655 789 718 sunt
811 649 849 716 in
880 656 1054 740 tempore,
1079 649 1165 718 licet
1186 648 1278 716 illud
1309 673 1377 716 eece
1398 647 1438 715 in
1461 670 1498 715 se
1519 669 1578 714 non
1603 686 1604 736 3

410 758 543 827 existat
565 757 609 823 ab
632 771 783 837 aeterna·
806 757 889 848 quia
905 757 999 826 Deus
1018 781 1117 822 anon
1139 755 1320 824 secandam
1344 760 1451 822 triana
1466 771 1579 844 tenipu-

412 887 486 928 rum
508 864 722 944 varietatem,
740 886 808 928 non
824 861 930 928 aliter
952 885 1041 928 nanc
1061 862 1168 928 aliter
1191 877 1307 945 antea,
1326 886 1394 928 non
1410 859 1579 926 anamodo

412 969 590 1040 secundam
600 971 805 1058 saturantem
809 973 1089 1060 praescientiam,
1099 971 1209 1036 altero
1223 994 1298 1039 oero
1310 967 1580 1058 secundnmprae·

411 1093 535 1146 centem
558 1079 736 1144 seientiam
759 1081 939 1160 cosentit,
964 1077 1022 1146 sed
1043 1081 1159 1144 omnia
1182 1079 1307 1146 stabili
1329 1093 1361 1144 et
1383 1081 1580 1168 cenapiteeea
1604 1144 1605 1176 1

407 1187 607 1276 praesentia
638 1183 900 1274 comprehendit.
929 1211 945 1246 n
973 1184 1125 1272 Hined)
1157 1209 1226 1252 esse
1254 1208 1370 1254 rerum
1399 1184 1578 1254 secundun
1604 1177 1605 1260 J

412 1313 509 1360 suam
533 1287 894 1380 cognoscibilitatcm‚
920 1289 996 1358 sive
1026 1289 1092 1359 hoc
1115 1313 1256 1374 verum,
1281 1289 1372 1382 quod
1396 1289 1490 1358 tales
1512 1309 1576 1368 rae,
1604 1277 1605 1288 ¹

411 1398 502 1467 tales
525 1398 681 1498 actiones
704 1403 946 1466 creaturarum
970 1398 1213 1488 contingentes
1235 1398 1293 1466 vel
1319 1397 1428 1466 etiam
1458 1397 1577 1464 liberae

410 1527 474 1596 pro
497 1511 593 1573 certa
615 1503 782 1594 temporis
805 1503 1008 1573 differentia
1024 1505 1196 1591 existunt,
1214 1505 1279 1575 hoc
1296 1507 1441 1598 inquam
1465 1526 1577 1592 cogno

408 1849 484 1894 esse
508 1825 650 1894 divinae
671 1825 876 1895 intuitionis
900 1827 1094 1910 obiectum,
1120 1850 1198 1896 cum
1229 1849 1292 1895 sua
1322 1825 1452 1916 incipit
1482 1825 1576 1890 realia

409 1937 608 2002 emittentia.
627 1933 746 2018 Quare
768 1933 959 2003 existentia
973 1935 1126 2004 actualis
1141 1935 1179 2003 in
1194 1943 1347 2025 tempore
1369 1939 1426 2002 est
1450 1933 1574 2024 quidem

410 2043 515 2129 ratio,
541 2065 605 2112 cnr
627 2043 671 2111 ab
693 2047 835 2112 aeterno
858 2065 980 2112 verum
1004 2043 1074 2128 sit,
1100 2043 1207 2111 talem
1230 2067 1302 2112 rem
1326 2065 1389 2132 pro
1412 2041 1480 2110 tali
1502 2047 1573 2108 tem·
1606 2062 1607 2148 l

407 2151 501 2241 poris
524 2151 726 2220 differentia
748 2155 831 2219 actu
853 2151 1026 2237 existere;
1052 2157 1089 2220 st
1110 2151 1187 2220 ideo
1210 2150 1364 2220 actualis
1395 2147 1573 2217 existentia
1606 2151 1607 2234 l

408 2257 460 2327 rei
476 2259 684 2346 intempore
707 2263 762 2326 eat
783 2259 890 2344 ratio,
908 2282 971 2328 cur
994 2282 1050 2328 res
1073 2259 1191 2328 eadem
1214 2259 1265 2326 eit
1280 2258 1319 2325 in
1330 2263 1473 2326 aeterno
1488 2259 1572 2322 statu

410 2365 749 2456 cognoscibilitatis‚
775 2367 880 2435 ctiam
904 2368 986 2437 dum
1010 2391 1067 2438 res
1088 2369 1241 2437 nondum
1265 2373 1348 2436 actu
1370 2365 1512 2449 existit;
1539 2383 1571 2426 ac

408 2471 552 2564 proinde
584 2471 773 2541 existentia
802 2473 955 2543 actualis
978 2475 1016 2543 in
1046 2481 1199 2566 tempore
1222 2481 1277 2544 est
1308 2471 1483 2555 conditio,
1507 2469 1571 2536 sine

407 2600 477 2672 qua
507 2577 571 2646 illa
601 2577 790 2648 existentia
819 2603 888 2648 non
918 2589 1012 2650 esset
1040 2582 1211 2651 obiectum
1242 2587 1405 2650 aeternae
1436 2573 1569 2646 visionis

406 2682 562 2752 divinae.
587 2683 755 2752 Attamen
777 2683 920 2753 divinae
950 2685 1155 2756 intuitionis
1178 2687 1254 2755 sive
1278 2707 1383 2755 causa
1406 2684 1480 2752 sive
1502 2705 1567 2751 con·
1607 2673 1608 2688 ¹

407 2789 495 2858 ditio
510 2813 580 2858 non
595 2797 650 2860 est
664 2791 816 2860 actualis
839 2793 1030 2862 existentia
1053 2795 1116 2880 ita,
1136 2801 1177 2864 nt
1192 2817 1260 2862 nou
1284 2795 1333 2862 sit
1348 2793 1493 2862 intuitio
1507 2789 1567 2856 nisi

407 2905 480 2965 tum
504 2897 762 2988 primumcum
785 2923 841 2968 res
864 2899 955 2970 inse
978 2907 1061 2971 actu
1084 2903 1219 2971 existit.
1239 2901 1359 2992 Igitur
1382 2897 1566 2992 praesentia

406 3027 522 3073 rerum
556 3006 745 3076 seeundum
769 3031 837 3075 esee
871 3009 1104 3099 cognoscibile
1127 3009 1165 3078 in
1188 3009 1421 3094 aeternitate,
1446 3008 1567 3073 ratione

407 3113 584 3204 praeeedit
605 3115 775 3185 visionem
806 3117 984 3206 divinam3
1011 3119 1070 3188 sed
1094 3119 1218 3188 diviua
1242 3117 1334 3186 visio
1368 3139 1437 3185 non
1467 3113 1564 3181 solun

405 3220 541 3290 ratione
565 3245 685 3291 verum
708 3229 744 3292 et
768 3237 842 3292 tota
865 3229 1082 3310 aeternitate,
1106 3233 1149 3296 ut
1170 3225 1330 3319 loquitur
1352 3223 1563 3314 Augustinus

405 3326 497 3415 (Civ.
512 3327 578 3396 Dei
593 3329 679 3397 XII.
697 3329 783 3416 25.),
803 3332 983 3421 praecedit
1005 3333 1176 3402 actualem
1199 3355 1318 3403 rerum
1339 3331 1560 3402 existentiam.

407 3433 534 3502 Totam
558 3441 675 3524 potest
708 3437 857 3527 exprimi
889 3437 955 3510 hac
979 3440 1150 3517 formula:
1176 3443 1401 3508 coexistentia
1432 3435 1563 3506 actonis

405 3565 472 3607 non
504 3557 552 3608 eet
591 3541 741 3610 conditio
770 3549 962 3613 neceesario
991 3561 1150 3615 aetenae
1179 3550 1383 3615 interitionis
1418 3545 1562 3618 divinoe·

404 3649 591 3714 emittentia
603 3649 751 3718 actualis
772 3655 809 3717 in
834 3667 980 3744 tempore
995 3670 1045 3722 est
1066 3655 1336 3744 fundamentum
1358 3669 1561 3721 aeter-naetv-

402 3756 677 3842 9noscibilitatie
695 3773 727 3826 et
742 3760 926 3828 relationis
942 3761 988 3830 acl
1003 3765 1225 3831 intuitionem
1247 3763 1418 3846 dicium,-
1434 3763 1558 3829 eteieten·

403 3865 457 3928 tia
483 3863 633 3930 actualie
657 3864 836 3934 secandum
858 3869 1060 3937 relationem
1084 3871 1395 3960 coynoeoibilitatie
1416 3883 1559 3960 procem

403 3981 453 4033 eet
476 3972 681 4037 aeternitati
703 3971 844 4040 divinae
867 3977 934 4042 toti
957 3991 989 4043 et
1014 3977 1184 4046 totaliter.

470 4073 562 4145 Hinc
584 4083 694 4167 patet,
712 4081 880 4172 quomodo
903 4082 1003 4152 nulla
1025 4087 1075 4154 sit
1097 4085 1329 4154 contradictio
1352 4082 1460 4152 realis
1479 4081 1556 4150 inter

402 4181 471 4251 PP.
490 4181 660 4272 plurimos
683 4209 745 4256 suo
768 4187 843 4258 loco
867 4191 1074 4278 afferendos,
1100 4193 1161 4285 qui
1185 4195 1300 4262 solent
1322 4192 1489 4260 affirmare
1509 4182 1565 4251 no'

401 4284 559 4357 minutim
584 4289 625 4359 de
648 4293 786 4362 actibus
809 4295 931 4366 liberis
955 4304 1210 4370 creaturarum:
1226 4324 1296 4369 non
1310 4301 1388 4370 ideo
1402 4320 1473 4370 esse
1487 4291 1552 4362 illos

401 4400 513 4482 actus,
531 4397 615 4490 quia
630 4399 797 4472 videntur
819 4427 841 4474 a
862 4405 947 4493 Dao;
973 4407 1033 4476 sad
1056 4409 1133 4479 ideo
1157 4409 1284 4494 videri,
1303 4409 1388 4503 quia
1410 4411 1503 4491 sunt;
1524 4405 1552 4466 et
