3360 5060
901 377 940 392 ..
961 346 1023 408 092
1044 377 1082 392 -

405 452 464 520 sed
473 451 683 540 comparatio
694 452 897 522 instituitur
911 453 1004 519 inter
1016 448 1197 540 physicam
1209 451 1425 541 exigentiam
1437 473 1522 543 quse
1535 453 1567 521 in

403 558 479 626 luto
491 557 592 626 nulla
602 565 667 644 est,
677 565 717 626 ut
725 559 840 648 potius
852 559 884 627 ei
895 559 1150 648 superaddatur
1158 557 1309 647 pretium
1318 558 1569 651 insignisliqus

403 672 603 756 erte,quam
615 671 656 732 ut
672 664 896 756 relinquatur
915 665 1103 736 secundum
1115 686 1213 734 suam
1231 672 1394 734 naturum
1412 667 1503 734 srtis
1520 690 1569 734 ex-

405 793 484 862 pers
500 772 536 838 in
551 771 617 840 vili
630 794 743 856 urceo,
761 795 801 840 ac
813 773 906 842 inter
918 774 975 840 ius
985 773 1185 860 peccatoris,
1200 773 1290 863 qnod
1301 772 1443 840 nullum
1454 781 1519 857 est,
1536 781 1570 841 ut

405 901 466 968 per
479 879 544 946 Dei
556 879 811 949 misericordem
827 887 937 949 artem
951 883 1184 970 consequatur
1199 880 1571 971 gratiamsupernstu·

403 985 511 1052 ralem
526 992 564 1053 et
578 985 739 1075 gloriam,
757 1009 826 1054 non
843 1009 925 1055 vero
941 985 1163 1076 relinquetur
1178 986 1216 1053 iu
1231 993 1372 1076 peccato
1387 996 1427 1056 et
1442 995 1572 1078 propter

404 1098 583 1180 peccatum
607 1093 803 1162 destinetur
826 1095 870 1160 sd
894 1115 1048 1183 poenam.
1070 1122 1086 1156 a
1105 1093 1164 1160 As
1179 1118 1247 1159 son
1265 1094 1365 1161 tabet
1375 1109 1574 1184 potestates

398 1200 531 1290 fipulus
556 1201 624 1265 luti
648 1225 689 1266 em
713 1199 827 1267 ecdem
849 1225 962 1268 massa
981 1199 1102 1288 secere
1116 1201 1217 1267 aliud
1232 1201 1368 1292 quidem
1391 1227 1457 1268 uss
1473 1205 1511 1268 iss
1526 1204 1574 1266 lsa-

406 1331 537 1390 uorem,
570 1305 671 1372 aliud
692 1331 768 1374 uero
803 1311 839 1372 in
864 1309 1101 1374 contumeliam
1119 1336 1135 1372 s
1154 1308 1276 1396 (aliud
1302 1309 1500 1399 pretiosum
1522 1332 1574 1398 per

404 1420 513 1483 artem
552 1414 836 1504 superadditam,
866 1414 965 1483 aliud
998 1415 1069 1484 vile
1096 1415 1197 1485 iuxta
1223 1423 1388 1484 usturam
1417 1417 1576 1484 materiae

405 1521 496 1606 luti)
521 1545 556 1590 v.
583 1521 639 1590 21.

472 1629 640 1720 Sequitur
663 1635 694 1718 c)
718 1628 964 1698 similitudinis
988 1629 1194 1720 applicatio:
1216 1659 1232 1694 c
1251 1630 1342 1722 qaod
1362 1632 1397 1696 εἰ
1422 1631 1517 1696 Deus
1530 1653 1577 1696 sc·

405 1737 476 1802 lens
499 1735 671 1803 ostendere
694 1739 783 1802 iram
807 1751 839 1802 et
861 1752 977 1803 notam
995 1737 1117 1825 faeere
1135 1740 1328 1826 potentiam
1350 1761 1465 1818 suam,
1483 1739 1578 1802 susti·

403 1847 481 1910 nuit
505 1847 543 1910 ἐπ
566 1845 675 1911 multa
694 1847 874 1934 patientie
893 1840 936 1932 (ὲν
955 1841 1052 1931 solip
1068 1843 1276 1935 μακροὲνμιᾳ)
1295 1869 1377 1913 nasa
1397 1841 1480 1912 irae
1501 1857 1578 1935 apta

407 1947 653 2042 (κατηρτισμενα)
687 1955 725 2017 iss
752 1955 952 2034 interitum,
982 1967 1020 2018 ut
1047 1953 1235 2020 ostenderet
1266 1953 1415 2020 diuitias
1448 1955 1579 2044 yles-ise

404 2082 485 2125 suae
507 2061 544 2124 in
568 2083 650 2126 oasa
672 2061 951 2143 misericordiae,
976 2084 1064 2152 quae
1083 2065 1311 2150 praeparavit
1334 2064 1373 2128 iss
1394 2063 1575 2152 pluriores

409 2163 452 2252 (si
482 2189 697 2258 προητοιμασεν
732 2165 771 2240 εἰς
800 2161 911 2252 δοξαν)
949 2191 983 2236 v.
1017 2169 1074 2237 22.
1105 2170 1169 2256 (1).
1202 2169 1272 2238 Hic
1302 2169 1419 2260 quoad
1444 2193 1576 2260 expres

404 2273 517 2342 aiones
533 2274 694 2365 singulas
712 2304 728 2339 a
746 2297 832 2344 vasa
846 2276 883 2344 in
900 2277 1076 2362 honorem,
1095 2299 1181 2346 ress
1204 2275 1472 2346 misericordiae
1497 2299 1577 2369 quse

404 2383 631 2472 praeparavit
657 2384 693 2450 in
716 2384 865 2472 gloriam
888 2411 903 2445 n
936 2408 979 2453 ex
1007 2385 1243 2454 declaratione
1269 2385 1437 2475 Apostoli
1469 2385 1576 2475 ipsius

405 2497 489 2560 sunt
511 2491 551 2576 ii,
577 2514 662 2584 quos
685 2491 780 2560 Deus
804 2493 947 2560 vocavit
968 2513 1011 2560 ex
1028 2493 1170 2562 Iudaeis
1185 2498 1222 2562 et
1237 2493 1402 2584 gentibus
1420 2495 1469 2562 sd
1483 2494 1576 2562 fidem

403 2597 646 2668 christianam:
669 2623 790 2690 equos
812 2609 848 2670 et
871 2601 1014 2670 vocavit
1034 2624 1109 2688 nos,
1135 2625 1203 2670 nou
1226 2602 1339 2670 solum
1365 2625 1408 2671 ex
1442 2601 1575 2670 Iudaeis

403 2707 463 2777 sed
487 2707 592 2776 etiem
616 2730 658 2775 ex
673 2709 851 2798 gentibus.
872 2735 888 2770 n
908 2709 963 2777 Ex
982 2709 1148 2800 gentibus
1163 2716 1258 2794 sunt,
1277 2709 1319 2779 de
1335 2709 1470 2802 quibus
1481 2719 1576 2778 ansa

404 2814 555 2883 dictum:
581 2836 649 2884 non
672 2815 769 2905 plebs
792 2837 888 2900 mes,
921 2821 957 2884 et
990 2816 1051 2908 qui
1081 2839 1174 2884 nunc
1205 2823 1377 2886 vocantur
1399 2816 1474 2884 filii
1496 2815 1573 2901 Dei;

404 2921 582 2991 credentes
604 2945 645 2990 ex
669 2923 808 2991 Iudaeis
831 2930 926 3008 sunt,
945 2923 988 2991 de
1004 2923 1131 3014 quibus
1147 2924 1301 2993 dictum:
1323 2923 1499 3015 reliquiae
1515 2923 1576 2990 ssl-
1669 2971 1670 2998 1

405 3051 469 3100 vae
493 3029 606 3098 factae
630 3036 725 3114 sunt,
751 3035 788 3098 et
809 3029 978 3099 Dominus
1002 3031 1156 3099 Sabaoth
1179 3031 1328 3123 reliquit
1348 3033 1453 3100 nobis
1469 3053 1576 3100 semen

406 3135 461 3223 (h.
487 3159 516 3206 e.
540 3136 713 3205 «etiamsi
737 3137 927 3206 multitudo
950 3161 1018 3206 non
1035 3137 1236 3224 crediderit,
1256 3147 1371 3209 temen
1389 3139 1496 3228 pauci
1511 3160 1575 3207 cre

405 3243 529 3313 dentn
563 3244 599 3312 S.
626 3244 832 3334 Hieronym.
860 3243 904 3314 ed
935 3245 1075 3313 Hedibi.
1101 3244 1126 3314 l.
1153 3249 1220 3331 c.).
1253 3245 1302 3313 Hi
1332 3267 1395 3335 per
1425 3244 1573 3336 gretiam

407 3445 512 3500 versim
535 3447 731 3514 accipientum
754 3447 803 3500 sad
824 3447 899 3516 quod
921 3448 952 3500 in
981 3447 1044 3500 illis
1064 3425 1255 3517 opportunum
1272 3451 1319 3501 est
1338 3451 1369 3500 st
1388 3447 1424 3501 sd
1444 3446 1519 3516 quod
1536 3447 1573 3499 de
1669 3455 1670 3460 ’

406 3537 571 3592 clerandum
592 3543 754 3606 assumptae
774 3543 853 3604 sunt,
875 3543 988 3606 oportet
1009 3538 1139 3604 seligere,
1161 3538 1356 3606 reliqusrsrc
1375 3539 1474 3592 omnis
1494 3537 1574 3590 missa

405 3629 511 3684 iecere.
527 3651 539 3676 s

471 3715 513 3791 (1)
531 3719 565 3771 Iu
582 3719 792 3772 constructione
812 3717 999 3784 gremmstics
1016 3721 1122 3784 putant
1134 3717 1267 3786 plerique
1286 3718 1418 3786 suppleri
1437 3721 1571 3786 oportere:

407 3807 502 3876 «qnid
516 3807 665 3862 dieamus?
679 3829 691 3856 n
706 3811 753 3862 sel
773 3807 884 3876 sliquid
904 3807 1078 3863 huiusmodi.
1092 3807 1178 3862 llcrte
1197 3811 1295 3876 posset
1312 3807 1359 3861 hic
1371 3809 1532 3862 versiculus
1542 3807 1572 3857 22
1669 3831 1670 3856 r

404 3899 539 3964 coniungi
549 3913 610 3952 cum
622 3897 667 3951 20:
682 3901 739 3950 atu
753 3899 818 3966 quis
828 3914 858 3952 cs
869 3899 919 3966 qui
931 3897 1103 3966 respondeas
1124 3897 1213 3951 Deo...
1230 3897 1345 3952 sinsus
1364 3899 1471 3952 voleus
1490 3899 1572 3950 osteu-

405 3987 472 4042 dere
486 3987 559 4041 iram
580 3987 722 4041 sustinult
735 3989 765 4040 tn
790 3991 881 4043 mults
899 3989 1066 4056 patientias
1081 3991 1134 4042 eto.
1147 3987 1306 4042 ninculus
1320 3987 1351 4040 in
1363 3987 1417 4042 hoc
1428 3986 1507 4040 modo
1518 4000 1570 4039 eou-

405 4077 543 4143 luugsudi
564 4079 654 4132 solum
674 4079 777 4146 oritur,
799 4077 872 4146 quod
894 4093 992 4144 gruem
1014 4093 1070 4132 uon
1088 4080 1133 4130 est
1151 4077 1324 4145 simpliciter
1344 4078 1367 4130 ἐι
1387 4075 1470 4130 Seue»
1490 4073 1569 4131 esse

406 4165 455 4218 sed
474 4163 494 4220 ἐι
514 4171 539 4218 δε
559 4164 640 4220 teum
653 4189 674 4220 r..
684 4174 707 4220 λ.
722 4167 761 4221 At
774 4169 799 4220 si
820 4167 1043 4234 animadvertas,
1057 4167 1131 4222 haue
1143 4165 1316 4220 seutentiam
1330 4181 1386 4220 uon
1404 4164 1565 4226 insultu,

406 4254 456 4310 sod
476 4255 586 4310 custus
601 4257 669 4310 aliis
692 4258 845 4312 sententiis
864 4257 1049 4326 interpositis
1069 4258 1210 4325 subnecti,
1229 4258 1255 4310 si
1277 4257 1396 4326 iusuper
1416 4255 1566 4325 repauses

406 4361 462 4400 uon
485 4361 549 4402 raro
570 4348 637 4416 poni
658 4363 708 4416 pro
730 4354 759 4406 δη
778 4349 885 4416 utique,
906 4349 979 4402 ssim
998 4365 1073 4413 serm
1095 4347 1248 4404 difficultas
1268 4362 1324 4400 usu
1346 4347 1462 4402 videtur
1476 4355 1566 4410 ussus

407 4451 480 4490 sess.
