3292 5062
931 355 970 372 -
992 323 1052 386 176
1073 357 1111 372 -

434 413 572 516 gnosoit
601 424 790 496 meandum
817 427 953 496 modurn
980 429 1037 497 sui
1064 453 1151 512 case,
1181 451 1243 520 pro
1271 429 1395 522 quovis
1421 429 1609 499 intellectu

434 540 550 604 creato
566 533 736 603 obiectum
752 535 986 623 cognitionis,
1005 535 1206 606 notionibus
1221 537 1375 628 propriis
1390 545 1434 606 ut
1449 561 1511 608 rea
1526 539 1562 606 iu
1578 562 1610 606 se

433 647 499 726 est,
516 641 627 709 solum
643 647 847 731 potestesse
870 642 1007 736 aliquid
1023 652 1190 732 orcatnm;
1209 646 1407 714 absolutum
1424 668 1516 714 vero
1531 647 1612 713 Eue

434 747 671 818 tantummodo
692 771 896 838 cognoscere
921 757 1036 842 potest
1058 753 1249 822 secundnm
1275 754 1480 844 analogiam
1509 755 1611 823 huius

435 856 490 924 sui
508 855 641 946 proprii
665 855 802 942 obiecti,
822 857 966 950 ideoque
990 881 1058 926 uon
1086 859 1273 930 secundum
1300 860 1439 930 modum
1465 867 1510 929 ut
1532 861 1612 928 Esse

435 962 632 1032 absolutum
654 962 692 1030 in
708 985 745 1032 se
771 969 836 1050 est;
855 970 961 1056 etque
976 964 1042 1034 hoo
1056 965 1132 1055 ipso
1148 965 1240 1035 illud
1262 987 1330 1034 non
1354 973 1478 1057 potest
1493 989 1610 1056 cogno·

435 1091 529 1139 scere
556 1069 753 1138 immediate
769 1070 807 1138 in
825 1092 861 1139 sc
877 1071 953 1162 ipso
969 1071 1029 1142 sed
1051 1073 1163 1141 solum
1185 1095 1248 1163 per
1269 1073 1382 1143 aliud.
1401 1074 1486 1156 Quo
1501 1079 1608 1142 tamen

340 1229 347 1241 .
435 1177 628 1268 perfectius
643 1183 698 1246 est
713 1199 780 1244 ease
794 1185 988 1262 creaturae,
1011 1178 1047 1246 h.
1067 1189 1098 1249 e.
1117 1201 1185 1272 quo
1201 1179 1432 1272 propinquior
1461 1179 1609 1248 imitatio

436 1285 548 1374 ipsius
560 1285 648 1352 Esse
659 1283 786 1369 divini,
804 1306 843 1352 eo
859 1285 1049 1374 perfectior
1060 1293 1116 1355 est
1126 1287 1203 1356 eiua
1218 1287 1424 1356 intellectus
1436 1294 1477 1357 et
1488 1309 1529 1356 eo
1540 1311 1607 1377 per-

434 1393 561 1462 fectior
575 1393 651 1462 eius
667 1393 788 1462 modus
799 1393 1039 1483 cognoscendi,
1054 1401 1096 1462 ut
1118 1417 1161 1463 ex
1180 1394 1287 1464 dictis
1303 1395 1549 1487 consequitur;
1561 1400 1606 1462 at-

435 1521 501 1590 quc
523 1498 600 1568 idco
621 1499 727 1568 etiam
754 1521 793 1568 eo
819 1499 1005 1590 perfectior
1020 1501 1143 1570 modus
1168 1499 1351 1590 analogice
1377 1500 1604 1592 cognoscendi

435 1607 549 1698 ipsum
572 1607 660 1674 Esse
674 1606 884 1676 absolutum.

499 1713 1248 1784 Gor-ollariomllxhactenusdemoustratis
1261 1717 1604 1810 patet,quidrespou-

433 1821 582 1891 dandum
598 1821 647 1890 sit
662 1822 706 1890 etl
722 1821 978 1914 quaestionem,
997 1845 1100 1916 quem
1115 1821 1327 1893 Scholastici
1356 1824 1468 1914 paulo
1498 1845 1600 1892 receu-

433 1929 541 1998 tioras
556 1951 705 2014 movere,
723 1936 760 1998 et
774 1952 841 1997 non
858 1953 973 2002 omnes
989 1953 1060 2000 uno
1074 1931 1173 2000 modo
1187 1931 1322 2000 solvere
1337 1931 1475 2000 solent:
1493 1937 1600 1997 atrum
1626 1983 1627 1986 ,

430 2037 610 2126 possibilis
634 2036 683 2104 sit
697 2042 871 2121 creatura,
899 2037 958 2106 cui
984 2039 1076 2106 visio
1098 2039 1164 2108 Dei
1191 2038 1391 2107 immediata
1416 2043 1526 2129 atque
1546 2035 1599 2101 hoc

435 2144 511 2234 ipso
526 2142 672 2212 intuitio
695 2143 811 2212 divini
833 2145 922 2213 Esse
948 2151 990 2212 ut
1016 2145 1054 2212 in
1081 2167 1118 2213 se
1144 2151 1210 2230 est,
1228 2143 1524 2214 foretnaturalis.
1542 2141 1599 2208 lm·
1626 2163 1627 2168 ¹

434 2249 558 2341 primis
585 2250 789 2340 Scripturas
819 2256 855 2319 et
876 2251 1000 2320 Patres
1026 2251 1219 2320 universim
1244 2251 1420 2319 affimant
1448 2245 1596 2319 invisibi·
1626 2269 1627 2280 ¹

435 2357 573 2426 litatem
587 2369 605 2439 ‚'
621 2361 658 2424 et
683 2362 816 2446 negant
841 2357 1038 2426 naturalem
1071 2357 1317 2426 visibilitatem
1340 2379 1425 2446 prae
1451 2354 1597 2425 omnibns

435 2464 609 2534 creaturis
636 2485 704 2532 uon
726 2463 838 2530 solum
870 2465 1030 2530 lictor-icc
1061 2471 1103 2533 ut
1130 2464 1270 2552 sactum
1292 2463 1481 2534 inordina
1511 2481 1594 2552 prae
1626 2485 1627 2560 ι

434 2571 549 2658 aeuti;
575 2571 634 2640 sed
658 2573 898 2660 metaphysica,
915 2594 956 2639 ex
981 2572 1059 2662 ipsa
1080 2571 1274 2641 intrinseca
1296 2572 1433 2640 ratione
1451 2572 1539 2638 aar&
1553 2565 1595 2632 di
1626 2625 1627 2646 ,

433 2681 511 2746 cini
524 2729 533 2762 ,
557 2700 627 2772 qua
654 2678 696 2747 lit
726 2683 767 2746 ut
796 2677 882 2746 haec
909 2678 1001 2746 visio
1024 2678 1197 2748 intuitiva
1232 2681 1300 2746 soli
1327 2680 1397 2746 Deo
1427 2682 1479 2746 ait
1507 2689 1593 2742 noto-
1626 2677 1627 2738 f

432 2787 534 2856 rolin.
550 2787 639 2857 Tum
654 2787 778 2856 Patres
793 2809 834 2855 ex
858 2783 1068 2857 diversitate
1087 2791 1177 2856 cotia
1193 2787 1308 2856 divini
1330 2795 1367 2858 et
1379 2792 1472 2856 meio
1487 2783 1592 2859 creati,

432 2899 536 2986 atque
563 2916 606 2962 ex
628 2893 706 2984 ipsa
727 2900 856 2962 natura
875 2901 975 2964 actus
994 2891 1235 2984 cognoscentis
1258 2894 1429 2964 rationem
1455 2892 1593 2964 ulterius
1626 2907 1627 2978 ᾗ

434 3000 613 3092 explicant
646 3001 749 3070 iuxta
787 3001 1021 3092 principium:
1057 3001 1227 3095 quidquid
1261 3002 1521 3088 (naturaliter)
1550 3017 1593 3066 co

434 3109 628 3199 gnoscitur‚
646 3109 834 3178 secuudum
851 3109 987 3178 modum
1011 3109 1251 3200 cognoscentis
1267 3111 1503 3200 cognoscitur.
1515 3105 1592 3174 Hinc
1626 3117 1627 3126 ’

433 3215 603 3284 obiectum
630 3215 808 3306 proprium
834 3221 871 3285 ct
896 3215 1133 3284 immediatum
1163 3217 1374 3307 cognitionis
1403 3213 1587 3290 naturalis,
1626 3225 1627 3268 ἓ

434 3327 470 3390 et
496 3344 566 3412 qua
595 3329 824 3412 cognoscatur
854 3321 1025 3391 obiectum
1060 3329 1102 3392 ut
1132 3323 1168 3390 iu
1197 3345 1233 3392 se
1260 3329 1333 3406 est,
1366 3345 1448 3414 prae
1482 3315 1590 3414 quovis

433 3429 617 3499 intellectu
641 3429 765 3499 saltem
788 3429 826 3499 in
855 3430 998 3522 propria
1024 3431 1160 3500 ratione
1184 3435 1272 3498 entis
1296 3432 1397 3502 debet
1420 3427 1587 3502 convenire
1626 3413 1627 3426 ¹

433 3560 510 3606 cum
538 3543 667 3605 natura
693 3537 951 3627 cognoscentis;
970 3561 1025 3632 ox⁴
1042 3539 1108 3608 hoo
1131 3539 1256 3608 deinde
1286 3539 1345 3608 vel
1369 3540 1406 3608 in
1433 3541 1498 3608 hoc
1512 3531 1586 3604 oble

433 3649 488 3712 cto
510 3643 651 3734 proprio
673 3651 931 3734 cognoscuntur
954 3645 1070 3712 omnia
1094 3643 1230 3736 reliqua
1253 3649 1310 3732 (ut
1324 3645 1429 3735 paulo
1454 3649 1532 3712 anta
1545 3637 1585 3705 di·

430 3748 572 3835 ximus):
600 3750 771 3820 iuferiora
796 3751 962 3820 nimirum
987 3751 1242 3841 intelliguntur
1267 3752 1367 3820 modo
1401 3743 1584 3843 perfectiori

428 3879 531 3950 quam
547 3858 584 3926 in
610 3880 648 3926 se
670 3863 773 3942 sunt;
792 3879 881 3950 quoe
906 3880 990 3926 varo
1017 3865 1094 3927 tota
1115 3859 1252 3928 ratione
1276 3859 1369 3928 entis
1391 3867 1476 3928 sunt
1496 3871 1585 3943 supro

427 3970 591 4033 naturam
619 3965 871 4056 cognoscentis,
896 3966 1058 4056 cognosci
1080 3988 1149 4033 nou
1176 3973 1323 4057 possunt
1355 3967 1426 4034 uisi
1453 3961 1581 4034 mediatt

429 4079 466 4143 et
488 4074 675 4142 secundum
695 4073 893 4162 analogiam
919 4074 1033 4164 ipsius
1060 4074 1188 4142 obiecti
1214 4073 1349 4165 proprii
1377 4065 1579 4164 cognitionis·

430 4179 548 4261 Quare
563 4185 737 4262 creatura,
755 4180 814 4248 cni
829 4178 1006 4248 naturalis
1022 4181 1115 4249 forst
1129 4177 1330 4248 immediata
1346 4179 1491 4248 intuitio
1505 4169 1579 4243 eutis

430 4285 545 4357 divini
562 4293 599 4356 et
613 4293 656 4356 ut
670 4288 709 4356 in
724 4309 761 4356 se
778 4294 844 4371 est,
870 4287 1010 4356 deberet
1024 4309 1099 4358 esse
1114 4289 1153 4356 in
1166 4287 1284 4356 eadem
1300 4287 1439 4355 ratione
1456 4285 1536 4354 estc
1547 4295 1579 4342 et
1626 4353 1627 4364 ¹

432 4398 488 4462 est
510 4416 567 4460 sor
590 4391 762 4476 divinum,
788 4399 893 4484 atque
915 4393 1000 4462 adeo
1023 4416 1092 4462 uon
1115 4399 1208 4463 esset
1230 4399 1394 4462 ematura
1417 4395 1477 4462 sed
1490 4391 1573 4459 Deos·
1626 4385 1627 4472 Q
