3230 5072
531 359 711 420 -443-

44 471 168 555 poterat
196 487 265 533 non
297 486 438 554 peccare
469 465 506 532 in
537 489 634 532 sense
665 468 847 555 composito
877 489 954 534 oum
986 466 1200 555 hypothesi,
1317 473 1323 490 '

43 594 132 662 qnam
155 569 381 661 hypothesim
397 570 471 660 ipse
487 569 596 640 libere
612 571 800 656 efficiebat,
816 571 968 652 conceda·
981 595 1049 640 non
1066 577 1204 662 poterat

42 681 173 746 ineman
186 676 297 745 diuiso
311 685 428 770 (qnam
445 679 651 748 divisionem
667 679 742 769 ipse
758 681 874 748 iacere
889 681 1087 770 potuisset),
1102 703 1203 769 neqo,·

42 788 88 856 vel
109 789 179 856 alio
202 788 313 856 modo:
334 811 403 856 non
426 792 567 877 poterat
595 811 638 857 ex
673 789 880 878 impotentia
911 803 1129 878 consequente
1158 789 1202 857 ad

39 895 174 963 liberum
185 901 314 979 aetum,
322 893 549 977 caneed05non
562 902 748 984 poteratex
757 895 964 986 impotentia
975 895 1201 980 antecedente,

39 1027 123 1091 nepo.
143 1003 282 1072 Pariter
306 1025 515 1094 consequens
538 1004 725 1072 seeundum
750 1002 939 1093 dietinqao:
958 1025 1096 1072 necesse
1111 1010 1199 1089 erat,

39 1115 73 1176 ut
93 1109 193 1178 lieret
215 1116 394 1200 peccatum
417 1109 624 1178 necessitate
646 1109 685 1177 in
708 1133 804 1176 senen
830 1114 1010 1200 composito
1035 1135 1112 1182 cum
1136 1111 1204 1201 hy-

40 1217 166 1304 pothesi
178 1218 348 1307 pendente
360 1218 404 1285 ab
415 1218 491 1286 eius
502 1217 678 1302 libertate,
693 1217 750 1286 vel
763 1218 971 1287 necessitate
987 1233 1204 1310 consequente

40 1323 77 1390 ad
98 1323 244 1392 liberam
269 1331 396 1409 actum,
425 1325 482 1394 vel
506 1325 716 1394 necessitate
741 1328 1017 1416 consequentiae,
1039 1325 1203 1409 concedo,-

40 1453 167 1499 neoesse
190 1439 268 1500 erat
289 1433 326 1498 in
349 1456 446 1498 sensa
470 1431 580 1498 diuiso
604 1433 789 1522 (pendente
812 1433 986 1502 divisione
1009 1435 1053 1502 ab
1068 1434 1144 1502 eius
1158 1433 1201 1502 li·

40 1538 191 1625 bertate),
206 1539 264 1608 vel
285 1539 495 1608 necessitate
518 1539 745 1622 antecedente,
772 1539 827 1608 vel
857 1541 1067 1609 necessitate
1093 1564 1201 1607 conee-

39 1645 178 1729 quentis,
192 1667 290 1731 nepo.

94 1749 347 1818 Distinetiones
371 1754 652 1818 commemoratae
675 1749 787 1840 quoad
804 1751 912 1818 verba
934 1750 1104 1819 debentur
1125 1751 1202 1842 qui·

39 1857 103 1924 dem
124 1857 300 1946 theologis
324 1857 483 1940 Scholae,
498 1857 658 1926 doctrina
682 1879 764 1925 vero
787 1857 865 1945 ipsa
879 1879 948 1925 non
965 1858 1081 1926 minus
1104 1857 1202 1926 lucu·

38 1963 141 2032 lenter
154 1963 331 2054 explicata
345 1972 400 2033 est
411 1987 432 2030 a
448 1964 511 2032 SS.
531 1964 709 2048 Patribus,
729 1966 933 2056 utquisque
949 1965 1053 2033 facile
1068 1965 1201 2034 intelli·

39 2079 101 2158 get,
119 2074 151 2140 si
173 2073 325 2142 recolere
347 2073 503 2142 voluerit
524 2073 725 2142 testimonia
747 2093 855 2162 supra
878 2073 930 2142 th.
949 2073 1065 2141 XLII.
1079 2097 1114 2140 n.
1129 2073 1199 2142 III.

39 2177 216 2269 descripta.
229 2179 442 2268 Expressius
465 2179 509 2247 ad
533 2178 806 2248 collustrandum
824 2179 1040 2248 concordiam
1063 2183 1202 2248 nostrae

38 2286 205 2356 libertatis
228 2309 306 2356 cum
329 2286 560 2378 praescientia
582 2293 619 2355 et
633 2286 951 2377 praedestinatione
966 2287 1032 2356 Dei
1049 2287 1201 2355 188888-

39 2393 104 2459 dem
128 2392 373 2460 distinctiones
395 2392 482 2460 lieet
504 2393 621 2460 verbis
638 2393 742 2482 paulo
765 2391 870 2461 aliter
892 2393 1032 2462 inflexis
1048 2393 1200 2461 tradide-

38 2506 115 2568 runt
135 2500 304 2570 Boethius
327 2501 368 2569 de
391 2499 527 2569 Consol.
547 2497 625 2568 l.V.
643 2521 735 2590 pros.
756 2500 789 2568 6.
805 2499 847 2568 Τ.
864 2500 915 2568 H.
927 2524 961 2589 p.
978 2499 1079 2568 1116.
1096 2498 1198 2586 11161

39 2606 123 2676 Beda
138 2633 194 2700 qq.
214 2608 346 2678 varior.
362 2633 395 2699 q.
411 2607 466 2675 16.
482 2608 524 2676 P.
539 2607 640 2675 VIII.
656 2631 690 2696 p.
709 2607 893 2700 4888111
912 2605 1199 2676 Α88818881.68

38 2713 193 2784 6888886.
207 2715 271 2784 lib.
287 2714 429 2784 arbitrii
447 2737 522 2784 cum
539 2716 747 2804 praescierit.
762 2716 974 2806 praedestin.
999 2723 1035 2786 et
1057 2717 1198 2806 gratia,

39 2823 90 2911 qui
112 2824 204 2892 inter
227 2829 342 2892 cetera
357 2847 389 2916 q.
406 2825 439 2890 1.
458 2845 488 2892 a.
502 2822 632 2891 these
646 2822 762 2891 habet.
783 2852 801 2888 a
817 2823 857 2891 Si
880 2822 959 2914 quis
982 2823 1200 2893 intellectum

39 2930 127 2996 verbi
148 2931 289 3020 proprie
311 2929 520 3016 considerat3
535 2927 600 2997 hoc
615 2928 692 3018 ipso
708 2929 798 3020 quod
813 2929 981 3020 praesciri
998 2929 1133 3020 aliquid
1149 2929 1201 3000 di·

40 3035 133 3122 citnr,
147 3039 308 3105 futurum
331 3058 405 3104 esse
428 3036 698 3124 pronuntiatur:
720 3059 788 3103 non
811 3036 902 3104 enim
925 3035 995 3103 nisi
1027 3035 1117 3128 (1886
1146 3038 1200 3105 fu·

39 3151 146 3212 turum
170 3153 235 3228 eet,
261 3144 472 3234 praescitur,
498 3144 580 3234 quia
603 3143 751 3212 scientia
772 3167 840 3211 non
863 3151 917 3212 est
933 3144 1004 3212 nisi
1022 3143 1198 3213 veritatis.

41 3247 145 3328 Quare
168 3273 246 3319 oum
269 3249 359 3334 dico,
374 3248 468 3340 quia,
487 3249 519 3316 si
541 3249 693 3338 praescit
714 3249 810 3317 Deus
833 3249 981 3342 aliquid,
995 3273 1132 3319 neeesse
1148 3255 1203 3318 est

40 3356 118 3427 illud
140 3381 215 3428 esse
238 3359 411 3446 futurnm3
426 3358 516 3425 idem
540 3364 594 3425 est
616 3379 656 3426 ao
678 3357 710 3425 si
733 3357 858 3425 dicam:
876 3357 907 3425 si
929 3357 1011 3442 erit,
1029 3381 1072 3426 ex
1086 3379 1200 3427 neces·

41 3463 133 3533 unta
155 3467 236 3535 erit.
253 3465 321 3536 Sed
344 3464 429 3534 haec
450 3465 640 3535 necessitas
661 3487 729 3531 non
753 3463 849 3553 cogit
869 3485 932 3534 neo
954 3464 1116 3554 prohihet
1137 3463 1201 3531 ali-

41 3573 112 3660 quid
135 3597 221 3658 esse,
239 3579 304 3641 aut
325 3595 394 3640 non
417 3595 533 3642 esse...
559 3573 647 3642 Nam
671 3595 748 3642 cum
776 3572 865 3640 dico:
891 3573 923 3641 si
945 3572 1034 3659 erit,
1055 3571 1201 3641 necessi·

40 3683 102 3746 tate
112 3681 190 3766 erit;
202 3679 261 3748 hic
272 3682 429 3771 sequitur
439 3681 618 3745 neceeeitas
626 3681 679 3744 rei
685 3681 904 3768 positionem,
915 3703 983 3744 non
987 3679 1199 3768 praecedite

41 3781 142 3856 Simili
166 3789 239 3858 fere
262 3787 361 3856 modo
384 3791 651 3877 argumentatur
667 3786 838 3855 Albertus
861 3785 909 3854 hi.
924 3785 1084 3855 Summas
1107 3787 1146 3854 P.
1165 3785 1198 3853 l.

42 3915 68 3980 q.
84 3893 134 3962 61.
151 3919 196 3964 m.
212 3897 244 3983 81
255 3896 429 3964 Alexand.
448 3894 591 3963 Halens.
608 3897 648 3963 P.
665 3895 697 3962 1.
713 3919 747 3986 q.
762 3895 818 3964 24.
834 3919 879 3963 m.
899 3894 932 3979 53
950 3893 986 3961 S.
1003 3893 1197 3961 Benevent.

42 3999 154 4072 16181.
169 4003 226 4071 68.
241 4026 274 4071 8.
292 4003 325 4072 2.
342 4029 375 4096 q.
394 4001 427 4071 1.
443 4001 487 4071 ad
504 4001 537 4089 13
553 4001 589 4070 S.
606 4001 726 4070 Phom.
746 4001 788 4071 de
813 3999 918 4071 verit.
934 4025 967 4090 q.
980 3998 1013 4067 2.
1030 3999 1133 4086 e.12;
1159 3999 1201 4068 68

43 4107 117 4178 8818
138 4136 170 4202 q.
182 4111 237 4178 16.
249 4133 280 4177 8.
301 4111 334 4177 7.
350 4109 394 4177 86
419 4108 473 4196 153
488 4115 581 4177 cont.
601 4115 696 4197 gent.
711 4107 737 4177 1.
756 4109 786 4176 Ι.
798 4129 828 4176 8.
848 4108 903 4193 671
922 4107 970 4174 ci.
989 4104 1022 4172 1.
1040 4105 1124 4174 dist.
1138 4105 1195 4174 40.

44 4235 70 4301 q.
82 4213 111 4281 6.
129 4247 144 4280 a
161 4217 386 4306 contingens,
402 4214 519 4307 inquit
541 4215 597 4300 (68
621 4214 726 4283 verit.
745 4213 770 4282 l.
787 4237 816 4283 c.
835 4214 879 4282 86
902 4213 968 4300 2.),
986 4215 1140 4282 refertur
1156 4211 1200 4280 ad

46 4317 181 4394 divinam
205 4324 451 4414 cognitionem,
466 4321 653 4391 88888688
669 4321 760 4412 (1886
777 4321 918 4410 ponitur
933 4343 1007 4389 8888
1024 4319 1061 4387 in
1084 4341 1200 4386 rerum

46 4435 164 4520 ustura,
189 4457 231 4504 ex
249 4453 317 4525 (188
332 4440 446 4502 88188
470 4437 537 4516 881,
552 4451 620 4500 888
644 4435 758 4519 potest
773 4449 842 4499 non
857 4451 931 4498 esse
948 4434 1044 4515 18881
1063 4425 1200 4518 quando
