3262 5076
905 408 942 420 -
964 377 1024 438 520
1046 407 1082 420 ..

408 481 593 552 nouorum
619 481 828 564 infantium,
860 482 919 572 qui
943 489 1057 550 tamen
1081 481 1184 571 culpa
1208 481 1386 549 hominum
1420 501 1487 547 nen
1509 478 1566 544 sal·
1628 535 1629 564 ,

404 597 544 672 rentur,
571 593 624 654 est
640 587 979 674 manifestissimum
999 595 1102 680 atque
1119 588 1204 658 adeo
1221 587 1567 656 manifestissimaeet
1628 585 1629 590 ’

402 695 514 786 quoad
532 694 594 760 hos
612 695 765 762 infantes
782 697 987 764 antecedens
1004 703 1147 764 actuosa
1158 696 1224 765 Dei
1237 696 1419 778 voluntas,
1434 693 1567 762 utaelvi

401 801 506 868 liant:
544 803 703 892 quamvis
726 824 794 868 non
825 803 874 870 sit
898 802 1064 870 voluntas
1087 804 1294 872 antecedens
1323 803 1492 870 absoluta
1518 799 1567 866 sed

401 909 465 974 sub
489 908 696 992 conditione,
722 910 754 976 si
771 910 926 980 homines
949 935 990 979 ex
1017 917 1116 999 parte
1140 934 1205 980 ana
1229 910 1374 979 divinae
1398 907 1567 978 voluntati

401 1017 685 1102 obsecundarent,
713 1025 753 1086 ut
775 1028 915 1109 possent
939 1043 979 1090 ac
1002 1021 1189 1106 deberent,
1214 1027 1250 1088 et
1273 1018 1441 1111 quamvis
1464 1038 1566 1085 conse

400 1131 545 1216 quanter
561 1125 604 1194 ad
622 1126 798 1194 contraria
815 1129 909 1196 facta
925 1127 1099 1196 hominum
1118 1129 1219 1222 Deus,
1229 1127 1419 1217 permittat
1434 1131 1565 1192 mortem

399 1230 435 1298 in
459 1239 598 1321 peccato
621 1233 800 1324 originali,
820 1241 923 1328 atque
941 1235 1006 1304 hac
1024 1235 1187 1326 praevisa
1202 1257 1270 1302 non
1292 1235 1384 1302 velit
1398 1235 1567 1300 volentate

399 1357 617 1432 consequente
638 1365 753 1410 eorum
780 1343 968 1412 infantium
994 1343 1154 1413 salutem.
1181 1342 1220 1412 Si
1244 1341 1356 1432 quoad
1376 1342 1508 1408 multos
1522 1341 1565 1405 in·

398 1446 525 1530 fantes,
552 1447 612 1539 qui
637 1449 752 1537 reipsa
774 1450 943 1518 excidunt
966 1457 1108 1518 aeterna
1131 1448 1364 1532 beatitudine,
1390 1447 1464 1537 ipsi
1487 1445 1565 1513 satis

397 1555 631 1646 intelligimus
655 1559 802 1642 modum,
829 1583 897 1651 qno
921 1559 1015 1628 Deus
1040 1560 1262 1628 antecedente
1286 1557 1476 1626 voluntate
1499 1577 1565 1644 pro·

397 1673 564 1756 sequatur
587 1687 703 1732 eornm
729 1666 895 1752 salntem;
925 1691 994 1734 non
1017 1673 1071 1736 est
1094 1691 1277 1757 magnum,
1303 1667 1335 1734 si
1358 1665 1566 1734 confidenter

396 1772 467 1838 Deo
483 1772 577 1838 iusto
600 1793 640 1840 ac
658 1773 743 1840 bono
758 1776 1008 1844 committimus
1024 1776 1161 1844 modum
1186 1775 1292 1844 huius
1316 1771 1567 1864 prosecutionis
1629 1851 1630 1854 Ἴ

395 1877 523 1946 salutis
548 1879 660 1970 quoad
684 1905 794 1948 omnes
818 1882 984 1966 infantes,
1011 1881 1070 1950 ubi
1087 1906 1149 1951 nos
1167 1883 1266 1951 illum
1284 1882 1423 1950 modum
1441 1881 1481 1948 in
1497 1900 1564 1968 par·

394 1985 537 2053 ticulari
563 1987 763 2078 intelligere
786 2012 853 2056 non
879 2013 1072 2078 possumus,
1093 1997 1275 2082 postquam
1298 1987 1496 2079 generatim
1513 2007 1563 2050 vo

394 2091 513 2160 luntas
537 2094 665 2162 salutis
689 2095 839 2164 omnium
864 2119 885 2162 a
909 2099 980 2166 Deo
1004 2099 1079 2188 ipso
1104 2099 1221 2166 verbis
1243 2105 1279 2166 et
1295 2097 1403 2166 factis
1421 2093 1563 2186 splendi-

393 2199 533 2268 dissime
555 2201 655 2268 nobis
680 2205 905 2272 manifestata
927 2211 993 2273 est.

459 2308 536 2374 Non
561 2307 687 2376 desunt
710 2335 838 2399 graves
861 2313 1028 2402 theologi,
1049 2313 1110 2404 qui
1125 2312 1250 2382 docent
1274 2311 1364 2380 velle
1388 2311 1502 2379 Deum
1524 2307 1562 2374 ed

393 2421 644 2483 sacramentum
662 2422 698 2484 et
713 2417 1025 2487 sanctificationem
1041 2425 1076 2488 et
1092 2427 1340 2509 consequenter
1356 2417 1401 2484 ad
1417 2415 1558 2484 alutem

392 2523 578 2612 perducere
603 2544 718 2592 omnes
742 2527 878 2594 omnino
906 2529 1083 2611 infantes,
1109 2529 1170 2618 qui
1194 2549 1231 2596 re
1255 2528 1333 2616 ipsa
1363 2527 1401 2594 in
1426 2529 1559 2612 peccato

391 2630 558 2720 originali
582 2632 792 2716 moriuntur,
817 2635 887 2700 nisi
910 2659 972 2724 per
988 2635 1118 2703 liberas
1133 2634 1287 2703 actiones
1302 2633 1482 2700 hominnm
1498 2637 1558 2696 sta·

390 2747 464 2806 ret:
490 2743 594 2830 atque
618 2739 670 2808 ita
693 2743 924 2812 conditionem
948 2745 1100 2834 subque
1114 2744 1208 2810 Deus
1225 2740 1472 2810 antecedenter
1487 2735 1557 2806 vult

391 2847 541 2913 omnium
566 2848 794 2936 parvulorum
819 2851 980 2935 salutem,
1007 2859 1174 2921 revocant
1196 2851 1241 2919 ad
1264 2849 1355 2918 hanc
1378 2871 1495 2931 unam,
1519 2846 1555 2912 ad

389 2953 533 3022 liberam
553 2955 688 3024 scilicet
704 2959 975 3046 cooperationem
992 2959 1180 3028 hominnm.
1196 2959 1253 3026 Ita
1269 2957 1395 3026 docent
1409 2951 1554 3024 Aer-ubal

389 3059 426 3126 in
443 3059 474 3126 1.
495 3061 533 3126 Ρ.
553 3061 643 3152 disp.
658 3063 714 3132 91.
730 3089 759 3133 c.
771 3064 804 3132 3.
819 3065 853 3151 43
866 3065 990 3135 Herice
1003 3067 1093 3157 disp.
1110 3065 1165 3134 35.
1180 3089 1210 3134 o.
1226 3065 1260 3134 2.
1279 3089 1314 3134 n.
1329 3064 1456 3148 27-293
1472 3062 1554 3130 lter·

388 3169 486 3236 timon
511 3169 601 3260 disp.
620 3171 676 3238 20.
693 3179 778 3240 sect.
794 3173 829 3241 4.
843 3198 878 3242 n.
894 3175 950 3260 383
975 3173 1101 3242 Kilber
1125 3175 1175 3262 (in
1199 3173 1320 3241 Theoi.
1335 3173 1551 3256 Wirceburg.

388 3277 430 3346 de
454 3279 525 3346 Deo
549 3280 639 3369 disp.
655 3279 718 3346 IV.
738 3304 768 3350 c.
783 3281 817 3348 2.
832 3304 865 3349 a.
880 3281 914 3349 3.
930 3283 971 3350 Τ.
987 3282 1035 3349 II.
1059 3307 1092 3370 p.
1108 3281 1186 3350 195.
1205 3287 1286 3372 sq.).
1309 3281 1365 3350 Cf.
1387 3279 1551 3348 Andrean

388 3385 486 3474 Vega
509 3385 551 3454 de
575 3387 725 3456 Iustific.
744 3387 769 3456 l.
786 3389 830 3456 V.
851 3413 881 3458 c.
898 3391 953 3457 16.
973 3391 1016 3458 ad
1034 3389 1155 3476 finem;
1174 3388 1380 3458 Bellarmin.
1399 3386 1443 3456 de
1458 3386 1550 3454 Gret.

386 3501 422 3561 et
446 3493 506 3560 lib.
523 3495 596 3562 arb.
612 3493 637 3562 l.
650 3495 697 3564 ΙΙ.
718 3521 747 3564 e.
763 3498 797 3563 ὅ.
824 3496 862 3564 Si
887 3497 976 3566 hauc
999 3497 1206 3566 sententiam
1223 3505 1428 3586 putaremus
1451 3513 1550 3561 neces·

386 3599 514 3667 sariam
545 3600 589 3668 ad
621 3603 869 3672 defendendam
902 3605 1160 3673 antecedentem
1185 3602 1403 3672 voluntatem
1434 3597 1549 3670 salutis

385 3709 536 3776 omnium
561 3707 765 3794 infantium,
793 3711 943 3779 libenter
958 3731 1031 3779 eam
1049 3711 1348 3800 amplecteremur.
1366 3710 1455 3778 Cum
1469 3707 1547 3776 euim

384 3837 425 3882 ea
448 3817 663 3884 universalis
692 3819 857 3886 voluntas
888 3819 1093 3888 antecedens
1117 3827 1211 3888 cento
1234 3819 1490 3886 demonstretur
1510 3835 1545 3881 ex

387 3922 546 3992 doctrina
571 3925 778 4014 Scripturae
803 3931 838 3994 et
862 3928 1018 4010 Petrum,
1037 3929 1071 3994 in
1089 3926 1155 3995 bac
1178 3928 1255 4016 ipsa
1278 3926 1441 3994 doctrina
1455 3924 1544 3993 etiam

383 4031 623 4101 contineretur
646 4032 730 4102 talis
756 4033 876 4102 modus
900 4033 1096 4102 voluntatis
1120 4033 1311 4116 salvificae,
1335 4033 1489 4124 sineque
1507 4049 1542 4096 ex

383 4137 573 4228 hypothesi
599 4139 762 4208 voluntas
787 4141 947 4209 salvifica
970 4141 1048 4230 ipsa
1071 4141 1259 4210 consistere
1276 4164 1343 4208 non
1362 4145 1483 4230 possm.
1497 4137 1541 4202 At

383 4247 467 4338 quia
491 4247 655 4315 voluntas
687 4245 846 4316 salvifica
869 4249 1076 4318 antecedens
1100 4249 1243 4316 videtur
1275 4249 1363 4316 satia
1386 4241 1541 4338 possein-

381 4353 498 4444 telligi
523 4355 629 4422 etium
655 4355 719 4422 hac
736 4355 910 4422 sententia
932 4361 1071 4444 negata,
1090 4363 1127 4422 et
1143 4356 1226 4447 quia
1248 4355 1292 4423 ad
1311 4355 1403 4423 huno
1420 4353 1537 4420 modum

384 4461 579 4528 voluntatis
606 4460 815 4550 probandum
842 4461 982 4528 aliunde
1007 4471 1215 4551 argumenta
1246 4486 1312 4530 nou
1343 4467 1534 4551 suppetunt,
