3360 5060
872 259 909 272 -
930 227 991 290 704
1016 261 1054 276 -·

381 337 485 424 atque
508 333 540 400 si
562 333 684 420 egitur
706 331 748 400 dc
771 331 918 400 scientia
940 355 1057 402 eorum
1082 355 1169 426 quae
1191 355 1214 400 a
1236 333 1309 402 Deo
1339 331 1553 416 efficiuntur,

380 461 453 508 essa
476 439 739 528 praescientiam
764 439 966 528 practicam,
993 462 1081 532 quac
1097 440 1257 509 includat
1271 439 1491 508 voluntatem
1506 442 1555 508 ef·

382 547 571 614 sectricem.
596 545 669 613 Hoo
694 544 792 614 modo
807 547 894 612 scire
908 553 945 614 et
956 550 1130 636 praescire
1145 548 1241 616 Deus
1258 547 1392 616 dicitur
1407 547 1446 613 in
1462 547 1557 615 Scri·

381 653 497 744 pturis
512 653 717 742 praesertim
734 652 854 722 fideles
869 677 950 722 suos
966 655 1002 723 in
1019 677 1123 724 sensu
1139 655 1339 745 composito,
1358 661 1400 722 ut
1415 655 1460 722 ab
1475 655 1555 744 ipso

381 761 510 851 gratiis
532 767 568 828 et
590 760 690 828 donis
714 762 1043 850 supernaturalibus
1058 762 1283 832 cumulantur
1297 762 1349 830 Io.
1368 763 1414 830 X.
1431 763 1487 830 14.
1501 763 1558 848 15;

381 867 667 956 2.‘1¹im.11.19;
691 871 723 937 1.
743 871 818 938 Pet.
842 871 921 940 La.
944 877 1011 942 eto.
1038 871 1104 960 (th.
1120 871 1198 940 XL.
1223 895 1258 940 n.
1276 871 1342 954 4.).
1368 870 1443 939 Hoc
1472 893 1561 960 ergo

381 999 486 1046 sensu
507 977 601 1044 sicut
623 978 767 1068 προθεσις
781 978 819 1044 in
838 977 909 1046 Deo
932 978 1064 1046 directe
1088 977 1268 1069 significat
1292 976 1478 1066 benignam
1500 1000 1564 1044 vo·

381 1084 553 1152 luntatem
576 1091 613 1153 et
634 1084 772 1175 oblique
796 1085 1083 1174 praescientiam,
1109 1085 1163 1154 ita
1186 1107 1352 1173 προγνωσις
1376 1083 1561 1174 significat

382 1191 648 1282 praescientiam
672 1215 748 1260 cum
764 1191 1069 1281 adsignificatione
1085 1191 1254 1280 benignae
1271 1191 1484 1258 voluntatis.
1510 1191 1561 1258 De

382 1299 550 1369 vocabulo
556 1298 816 1389 praedestinare
827 1293 994 1390 (προοριζω)
1008 1299 1188 1368 sufficiunt
1198 1300 1295 1368 dicta
1303 1297 1558 1366 th.LVI.n.lI.

448 1407 514 1477 His
537 1409 656 1501 itaque
680 1409 877 1477 nominibus
896 1411 1131 1498 praescientia
1150 1410 1311 1498 practico
1333 1408 1560 1497 approbatis»

382 1517 458 1599 cis,
477 1519 714 1607 propositam,
739 1519 872 1584 occatio
904 1515 1083 1584 secandam
1106 1518 1344 1604 propomam,
1367 1513 1559 1602 praedocti·

382 1627 493 1707 catio,
513 1623 574 1693 nbi
589 1623 634 1692 ad
661 1647 702 1693 sa
717 1625 940 1709 referuntur,
967 1645 1056 1715 quae
1082 1623 1156 1692 sine
1182 1623 1294 1692 libera
1319 1624 1560 1711 cooperatione

382 1739 564 1802 creaturae
584 1755 652 1801 non
673 1733 775 1817 fiunt,
794 1731 1018 1821 significatur
1033 1730 1189 1820 operatio
1205 1729 1401 1798 voluntatis
1416 1731 1560 1798 divinae

382 1847 419 1908 at
441 1840 604 1929 praevisa
625 1838 737 1908 libera
752 1839 949 1928 cooperatio
965 1836 1163 1906 voluntatis
1186 1841 1336 1922 creatam
1356 1835 1419 1927 qui
1443 1841 1560 1904 autem

382 1945 476 2014 inter
491 1947 722 2036 operationem
738 1946 804 2014 Dei
819 1951 855 2014 et
871 1951 1025 2014 nostram
1042 1942 1317 2033 cooperationem
1333 1943 1384 2012 sit
1399 1941 1557 2024 habitus,

383 2075 450 2121 nou
473 2075 514 2121 ex
543 2053 799 2143 significatione
828 2053 1024 2136 nominum,
1057 2052 1117 2121 sed
1149 2050 1292 2120 aliunde
1325 2049 1560 2118 demonstrari

383 2160 486 2230 debet
508 2165 629 2250 (supra
652 2185 685 2250 p.
701 2161 778 2227 560.
795 2159 903 2247 tals.

449 2267 560 2336 Aliud
591 2273 706 2357 potest
736 2289 811 2336 essa
841 2267 1002 2352 dubium,
1032 2268 1074 2336 dc
1106 2289 1175 2359 qua
1207 2264 1452 2336 conformitate
1486 2287 1560 2334 cum

382 2374 523 2444 Christo
545 2375 711 2466 loquatur
732 2375 941 2466 Apostolus,
973 2375 1110 2466 quando
1141 2374 1212 2442 ait:
1238 2372 1300 2464 qui
1330 2373 1450 2441 vocati
1479 2379 1562 2440 sunt

383 2483 570 2552 secundum
606 2483 821 2573 propositum
851 2489 889 2551 et
919 2505 1004 2574 quos
1038 2482 1132 2550 Deus
1166 2479 1376 2572 praescivit,
1414 2501 1494 2548 csse
1528 2485 1562 2546 et

383 2589 660 2679 praedestinatos
691 2589 880 2678 conformes
906 2591 990 2678 ficri
1017 2590 1183 2678 imcpinic
1208 2587 1286 2678 filii
1313 2589 1381 2654 cai.
1415 2585 1560 2654 Consor-

385 2697 541 2766 mitatcm
564 2719 641 2766 cum
664 2696 804 2766 Christo
825 2695 958 2765 Paulus
981 2695 1071 2764 solet
1097 2693 1315 2766 considerare
1341 2691 1558 2783 dupliciter,

385 2813 426 2872 ut
459 2804 651 2873 moriamur
678 2828 755 2873 cum
788 2803 929 2874 Christo
959 2804 1147 2872 secundum
1178 2807 1328 2871 veteram
1363 2799 1557 2882 hominem,

384 2917 420 2980 et
442 2933 663 3001 resurgamus
694 2935 772 2981 cum
798 2911 941 2982 Christo
963 2933 1005 2980 ac
1027 2911 1263 3001 glorificemur
1290 2909 1328 2977 in
1350 2929 1444 2975 nova
1467 2907 1557 2975 vita.

384 3018 485 3088 Hanc
512 3027 696 3111 utramque
725 3019 1003 3088 conformitatem
1034 3017 1287 3087 commendavit
1316 3017 1352 3084 iu
1380 3019 1457 3084 toto
1482 3037 1558 3084 con·

384 3133 486 3196 textu
509 3125 729 3217 praecedenti
752 3127 858 3196 huius
882 3125 1020 3217 capitis.
1042 3155 1059 3190 a
1079 3126 1174 3194 Dens
1196 3124 1329 3193 Filium
1351 3145 1454 3191 sunm
1480 3123 1558 3190 mit·

383 3237 461 3301 tene
484 3232 521 3300 in
544 3233 810 3302 similitudinem
842 3233 960 3303 carnis
990 3231 1122 3322 pcccati
1125 3281 1194 3300 .....
1213 3237 1256 3299 ut
1277 3227 1490 3300 iustificatio
1512 3228 1557 3296 le·

366 3337 441 3429 ¹gis
463 3338 665 3428 impleretur
693 3339 731 3408 in
754 3339 871 3424 nobis,
897 3342 960 3431 qui
978 3363 1045 3405 aon
1074 3337 1253 3406 secandam
1282 3361 1415 3405 camera
1442 3337 1556 3403 «aas

386 3445 495 3512 lamas
516 3443 573 3512 scd
598 3447 775 3514 secandum
797 3449 1005 3536 spirirum.»
1037 3444 1107 3516 «si
1133 3445 1297 3514 Christus
1319 3445 1357 3512 in
1372 3443 1475 3512 nobis
1490 3449 1554 3524 cst,

386 3577 505 3645 corpas
527 3552 664 3646 quidem
687 3571 853 3621 mortuam
876 3570 925 3622 cst
945 3569 1088 3644 propter
1111 3566 1294 3643 peccatam,
1311 3555 1460 3641 spiritus
1483 3573 1556 3618 cero

385 3665 473 3730 eicit
494 3675 637 3753 propter
661 3665 983 3751 iustificationes.»
1006 3663 1078 3732 «Si
1087 3663 1193 3752 sacto
1208 3663 1323 3728 mcci·
1338 3662 1557 3750 mortificave-

385 3773 482 3853 ritis,
498 3773 632 3838 ciceris.
649 3797 665 3833 n
687 3799 704 3834 a
718 3771 870 3840 Heredes
888 3771 1024 3864 quidem
1040 3769 1118 3856 Dei,
1130 3767 1314 3840 coheredes
1325 3775 1444 3837 autam
1458 3765 1553 3836 chri·

387 3877 453 3961 sti,
479 3879 510 3942 si
546 3892 656 3944 tumen
693 3881 941 3966 compotimur,
978 3893 1018 3944 ct
1052 3891 1083 3944 ct
1115 3877 1417 3966 conplorificcmar.
1444 3901 1460 3936 ι
1499 3871 1553 3940 Ita

385 3981 491 4050 etiam
514 3983 675 4073 saperius
691 3983 755 4054 VI.
773 3981 876 4052 3-11:
896 4011 912 4048 c
926 3983 967 4053 Si
981 3983 1074 4052 anim
1090 3981 1317 4072 complantati
1333 3979 1433 4069 sacti
1446 4000 1553 4046 um

386 4087 617 4156 similitudini
647 4093 767 4157 csortis
793 4095 864 4157 cias
875 4139 885 4174 ‚
912 4091 1017 4158 simul
1043 4105 1075 4157 ct
1100 4090 1359 4158 resurrectionis
1383 4089 1550 4154 siam.»

391 4195 465 4264 «Si
479 4211 590 4263 uatem
616 4201 743 4265 mortui
757 4223 870 4266 cumas
895 4198 1138 4280 consobrino,
1159 4195 1324 4265 credimus
1347 4197 1432 4286 quic
1455 4191 1551 4260 simul

387 4303 490 4368 etium
512 4305 658 4371 civeram
679 4329 751 4372 cum
771 4305 921 4376 Oiasso.
940 4333 956 4370 r
975 4305 1030 4376 cf.
1049 4303 1162 4374 colos.
1181 4303 1250 4374 111.
1269 4303 1301 4374 1.
1320 4327 1397 4394 sqq.
1414 4301 1549 4372 Coniur-
