3292 5062
908 401 946 416 -
970 367 1027 428 188
1048 399 1086 414 ..

483 489 527 558 2³.
552 479 713 552 Patribus
736 474 892 564 antiquis
924 473 1140 542 defendenda
1162 481 1240 541 erat
1270 475 1439 544 adversus
1462 477 1570 544 Euno·

418 599 544 668 mianos
554 582 739 658 eminentia
751 579 892 648 divinae
904 580 1076 646 essentiae
1089 579 1178 648 utin
1191 604 1227 648 se
1239 589 1304 664 est,
1317 605 1425 672 supra
1434 591 1570 650 natura-

415 707 479 776 lem
495 693 720 788 cognitionem
736 687 846 755 creati
861 687 1073 770 intellectus,
1092 695 1128 756 et
1143 689 1303 756 absoluta
1322 691 1571 780 incomprehen-

414 809 563 883 sibilitas
578 799 642 870 Dei
654 817 736 886 prae
759 793 885 886 quavis
897 793 1111 864 exaltatione
1127 805 1319 882 ereaturae;
1339 797 1439 865 nulla
1462 809 1571 866 autern

414 943 488 992 cum
504 905 686 982 haereticis
708 908 784 970 erat
806 903 1045 970 controversia
1064 903 1106 972 de
1123 905 1386 994 supernaturali
1408 907 1573 973 intuitiva

414 1025 545 1098 visione
556 1017 620 1086 Dei
642 1013 679 1080 in
703 1009 819 1100 patria
842 1010 994 1078 coelesti.
1022 1011 1115 1080 Hinc
1138 1019 1203 1096 est,
1222 1013 1312 1102 quod
1336 1035 1438 1102 penes
1455 1014 1572 1080 Patres

413 1139 494 1206 data
508 1147 610 1218 opera
625 1129 661 1189 et
676 1117 931 1206 multiplicibus
954 1119 1173 1206 argumentis
1196 1120 1468 1188 demodstratam
1486 1144 1572 1209 repe·

412 1244 520 1312 rimus
535 1233 631 1302 illam
649 1226 714 1294 Dei
729 1223 950 1291 eminentiam
967 1229 1003 1292 et
1018 1225 1483 1314 incomprehensibilitatem;
1502 1251 1570 1295 con·

411 1359 467 1418 tra
482 1363 562 1414 vero
575 1335 740 1405 visionem
756 1331 819 1398 Dei
843 1331 1050 1399 intuitivam
1066 1332 1159 1400 clare
1176 1335 1211 1400 in
1229 1334 1425 1422 Scripturis
1440 1359 1571 1425 expres-

412 1477 481 1526 sam
498 1447 695 1536 supponunt
710 1438 747 1504 in
765 1437 935 1506 communi
959 1439 1172 1527 professione
1188 1437 1400 1524 christiana,
1416 1447 1521 1532 atque
1536 1440 1571 1506 de

410 1585 450 1634 aa
465 1561 535 1628 fere
552 1573 618 1618 non
635 1545 705 1614 nisi
720 1543 914 1612 incidenter
930 1553 966 1611 et
982 1545 1184 1636 plerumque
1200 1545 1287 1636 ipsis
1304 1549 1421 1616 verbis
1444 1573 1473 1615 s.
1486 1547 1571 1615 Scri-

410 1675 531 1762 pturae
544 1659 748 1748 loquuntur.
770 1651 827 1718 Ad
853 1649 945 1719 huno
960 1651 1138 1720 diversum
1155 1659 1286 1720 statum
1303 1653 1457 1744 duplicis
1481 1676 1572 1745 quae

409 1769 531 1846 ationis
547 1767 583 1832 in
593 1757 807 1848 antiquitate
824 1757 1020 1824 christiana
1035 1759 1104 1824 nisi
1117 1759 1334 1843 attendatur,
1350 1751 1457 1830 facile
1472 1763 1571 1828 offen·

407 1883 508 1950 detur
530 1873 567 1940 in
583 1887 733 1936 errorem
757 1863 1070 1952 interpretationis,
1090 1875 1129 1934 ut
1153 1869 1276 1935 Patres
1299 1875 1469 1958 negantes
1492 1893 1569 1937 com-

405 1975 738 2081 prehensibilitatem
761 1971 826 2038 Dei
852 1971 1038 2040 videantur
1065 1995 1193 2062 negare
1217 1974 1375 2044 absolute
1407 1975 1570 2044 visionem

407 2087 621 2166 intuitivam;
633 2103 669 2148 re
682 2079 759 2166 ipsa
771 2078 861 2146 enim
876 2080 1025 2148 nondum
1039 2088 1132 2148 mota
1144 2083 1346 2172 quaestione
1356 2085 1516 2152 securius
1528 2083 1569 2148 lo-

407 2201 548 2294 quentes
566 2191 680 2260 solent
696 2187 1031 2276 comprehensionem
1048 2188 1232 2278 designare
1247 2191 1385 2258 nomine
1401 2191 1570 2279 perfectae

405 2301 547 2374 visionis
553 2347 561 2378 ,
576 2297 733 2386 hancque
750 2299 824 2361 tum
840 2294 977 2382 augelis
993 2301 1068 2362 tum
1085 2295 1276 2365 universim
1289 2299 1381 2364 omni
1394 2305 1569 2366 creaturae

404 2427 543 2502 negar03
561 2401 603 2470 de
619 2422 688 2494 qua
703 2399 769 2466 PP.
786 2399 946 2466 doctrina
969 2423 1045 2468 mox
1069 2401 1234 2470 dicemus.
1260 2403 1317 2470 Ita
1341 2405 1507 2494 deceptus
1522 2410 1568 2470 est

404 2519 574 2606 vasquez,
601 2507 662 2600 qni
686 2529 753 2574 non
777 2507 864 2572 eatis
888 2507 1072 2576 attendens
1094 2509 1140 2577 ad
1163 2531 1302 2597 scopum
1327 2509 1392 2577 SS.
1407 2512 1566 2590 Petrum,

404 2619 523 2692 multia
546 2637 663 2684 eornm
681 2611 773 2682 hunc
789 2634 939 2680 errorem
963 2619 1110 2702 negatae
1135 2615 1282 2682 visionis
1297 2617 1362 2683 Dei
1377 2617 1564 2684 intuitivae

401 2723 591 2812 adscripsit
613 2721 787 2811 (Vosquez
804 2721 840 2786 in
858 2719 890 2786 1.
909 2720 949 2788 P.
965 2721 1055 2812 disp.
1070 2721 1126 2788 37.
1145 2745 1175 2790 o.
1195 2723 1302 2808 1—4.).

467 2831 518 2902 At
541 2831 663 2898 Patres
685 2827 857 2916 imprimis
873 2833 953 2895 ante
970 2829 1240 2898 controversiam
1256 2832 1298 2899 de
1314 2832 1566 2922 incomprehen-

400 2939 571 3014 sibilitate
595 2936 659 3004 Dei
683 2959 761 3003 eum
777 2934 1004 3002 Eunomianis
1028 2935 1183 3004 hobitam
1208 2940 1378 3006 communi
1403 2963 1565 3008 consensu

400 3047 610 3142 profitentur
634 3041 800 3110 visionem
824 3041 890 3108 Dei
913 3041 1117 3108 intuitivam
1143 3043 1180 3109 in
1205 3045 1282 3111 vita
1312 3051 1455 3112 aeterna
1485 3055 1565 3113 tam·

399 3177 499 3252 quam
518 3149 705 3220 mercedem
721 3171 761 3216 ac
777 3169 935 3216 eoronam
955 3149 1154 3216 meritorum
1171 3149 1264 3234 fidei,
1283 3173 1425 3242 eamque
1441 3153 1565 3220 diserte

398 3263 523 3336 dicunt
545 3259 707 3326 visionem
725 3257 791 3322 Dei
816 3258 851 3320 in
875 3279 909 3320 oe
934 3257 1007 3342 ipso
1031 3277 1113 3346 prae
1138 3259 1263 3348 quavis
1287 3259 1390 3326 etiam
1408 3283 1564 3348 superna-

398 3369 508 3442 turali
532 3371 568 3436 et
591 3362 840 3434 sublimissima
862 3363 1072 3451 cognitione,
1091 3385 1179 3455 quae
1202 3365 1238 3432 in
1263 3365 1327 3434 hac
1352 3365 1429 3432 vita
1452 3389 1563 3435 conce·

396 3477 506 3562 ditur,
524 3481 560 3542 et
583 3493 685 3564 quam
708 3469 746 3538 in
769 3469 844 3558 ipso
859 3469 979 3556 Moyse
996 3475 1032 3537 et
1048 3469 1084 3536 in
1108 3470 1287 3559 prophetis
1310 3471 1434 3540 dieunt
1459 3461 1571 3540 fuisse

396 3607 463 3658 uon
488 3581 656 3652 visionem
674 3579 738 3646 Dei
760 3578 797 3644 in
822 3599 867 3660 se,
881 3577 940 3644 sed
964 3575 1001 3644 in
1025 3577 1193 3665 symbolis
1215 3583 1252 3644 et
1274 3579 1462 3646 seeundum
1486 3601 1560 3646 ana-

396 3689 522 3782 logias.
541 3687 706 3756 irenaeus
723 3685 749 3758 l.
768 3685 831 3752 IV.
846 3707 875 3751 c.
887 3683 942 3750 20.
958 3683 1005 3750 al.
1017 3685 1072 3752 37.
1086 3709 1121 3752 n.
1141 3685 1241 3771 5-11;
1261 3685 1478 3774 Theophilus
1492 3689 1560 3754 An·

394 3797 502 3870 ticoh.
517 3795 560 3864 cd
587 3793 756 3882 Autolyc.
777 3793 801 3859 l.
820 3793 850 3858 Ι.
867 3817 902 3860 n.
923 3793 955 3859 7.
975 3791 1153 3880 (Galland.
1175 3793 1441 3882 u.11.p.82.);
1461 3795 1560 3862 Reco-

390 3907 483 4000 gnlt.
509 3903 714 3974 Clementia.
736 3901 760 3968 l.
778 3901 845 3968 ΙΙΙ.
869 3925 900 3970 c.
918 3901 974 3968 27.
991 3899 1046 3966 29.
1067 3899 1313 3988 sufflatione.
1333 3901 1380 3968 ih.
1400 3925 1435 3990 p.
1453 3901 1557 3984 257.);

390 4015 548 4084 (dirruens
560 4011 664 4078 Alex.
681 4009 809 4103 Strorn.
821 4008 865 4076 V.
878 4034 911 4098 p.
929 4007 1006 4093 5483
1021 4007 1189 4096 Origenes
1201 4008 1235 4073 in
1251 4007 1300 4074 Io.
1316 4015 1398 4075 tom.
1413 4008 1444 4075 I.
1458 4032 1495 4076 n.
1508 4009 1556 4075 16.

391 4121 491 4212 (opp.
507 4117 548 4186 Τ.
561 4115 624 4186 IV.
646 4141 677 4206 p.
699 4115 783 4199 17.);
803 4113 971 4202 Cyprian.
990 4137 1044 4202 ep.
1064 4113 1119 4200 565
1138 4113 1180 4182 de
1196 4113 1384 4180 Exhortat.
1400 4113 1559 4204 martyrii

392 4227 460 4309 (ed.
482 4225 603 4296 llcluz.
621 4247 652 4312 p.
669 4223 723 4290 94.
736 4221 844 4308 273.);
865 4221 1084 4290 Novatianns
1101 4221 1200 4289 Triu.
1216 4245 1247 4290 o.
1263 4221 1317 4288 18.
1332 4221 1379 4290 al.
1391 4221 1448 4290 26.
1467 4221 1557 4308 (Gal-

395 4335 489 4408 luud.
512 4331 578 4404 lll.
598 4355 631 4424 p.
651 4331 759 4418 301.).

462 4441 569 4514 l’orro
584 4441 708 4512 Patres
724 4439 780 4508 illi
796 4439 857 4530 qni
872 4437 1042 4505 adversus
1057 4435 1291 4504 Eunomiunos
1306 4435 1556 4526 incomprehen-
