3394 5056
642 383 680 397 -
701 351 741 412 23
763 383 801 397 .-

128 454 219 524 tium
242 453 498 546 principiorum
520 455 759 545 postulabant,
777 460 819 525 ut
841 477 882 525 ea
899 455 972 524 sint
987 477 1048 546 per
1063 477 1100 526 se
1114 461 1209 544 note,
1225 477 1302 526 con·

128 571 318 655 sequenter
328 565 505 653 negabant
515 563 725 653 theologiam
738 587 836 655 posse
848 563 918 632 dici
927 564 1068 654 proprio
1081 587 1184 634 sensu
1197 564 1305 633 soien-

127 671 217 739 tiam
233 673 452 760 (Durandus,
471 671 664 762 Gregorius
677 672 921 757 Ariminensis,
939 672 1098 764 Vosquez
1114 678 1210 762 eto).
1236 671 1304 742 Sed

126 779 205 848 siue
229 779 338 848 dubio
359 781 475 870 potior
500 802 618 849 eorum
642 786 834 868 causaest,
861 781 922 872 qui
946 781 1133 850 secundum
1158 768 1304 850 commu·

125 909 206 956 nem
241 885 409 979 loquendi
431 895 468 958 et
490 887 663 956 sentiendi
685 887 822 956 modum
855 887 1067 979 theologiam
1097 887 1304 980 simpliciter

125 992 317 1062 scientium
339 1014 415 1062 esse
438 993 573 1079 docent,
598 993 682 1062 licet
704 995 748 1062 ab
770 1016 812 1062 ea
833 994 968 1063 ratione
992 994 1175 1080 scientiae,
1201 1017 1305 1087 quam

125 1099 241 1168 solam
262 1099 479 1170 Aristoteles
502 1122 601 1169 nosse
624 1108 660 1170 et
683 1101 828 1171 delinire
850 1109 989 1191 poterat
1004 1102 1068 1191 (1),
1088 1101 1126 1170 in
1141 1102 1305 1192 pluribus

126 1208 289 1279 differat.
316 1209 493 1280 Scientiae
516 1210 627 1300 prima
651 1209 712 1278 dos
735 1216 789 1278 est
812 1209 1005 1295 certitudo,
1025 1231 1113 1302 quae
1136 1211 1168 1282 si
1191 1210 1302 1297 desit,

125 1339 197 1386 uon
214 1318 369 1388 seientia
383 1319 443 1388 sed
459 1317 575 1409 opinio
588 1325 624 1388 et
638 1317 846 1408 hypothesis
862 1319 943 1388 erit.
961 1319 1038 1388 Non
1051 1319 1193 1412 quaevis
1209 1319 1304 1390 dein·

126 1424 169 1494 ds
193 1427 365 1496 veritatis
378 1427 542 1516 'cognitio
565 1427 726 1518 quamvis
749 1433 845 1497 certa
867 1427 912 1497 ad
935 1428 1105 1497 scientiae
1134 1427 1305 1497 rationem
1351 1495 1355 1510 ,

127 1534 271 1622 sufficit,
298 1535 469 1604 scientiae
492 1536 618 1627 quippe
641 1535 810 1604 obiectum
822 1540 906 1603 sunt
920 1535 1089 1605 veritates
1104 1559 1172 1604 non
1188 1534 1304 1604 divul-

127 1661 186 1710 sae
207 1642 378 1727 invicem,
403 1641 464 1710 sed
487 1641 649 1731 cognitae
666 1641 708 1709 'in
731 1664 769 1712 eo
785 1648 906 1710 mutuo
922 1664 1025 1727 nexu,
1055 1665 1156 1734 quem
1171 1665 1213 1711 ex
1230 1663 1305 1712 sese

127 1751 389 1840 praescierunt.
413 1748 481 1818 Est
504 1750 595 1818 enim
611 1749 705 1818 inter
721 1749 892 1819 veritates
906 1748 1106 1819 hierarchia
1121 1751 1302 1843 quaedam,

128 1859 320 1928 secuudum
345 1879 447 1950 quam
470 1879 541 1926 una
564 1879 611 1927 ex.
630 1857 702 1926 alia
724 1857 862 1948 pendet,
874 1879 945 1926 una
960 1881 1002 1927 ex
1018 1857 1090 1927 alia
1108 1865 1302 1949 promanat.

128 1963 312 2035 Veritates
334 1987 377 2033 ex
401 1965 529 2056 quibus
550 1964 642 2034 aliae
673 1965 845 2054 pendent,
871 1961 1047 2056 principie
1070 1965 1239 2034 dicuntur
1261 1987 1301 2035 eo

129 2073 251 2165 utique
276 2073 460 2163 superiora
482 2079 519 2142 et
541 2073 811 2159 universaliora,
836 2097 904 2166 quo
926 2073 1046 2164 plures
1070 2073 1115 2143 iis
1136 2075 1305 2145 veritates

128 2189 318 2271 reguntur.
344 2179 431 2250 Cum
454 2181 569 2271 igitur
592 2187 705 2252 totum
727 2183 919 2253 veritatum
943 2189 1099 2274 systema
1118 2183 1305 2275 principiis

128 2296 289 2378 regatur,
311 2309 354 2357 ea
377 2289 454 2379 ipsa
476 2295 572 2358 certa
595 2289 733 2381 quidem
757 2289 831 2358 sint
853 2297 1011 2380 oportet,
1036 2313 1080 2359 uc
1102 2313 1171 2360 non
1195 2290 1304 2360 scien·

129 2396 179 2464 tia
194 2396 257 2466 sed
276 2401 434 2486 systema
446 2395 645 2486 opinionum
662 2403 697 2466 et
719 2395 968 2487 hypothesium
985 2398 1214 2467 constitutum
1229 2419 1304 2468 esse

129 2505 307 2592 videatur,
334 2526 402 2572 non
424 2509 541 2573 temen
563 2504 773 2596 requiritur,
799 2511 841 2574 ut
864 2506 1037 2576 certitudo
1054 2507 1103 2576 sit
1117 2529 1158 2576 eu
1176 2506 1303 2576 intrin-

128 2631 206 2680 seca
232 2611 428 2698 evidentis,
444 2612 475 2680 si
486 2611 660 2702 principie
687 2611 828 2681 aliunde
850 2618 922 2681 tam
947 2613 1117 2684 obiective
1133 2612 1184 2702 (2)
1201 2634 1304 2708 quam

127 2719 325 2789 subiective
347 2725 451 2790 certa
467 2721 550 2808 siut,
578 2743 655 2789 cum
678 2721 856 2790 evidentia
871 2727 1015 2792 catenus
1031 2729 1172 2792 tantum
1188 2723 1302 2814 requi·

127 2834 243 2913 ratur,
261 2835 437 2920 quatenus
459 2827 505 2897 ad
527 2829 738 2918 gignendam
755 2830 1005 2899 certitudinem
1021 2831 1217 2902 necessaria
1233 2837 1300 2900 est.

126 2933 241 3026 Atqui
265 2933 446 3024 theologia
468 2934 655 3026 principiis
677 2935 815 3025 regitur
838 2935 1044 3006 certissimis
1073 2959 1141 3006 uon
1165 2935 1303 3028 quidem

127 3062 168 3110 ex
192 3063 259 3109 sua
281 3041 461 3111 evidentia
484 3043 543 3111 ssd
566 3065 608 3112 ex
632 3042 896 3133 supernaturali
919 3044 1009 3129 tide,
1035 3068 1078 3114 ex
1107 3043 1303 3136 eisdemque

128 3147 320 3236 pendentes
354 3149 524 3218 veritates
547 3149 690 3219 deducit
712 3155 748 3218 et
770 3157 930 3219 mutuum
955 3150 1145 3221 veritatum
1176 3173 1304 3220 nexum

129 3252 317 3343 intelligit.
342 3253 410 3323 Est
436 3275 521 3344 ergo
543 3255 726 3324 verissimo
758 3279 862 3326 sensu
897 3257 1055 3327 scientia.
1082 3257 1184 3326 Siout
1213 3281 1302 3352 quae

129 3362 352 3431 subalternae
374 3374 557 3448 vocantur,
576 3387 644 3432 non
660 3365 736 3434 ideo
752 3365 917 3434 desinunt
928 3388 1002 3434 esse
1014 3366 1192 3452 scientiae,
1211 3368 1302 3460 quod

128 3487 149 3534 s
170 3469 358 3559 principiis
373 3470 651 3560 progrediuntur
669 3471 861 3561 desumptis
876 3494 919 3541 ex
935 3472 1056 3546 altiori
1071 3473 1231 3563 scientia;
1250 3475 1302 3544 ita

128 3575 307 3666 theologia
329 3577 396 3647 hac
418 3578 593 3668 dignitate
615 3601 684 3647 non
707 3579 840 3649 excidit
861 3602 912 3664 eo,
938 3581 1029 3673 quod
1053 3580 1238 3672 principia,
1258 3604 1302 3650 ex

129 3683 256 3776 quihus
278 3685 517 3776 progreditur,
543 3685 581 3755 iu
603 3685 727 3756 altiori
750 3686 861 3756 solum
878 3687 1026 3758 scientia
1045 3688 1112 3757 Dei
1127 3695 1163 3758 ct
1177 3687 1301 3758 Beato·

190 3913 233 3986 (1)
245 3917 369 3986 Anslyt.
380 3921 520 3986 posteror.
529 3921 551 3975 1.
563 3920 587 3974 1.
599 3935 623 3974 c.
633 3922 666 3989 ²3
680 3921 774 3976 Ethlc.
786 3923 807 3976 1.
819 3925 869 3979 VI.
878 3939 902 3977 c.
916 3923 944 3976 8.

188 4004 230 4081 (2)
247 4009 398 4064 Obicetivo
417 4014 523 4065 certum
542 4012 666 4079 appollo,
687 4011 762 4080 quod
779 4011 952 4068 Aristotelos
970 4011 1038 4067 Eth.
1051 4013 1073 4069 l.
1087 4013 1113 4066 1.
1126 4009 1204 4068 dixit
1217 4031 1231 4062 ι
1242 4029 1300 4068 nou

129 4113 207 4165 posse
231 4100 322 4155 aliter
350 4115 381 4152 se
403 4099 509 4154 hahere
534 4105 564 4155 et
586 4103 748 4156 necessario
774 4117 863 4156 essen
884 4123 980 4166 παντες
1002 4123 1055 4176 γαρ
1076 4101 1301 4177 ὑπολαμβανομι·

131 4183 179 4252 Su,
197 4189 210 4242 o'
230 4185 424 4260 ἔπισταμεθα,
442 4211 480 4260 μη
505 4188 662 4262 ἕνδεχισθαι
688 4191 775 4254 άλλως
797 4191 897 4265 lxma...
919 4192 949 4258 ἓξ
968 4192 1088 4263 duspurc
1109 4192 1164 4266 ἀρα
1186 4193 1246 4247 ion
1268 4211 1297 4246 ro

130 4270 274 4334 inermos.
293 4277 355 4332 Hoc
379 4281 474 4332 cutm
498 4281 597 4347 potest
620 4294 681 4333 esse
708 4281 756 4334 rel
779 4295 796 4334 a
816 4279 907 4348 priori
934 4295 968 4334 ex
992 4281 1153 4335 intrinseco
1177 4280 1299 4337 uecessi-

131 4367 187 4419 tcte
208 4371 350 4436 ustus-cs,
376 4368 425 4422 vel
450 4367 540 4422 solum
564 4374 772 4438 cousequenter
797 4383 833 4424 ex
858 4369 1032 4425 immutabili
1059 4369 1113 4424 Del
1137 4368 1299 4424 revelantis

131 4454 257 4512 Mutis.
