3292 5062
537 359 716 423 -115-

522 557 665 619 THESIS
687 557 743 618 IX.

129 683 171 745 De
191 686 374 746 existentia
387 684 449 746 Dei
468 687 614 746 revelata
635 692 666 746 et
687 685 757 746 idco
774 701 836 763 per
854 685 952 765 fldem
965 684 1137 748 credenda.

118 856 188 909 clici
207 858 369 912 existentia
388 873 445 912 non
465 859 555 912 solnm
574 857 682 912 lumine
701 858 825 912 rationis
850 859 1042 928 cognoscitur,
1064 859 1114 912 sed
1134 861 1221 916 etiem

69 946 202 1000 :mucleto
221 948 311 1000 verbo
330 948 384 1001 Dei
402 949 583 1016 promulgata
596 951 655 1014 est;
673 963 760 1016 qnare
774 948 871 1002 eadem
884 949 960 1002 sicut
973 949 1025 1002 snb
1038 949 1221 1004 oneratione

69 1039 124 1087 uest
139 1039 353 1104 praeambulum
371 1037 450 1103 noer,
470 1038 513 1092 ite
525 1038 578 1091 snb
590 1038 776 1096 alteratione
795 1041 840 1092 est
858 1039 970 1094 veritos
988 1039 1065 1107 fidei,
1080 1039 1222 1095 credenda

69 1127 188 1192 spropter
205 1127 411 1180 anctoritatem
430 1127 484 1180 Dei
503 1125 674 1194 revelantis,
694 1127 777 1180 onius
794 1126 863 1180 fidei
881 1131 975 1182 ectum
993 1144 1085 1196 neque
1098 1127 1221 1196 impedit

68 1214 221 1269 sentientis
239 1217 419 1283 cognitionis
437 1216 607 1283 retionelis,
629 1232 681 1270 nec
699 1217 858 1270 antecessio
877 1218 1051 1284 cognitionis
1069 1218 1123 1272 Dei
1140 1233 1220 1296 nepe·

70 1307 186 1374 sisteris,
208 1322 284 1374 qnae
303 1306 340 1359 ed
360 1321 470 1360 omnem
488 1306 636 1362 formalem
655 1311 747 1360 ectum
765 1307 833 1360 ildei
852 1311 957 1362 neturt
975 1309 1055 1377 prior
1067 1312 1098 1362 et
1115 1309 1219 1364 inndc·

68 1398 163 1450 »menti
178 1397 277 1450 instar
296 1397 480 1464 supponitur.
491 1417 503 1446 ι

115 1587 140 1656 Ι.
162 1589 204 1656 Ιιι
226 1587 406 1679 superiori
427 1587 521 1657 thesi
555 1589 651 1657 fecte
680 1587 989 1680 supernaturalia,
1015 1587 1219 1680 prophetias

68 1695 259 1785 adimpletas,
287 1695 549 1764 conversionem
572 1695 767 1764 mirabilem
784 1696 953 1786 gentium,
972 1718 1123 1786 superna
1138 1696 1218 1766 che-

67 1804 259 1872 rismataetc.
277 1802 578 1872 consideravimus
594 1808 636 1872 nt
650 1803 800 1872 medinm
817 1803 1027 1893 cognitionis
1042 1803 1119 1890 Dei,
1135 1829 1217 1898 qua-

68 1916 147 1978 tenus
166 1912 257 1980 ratio
281 1912 363 2003 ipsa
379 1935 441 2002 pro
457 1912 586 1982 effectu
604 1913 681 1983 sive
695 1914 815 2004 potius
834 1915 1022 2011 effectuum
1038 1911 1219 2003 complexu

69 2017 232 2091 intensione
256 2021 423 2106 maximo,
449 2020 649 2091 extensione
672 2021 888 2112 amplissimo
905 2043 1044 2093 cansam
1060 2024 1219 2115 postulat

70 2133 95 2194 et
111 2149 220 2196 censae
242 2127 479 2218 perfectiones
502 2127 645 2196 effectui
667 2127 932 2220 respondentes,
958 2129 1090 2221 hocque
1113 2153 1216 2200 sensu

72 2234 194 2304 diximus
216 2235 426 2304 universnm
448 2234 717 2324 supernaturale
740 2235 834 2305 sieut
852 2237 1014 2306 naturale
1030 2237 1100 2307 dici
1118 2261 1217 2328 posse

71 2342 272 2431 metaphorice
285 2340 483 2411 doctrinam
497 2347 533 2410 et
544 2341 753 2411 locutionem
767 2343 845 2412 Dei.
864 2343 997 2414 Verum
1014 2344 1046 2413 si
1061 2350 1137 2414 tote
1152 2345 1217 2414 ille

73 2447 214 2520 obiectiva
235 2448 480 2519 manifestatio
504 2449 786 2540 supernaturalis
802 2473 887 2541 prae
902 2474 965 2520 sno
982 2474 1083 2543 scopo
1099 2452 1216 2522 imme·

72 2553 144 2624 dieto
162 2563 196 2627 et
224 2559 418 2627 secundum
448 2557 619 2627 rationem
646 2559 794 2628 maxime
817 2559 994 2650 propriam
1024 2565 1212 2651 spectetur,

74 2661 152 2732 nesse
171 2671 337 2757 apparet,
364 2687 438 2734 eam
460 2688 529 2734 non
553 2665 665 2735 solnm
688 2665 961 2756 methaphorice,
987 2672 1029 2736 nt
1051 2673 1107 2736 est
1130 2668 1217 2738 obie-

74 2769 144 2839 chre
151 2773 374 2844 manuductio
385 2773 430 2844 ad
443 2773 676 2862 cognitionem
686 2773 763 2860 Dei,
778 2773 973 2844 doctrinam
984 2797 1058 2844 esse
1074 2781 1111 2844 et
1121 2775 1215 2844 locu·

74 2877 181 2967 tionem,
199 2881 258 2951 sed
282 2905 391 2952 sensu
412 2881 552 2973 proprio
572 2881 786 2951 constituere
809 2881 1016 2951 elementum
1031 2885 1215 2954 essentiale

75 2987 148 3057 serbi
162 2997 195 3059 et
208 2991 441 3062 revelationis
456 2989 523 3059 Dei
539 2990 601 3080 (1).
624 2989 716 3060 Sunt
742 2991 833 3060 enim
858 2993 954 3061 fecta
976 2991 1041 3060 illa
1056 3015 1220 3083 superna·

74 3097 176 3164 toralia
186 3101 307 3190 regins
320 3098 461 3192 quidam
477 3103 758 3190 apparatusque
774 3100 882 3170 verba
897 3099 975 3190 ipsa
992 3107 1163 3169 ornentur
1175 3107 1216 3171 ut

77 3203 155 3270 verba
163 3205 236 3294 Dei,
251 3214 339 3277 sunt
352 3207 509 3297 sigilium
526 3207 741 3293 divinitatis,
760 3230 827 3299 qno
839 3209 945 3277 verba
957 3208 1211 3298 insigniuntur,

75 3315 99 3374 et
110 3335 164 3402 qno
177 3315 338 3386 doctrina
361 3337 450 3407 quae
473 3315 591 3385 verbis
603 3317 820 3408 proponitur,
838 3317 1019 3386 evidenter
1034 3315 1214 3386 credibilis

76 3421 100 3481 ei
115 3421 265 3493 credenda
282 3423 555 3508 demonstretur,
570 3429 674 3516 etque
697 3423 750 3496 ite
767 3446 824 3493 res
839 3429 876 3493 et
887 3426 983 3493 facta
1003 3447 1080 3493 cnm
1095 3423 1212 3494 verbis

77 3543 154 3596 unum
174 3530 236 3601 Dei
258 3529 471 3601 locutionem
502 3531 733 3602 constituunt.
764 3531 889 3601 Confer
916 3531 1091 3622 enalysim
1113 3537 1213 3602 actus

119 3760 153 3834 (1)
168 3767 276 3837 Duplici
296 3770 350 3824 hoc
370 3768 452 3824 modo
470 3773 504 3823 nt
523 3770 694 3824 obiectivnm
719 3769 841 3824 medinm
867 3769 1040 3836 cognitionis
1059 3767 1112 3822 Dei
1130 3772 1160 3822 et
1177 3772 1212 3824 nt

78 3851 212 3911 elementum
230 3875 400 3928 componens
426 3860 544 3914 verbnm
568 3862 729 3915 revelatum
752 3859 863 3915 christi
887 3861 1026 3913 miracula
1050 3858 1212 3914 consideret

79 3936 214 4001 dissilire
235 3963 278 4018 ep.
292 3949 355 4002 235.
369 3965 400 4002 n.
414 3948 441 4002 3.
461 3950 616 4018 Postquam
635 3950 750 4004 dixerat
768 3950 906 4004 edversns
924 3948 1131 4016 Enncmisnos,
1152 3965 1210 4003 non

78 4027 355 4101 incomprehensibilem
375 4042 530 4094 essentiam
549 4041 598 4095 sed
617 4042 774 4109 potentiam
792 4042 846 4095 Dei
866 4041 1022 4110 discipulos
1044 4039 1210 4106 comoriaco

80 4129 104 4168 εἰ
117 4117 209 4176 christi
224 4128 379 4196 miraculis,
397 4132 427 4182 et
439 4127 543 4182 iisdem
555 4130 702 4183 miraculis
714 4129 797 4182 fidem
808 4128 899 4183 fnisse
913 4129 1083 4196 roboretum,
1101 4127 1209 4182 subdit:

81 4207 123 4261 ⁸81
136 4211 198 4268 dieis
214 4219 373 4273 credentem
392 4219 478 4273 etiem
497 4234 672 4288 cognoscere
696 4219 756 4289 nio,
777 4235 829 4288 per
847 4235 920 4289 qnee
938 4219 1044 4287 crodit,
1065 4233 1116 4288 per
1140 4219 1210 4274 haec

81 4299 102 4346 li
114 4306 243 4374 senescit,
262 4311 309 4363 vel
329 4310 392 4364 viee
411 4323 495 4363 verse
512 4324 563 4376 per
582 4324 653 4377 qnae
672 4311 826 4378 cognoscit,
846 4325 897 4378 per
915 4310 985 4364 haee
997 4313 1027 4363 et
1039 4309 1145 4377 eredit;
1162 4324 1208 4364 co·

82 4391 205 4447 numm
222 4401 312 4452 entem
331 4399 420 4452 Deum
438 4413 474 4451 ex
492 4400 634 4466 potestete
647 4397 796 4471 (operante
811 4397 847 4453 nd
860 4393 967 4470 extra),
983 4399 1081 4467 itaque
1094 4398 1207 4464 cognito

82 4475 198 4552 numu,
214 4475 348 4543 creditum
366 4502 434 4543 vero
453 4485 641 4556 moremus.»
663 4503 668 4511 ·
