3360 5060
601 390 660 430 ..¹
681 386 741 446 683
762 415 800 428 -

194 483 231 552 S.
256 485 482 573 Augustinus
506 488 720 556 dilectionem
735 495 772 556 et
787 487 901 555 odiam
917 515 951 556 v.
968 488 1022 558 13.
1038 496 1147 563 refert
1161 495 1206 562 ad
1231 494 1297 561 col·

121 598 289 668 lationem
308 621 348 668 ac
366 597 585 686 negationem
604 599 741 686 gratiae
753 619 822 664 non
840 599 936 667 modo
952 599 986 666 in
1005 602 1170 690 antitypc
1187 601 1298 692 quoad

121 708 244 778 fideles
259 733 301 777 ex
326 730 396 777 una
419 717 456 775 et
479 706 678 776 incredulos
691 727 732 772 ex
749 706 863 773 altera
875 713 985 794 parta
1003 708 1062 775 sed
1075 710 1188 798 quoad
1206 710 1299 798 ipsas

121 838 290 905 personas
313 816 453 906 typicas
469 815 572 882 Iacob
587 820 623 881 et
637 814 745 881 Esau.
763 815 881 905 Atque
899 814 950 882 ita
966 816 1197 904 gratuitatem
1223 839 1300 906 gra-

121 925 209 1007 tiae,
236 947 338 1016 quam
363 923 553 1013 Apostolus
576 921 613 988 in
637 929 712 989 tcta
735 921 883 1010 epistola
907 929 943 989 et
965 924 1167 996 nominatim
1186 923 1299 992 inhoo

123 1033 242 1122 capite
265 1033 330 1100 IX.
358 1032 551 1100 clarissime
574 1031 685 1114 docet,
710 1029 936 1118 Augustinus
960 1031 1065 1098 etiam
1089 1031 1125 1098 in
1144 1033 1299 1121 exemplo

123 1139 229 1206 Iacob
252 1145 288 1207 et
309 1139 406 1206 Esau
430 1139 655 1221 demonstrat,
684 1138 743 1228 qui
768 1161 845 1205 oum
869 1139 968 1204 ambo
991 1145 1109 1206 essent
1123 1161 1230 1231 acque
1246 1140 1298 1206 in·

122 1247 237 1336 digni,
264 1271 355 1316 unus
377 1253 493 1316 tamen
510 1247 662 1335 gratiam
678 1245 813 1335 accepit
829 1268 889 1334 per
906 1246 1189 1332 misericordiam,
1208 1249 1300 1317 alter

123 1353 310 1422 voluntate
327 1353 411 1422 licet
429 1359 658 1444 consequente
675 1352 820 1440 punitus
836 1363 890 1419 est
906 1352 1093 1420 secundum
1109 1353 1296 1423 iustitiam.

124 1491 141 1524 a
161 1461 264 1528 Iacob
286 1461 415 1529 dilexit
438 1482 499 1549 per
524 1459 795 1528 misericordiam
819 1460 1038 1548 gratuitam,
1064 1461 1159 1529 Esau
1183 1469 1300 1530 autem

120 1568 203 1636 odio
226 1567 352 1636 habuit
376 1591 435 1658 per
459 1567 628 1635 iudicium
645 1567 811 1652 debitum,
830 1569 1012 1658 quodcum
1030 1569 1213 1637 deberetur
1230 1591 1299 1636 am·
1340 1655 1343 1662 Ι

121 1677 243 1760 bobus,
269 1676 361 1744 alter
384 1676 421 1742 in
444 1675 557 1742 altero
581 1675 731 1764 agnovit
753 1698 821 1742 non
847 1677 888 1743 de
913 1676 987 1743 suis
1012 1677 1148 1744 meritis
1178 1677 1301 1763 (Pela-

121 1785 264 1874 gianis)
288 1785 355 1851 sibi
379 1807 452 1851 esse
477 1783 710 1872 gloriandum,
737 1784 827 1874 quod
859 1785 896 1851 in
927 1785 1044 1853 cadem
1076 1807 1181 1854 causa
1211 1787 1300 1854 idern

121 1891 295 1960 iudicium
318 1914 385 1958 non
410 1891 582 1974 incurrit,
617 1890 675 1958 sed
699 1891 741 1958 de
765 1891 906 1958 divinae
930 1892 1067 1980 gratiae
1100 1892 1299 1982 largitates

122 1999 310 2068 Euchirid.
326 2023 356 2068 c.
371 1999 426 2066 98.
446 1999 557 2086 (Vide
573 1999 602 2066 Ι.
621 1999 662 2066 Β.
678 1998 794 2065 Faure
806 1998 850 2066 ad
869 1998 1052 2067 Enchirid.
1076 2004 1171 2088 Aug.
1190 2024 1220 2069 c.
1243 2001 1299 2068 98.

122 2112 200 2174 not.
215 2105 249 2173 3.
262 2111 287 2191 ).
313 2106 509 2197 Numquam
533 2127 616 2173 vero
633 2105 859 2192 Augustinus
875 2105 1056 2174 intellexit
1072 2106 1128 2175 vel
1145 2107 1301 2176 dilectio-

123 2235 205 2280 nem
227 2211 331 2280 Iacob
354 2211 396 2280 de
419 2212 736 2300 praedestinatione
760 2211 804 2278 ad
821 2211 970 2300 gloriam
986 2235 1140 2280 seorsum
1156 2222 1192 2282 et
1206 2223 1302 2283 ante·

122 2321 287 2390 cedenter
311 2320 354 2388 ad
378 2320 678 2409 praeparationem
702 2319 839 2408 gratiae
863 2341 904 2387 ac
927 2321 1070 2410 proinde
1094 2327 1175 2388 ants
1204 2345 1302 2413 pree-

123 2429 206 2498 visa
230 2429 367 2512 merita,
394 2428 451 2496 vel
467 2428 584 2496 odium
599 2427 695 2496 Esau
714 2427 754 2494 de
771 2427 1013 2516 reprobatione
1030 2450 1051 2494 a
1067 2429 1196 2517 gloria,
1215 2451 1303 2521 quae

120 2537 174 2604 sit
196 2558 237 2603 ex
262 2536 446 2604 voluntate
469 2536 535 2603 Dei
559 2536 795 2604 antecedente.

192 2643 374 2712 Praeclare
390 2644 495 2710 etiam
512 2633 700 2711 secundum
718 2665 855 2711 sensum
872 2643 1067 2734 Augustini
1085 2644 1125 2712 de
1143 2644 1207 2712 hoc
1230 2644 1303 2713 loco

121 2752 230 2820 Pauli
262 2753 440 2820 disserunt
469 2751 636 2842 Episcopi
665 2752 830 2821 Africani
861 2753 898 2819 in
933 2753 1098 2821 Sardinia
1121 2751 1242 2821 exules
1266 2754 1303 2820 in

124 2883 180 2948 ep.
195 2858 364 2947 synodica
374 2859 419 2927 ad
432 2859 572 2928 Petrum
585 2866 622 2926 et
637 2861 747 2928 socios
760 2860 945 2928 monachos
956 2883 986 2928 c.
1005 2860 1038 2927 6.
1053 2871 1088 2928 et
1103 2862 1135 2928 7.
1152 2859 1304 2947 (Exstat

123 2968 232 3036 etiam
247 2967 284 3033 in
296 2967 496 3056 Appendice
514 2967 558 3035 ad
577 2967 618 3034 Τ.
633 2969 678 3036 X.
697 2967 792 3057 Aug.
809 2968 862 3036 ed.
878 2967 1030 3035 Macrin.
1042 2972 1067 3052 ).
1091 2997 1107 3030 u
1122 2967 1217 3050 Quia
1232 2991 1303 3036 cer-

123 3081 203 3142 tum
225 3081 291 3158 est,
318 3074 498 3164 inquiunt,
524 3073 619 3141 Esau
642 3075 753 3142 fuisse
777 3098 841 3142 vas
864 3076 950 3157 irae,
977 3073 1080 3142 Iacob
1103 3079 1220 3142 autern
1242 3097 1303 3142 vas

125 3181 399 3265 misericordiae,
426 3180 619 3249 certissime
642 3181 829 3248 tenendum
852 3186 917 3264 est,
949 3181 1040 3271 quod
1056 3186 1093 3248 et
1108 3181 1169 3249 ille
1187 3189 1229 3249 ut
1244 3182 1302 3249 da·

126 3294 321 3371 muaretur,
349 3290 438 3353 irum
460 3291 549 3353 iuste
571 3289 737 3355 meruit...
765 3295 800 3355 et
816 3288 883 3355 iste
899 3293 942 3355 ut
956 3287 1169 3372 salvaretur,
1188 3289 1304 3376 gratis

126 3399 255 3467 donum
286 3395 545 3464 misericordiae
575 3395 836 3485 praevenientis
860 3394 1036 3486 accepit...
1062 3395 1159 3462 Esau
1189 3417 1303 3463 sacra-

127 3509 244 3572 mento
267 3503 405 3595 quidem
429 3502 747 3571 circumcisionis...
774 3508 928 3591 accepto,
954 3507 1054 3570 reatu
1079 3502 1212 3592 peccati
1237 3503 1304 3570 ori-

128 3611 262 3702 ginalis
285 3612 419 3698 caruit;
446 3612 505 3679 sed
526 3635 590 3699 per
613 3613 806 3701 nequitiam
830 3609 996 3676 corditio
1014 3613 1161 3676 bominis
1178 3613 1305 3677 tareni

128 3733 297 3788 vetustate
314 3722 507 3808 permansit
531 3719 629 3806 (suis
653 3719 805 3808 peccatis
829 3718 967 3787 scilicet
988 3718 1148 3808 relapsus
1164 3719 1201 3786 in
1217 3739 1304 3785 mas-

129 3850 201 3896 sam
219 3827 465 3910 damnationis,
483 3832 520 3895 et
535 3834 719 3915 propterea
734 3847 920 3916 numquam
938 3826 982 3892 ab
997 3847 1037 3892 ea
1053 3825 1224 3892 liberatus
1240 3824 1305 3892 illa

128 3935 350 4017 discretione,
378 3957 465 4026 quae
481 3941 536 4002 est
551 3935 654 4023 plena
677 3933 866 4002 secundum
882 3931 1151 4022 praescientiam
1167 3933 1228 4018 (of.
1249 3955 1305 4000 su·

129 4067 196 4134 pra
218 4067 252 4132 p.
271 4043 348 4110 646.
362 4046 416 4127 )...
444 4043 532 4110 Nam
557 4042 649 4110 sieut
673 4041 734 4108 ille
759 4039 986 4109 circumcisus
1010 4038 1129 4128 periit,
1149 4041 1234 4128 quio
1252 4036 1304 4104 di-

131 4152 220 4218 tecte
245 4151 398 4215 tenebras
421 4153 534 4239 magis
558 4173 660 4238 qaam
685 4146 878 4229 incestuale
902 4146 1013 4214 omnis
1037 4145 1098 4237 qui
1123 4169 1190 4213 non
1207 4147 1305 4236 depo·

128 4257 245 4327 suerit
267 4264 419 4326 veterem
443 4255 629 4339 hominem,
656 4255 716 4346 qui
740 4253 979 4342 corrumpitur
1003 4253 1193 4321 secundum
1217 4253 1305 4321 deai-

130 4363 231 4434 deria
253 4361 405 4447 erroris,
432 4359 716 4430 condemnabitur
739 4359 891 4444 indicia,
925 4360 1008 4452 quia
1039 4381 1108 4426 non
1136 4359 1307 4446 condigne

133 4495 218 4541 usus
240 4476 295 4540 est
319 4468 541 4560 baptismatis
565 4474 781 4538 sacramento
800 4494 815 4530 n
834 4465 887 4534 Ib.
903 4489 933 4535 c.
949 4468 982 4534 7.
