3224 5068
426 379 428 382 -
520 335 700 394 -347-

27 437 47 504 l.
69 437 147 505 XX.
172 463 215 508 n.
233 439 289 507 63.
318 437 372 508 ed.
399 437 512 507 Maur.
543 467 559 503 a
578 439 754 522 Quomodo
777 440 902 528 (Deus)
926 445 983 510 est
1006 440 1201 530 praescius,

25 545 151 633 inquit,
179 544 270 613 dum
292 543 394 612 nulla
417 546 492 622 nisi¹
511 567 600 638 quse
623 546 747 612 futura
771 551 867 630 sunt,
893 545 1151 635 pr·sesoiantur;
1169 551 1204 614 et

24 650 160 734 scimus,
180 651 272 740 quia
288 651 360 720 Deo
385 653 547 722 futurum
571 651 662 719 nihil
686 657 752 737 est,
772 667 852 718 anto
867 655 963 718 onias
978 653 1090 719 oculos
1107 673 1202 742 prse-

22 758 122 824 terita
145 757 259 826 nulla
288 764 398 844 sunt,
423 760 624 849 praesentia
646 783 716 826 non
749 765 960 846 transeunt,
987 761 1111 828 futura
1134 783 1202 827 non

23 865 180 953 veniunt;
203 867 335 958 quippe
350 868 433 958 qnia
456 889 566 952 omns,
586 868 676 958 quod
701 868 801 936 nobis
824 869 896 937 fuit
918 875 954 938 et
976 868 1057 951 erit,
1077 870 1115 934 in
1131 871 1202 934 cias

21 989 197 1062 conspectu
224 980 365 1065 praesto
387 981 454 1060 est,
473 980 510 1044 et
524 995 621 1042 omne
644 975 735 1065 quod
758 997 921 1064 praesens
944 981 1009 1060 est,
1028 977 1114 1040 scire
1127 981 1202 1064 pot-

23 1089 70 1148 est
91 1083 222 1171 potius
246 1106 350 1174 quam
368 1086 544 1173 praescire
546 1133 646 1150 .......
671 1082 721 1150 Et
743 1083 827 1174 quia
849 1105 889 1152 ea
912 1105 1000 1178 quae
1023 1083 1123 1150 nobis
1148 1084 1201 1150 fu·

21 1195 97 1254 tura
120 1195 237 1274 sunt,
264 1189 381 1274 videt,
408 1211 495 1281 qnae
525 1195 642 1257 tamen
672 1189 742 1279 ipsi
772 1213 904 1279 semper
934 1195 1073 1280 praesto
1097 1194 1200 1273 sunt,

19 1299 196 1382 messias
221 1295 367 1383 dicitur;
386 1297 547 1387 quamvis
563 1317 781 1387 nequaquam
798 1296 958 1363 futurum
983 1295 1199 1385 praevideat,

23 1403 105 1492 quod
129 1425 306 1493 praesens
330 1403 440 1472 videt.
465 1404 555 1473 Nam
578 1407 615 1472 et
637 1424 793 1494 quaeque
816 1409 912 1486 sunt,
938 1425 1008 1471 non
1031 1403 1068 1470 in
1091 1410 1203 1472 aeter·

24 1510 130 1578 nitate
156 1512 242 1580 eius
265 1511 342 1580 ideo
366 1511 552 1596 videntur,
579 1512 662 1603 quia
686 1510 768 1597 (iam
792 1514 889 1596 actu)
913 1515 1016 1594 sunt,
1043 1511 1103 1580 sod
1125 1511 1203 1580 ideo

23 1616 228 1698 (infallibili
252 1619 515 1710 consequentia)
538 1618 737 1711 suntquis
759 1617 928 1686 videntur
944 1617 1052 1706 (1)....
1074 1617 1118 1686 In
1140 1617 1204 1684 illo

24 1720 106 1786 enim
130 1745 201 1791 neo
218 1722 413 1812 praeterita
428 1745 491 1791 nec
508 1724 633 1790 futura
655 1721 804 1812 reperiri
827 1728 973 1811 queunt,
992 1723 1053 1791 sed
1076 1726 1204 1791 cuncta

25 1830 210 1898 mutabilia
233 1830 502 1900 immutabiliter
525 1830 676 1914 durant,
703 1835 739 1900 et
761 1851 849 1921 quae
873 1833 911 1894 in
934 1855 968 1897 se
990 1834 1078 1922 ipsis
1093 1829 1203 1898 vsimul

26 1939 165 2004 existere
188 1962 261 2004 non
288 1955 453 2028 possunt,
479 1938 537 2007 illi
560 1938 666 2008 simul
696 1939 812 2007 omnia
834 1938 1021 2007 assistunt.
1047 1966 1063 2002 n
1089 1939 1147 2006 Ita
1168 1944 1204 2006 et

27 2043 191 2114 Boethius
218 2047 260 2116 de
284 2046 423 2116 Consol.
438 2047 464 2115 l.
482 2049 529 2117 V.
541 2069 635 2137 pros.
650 2047 683 2115 6.
698 2052 734 2116 et
748 2046 938 2115 Anselmus
961 2047 1003 2115 de
1023 2069 1107 2116 casu
1130 2045 1203 2114 die-

28 2151 87 2218 boli
110 2177 142 2222 c.
158 2153 222 2221 21.
241 2153 425 2223 seientiam
442 2155 561 2244 potius
578 2177 679 2246 quam
696 2155 962 2245 praescientiam
978 2154 1017 2222 in
1033 2155 1105 2223 Deo
1128 2175 1203 2222 esse

29 2258 144 2328 docent
163 2261 259 2345 ideo,
278 2261 364 2353 quia
382 2290 398 2326 a
414 2261 564 2330 scientia
578 2262 654 2331 eius
670 2261 813 2330 infinita
829 2261 1013 2352 praeteriti
1029 2283 1069 2330 ac
1088 2262 1203 2330 futuri

29 2369 134 2456 spatia
158 2368 396 2459 complectens
419 2370 546 2454 omnia,
572 2372 676 2462 qnasi
698 2372 769 2435 iam
791 2383 972 2459 parantur,
990 2371 1029 2434 in
1051 2369 1204 2458 simplici

30 2479 222 2560 capnitione
244 2475 479 2544 considerat.»
500 2478 571 2562 Qui
587 2479 691 2568 plura
715 2476 903 2560 desiderat,
921 2475 1019 2564 legat
1032 2475 1203 2544 Didacum

31 2575 109 2644 Ruit
133 2580 178 2648 de
204 2580 356 2650 seientia
378 2581 445 2649 Dei
467 2581 560 2673 disp.
575 2582 631 2650 28.
644 2587 728 2650 sect.
743 2580 777 2648 4.
793 2586 828 2648 et
842 2580 933 2670 disp.
948 2579 1004 2647 25.
1019 2585 1103 2648 sect.
1121 2579 1156 2648 4.

85 2686 182 2758 Haec
200 2688 322 2780 itaque
339 2695 434 2776 sunt,
450 2713 539 2782 qnae
551 2691 676 2758 Patres
692 2688 922 2757 disertissime
938 2687 1075 2755 docent:
1095 2689 1130 2772 a)
1147 2708 1203 2756 res

31 2793 274 2882 saponarias,
301 2795 334 2864 si
360 2825 376 2861 a
399 2799 436 2862 in
460 2821 495 2864 se
518 2801 625 2887 ipsis,
649 2793 830 2864 secandam
853 2796 1080 2876 creationem,
1105 2795 1143 2858 in
1168 2816 1202 2858 eo

34 2897 114 2981 qaod
137 2897 310 2966 creandae
332 2915 425 2984 sant,
451 2903 489 2966 in
514 2902 634 2969 ordine
658 2900 897 2990 temporalium
919 2913 1201 2978 creaturarum,r

32 2997 62 3067 h.
79 3026 107 3072 e.
129 3007 170 3073 in
196 3007 287 3076 reali
309 3009 502 3078 existentia
525 3013 748 3098 spectentur,
775 3030 844 3075 non
868 3007 1070 3076 coexistunt
1093 3010 1202 3072 aeter-

33 3105 127 3176 nitati
151 3111 322 3197 divinae,
347 3111 418 3180 nisi
450 3113 588 3203 quando
611 3111 681 3179 iam
714 3111 875 3179 existunt
896 3109 935 3176 in
959 3133 996 3178 se
1020 3109 1120 3198 ipsis.
1152 3109 1204 3176 At

35 3229 104 3279 vero
120 3216 154 3301 b)
171 3215 205 3284 si
228 3223 384 3306 tempora
405 3221 443 3286 et
465 3237 554 3307 quae
576 3215 715 3284 suntin
731 3220 896 3304 tempore,
923 3213 1200 3296 considerentur,

34 3317 67 3378 ut
81 3318 236 3388 subsunt
253 3318 345 3386 aDei
361 3321 537 3401 scientiae,
555 3321 674 3400 oeulis,
693 3321 897 3408 conspectui,
915 3316 1072 3400 consilio,
1091 3315 1202 3406 dispo-

35 3421 157 3508 sitioni,
177 3429 464 3515 praeparationi,
490 3426 755 3516 dispensationi,
776 3429 971 3515 potestati,
991 3427 1204 3514 praescienti

36 3527 236 3615 efficientias
259 3559 297 3617 r,
331 3532 384 3602 ita
414 3533 531 3602 omnia
558 3541 715 3624 tempora
744 3539 781 3603 et
811 3555 899 3626 quac
928 3533 1021 3600 fiunt
1051 3535 1088 3600 in
1119 3539 1202 3600 tem·

36 3653 116 3719 pore,
140 3641 184 3706 ab
207 3647 350 3709 aeterno
366 3647 402 3709 et
417 3642 533 3710 eodem
557 3663 691 3731 semper
714 3641 813 3710 modo
837 3641 943 3709 simul
967 3641 1082 3708 omnia
1105 3660 1202 3729 pree·

37 3743 135 3811 sentia
157 3751 245 3815 sunt
268 3747 438 3816 scientias
461 3770 502 3815 ac
526 3747 695 3847 potestati
718 3748 805 3832 Dei,
831 3754 937 3839 atque
960 3770 1002 3814 ex
1027 3751 1127 3835 parte
1151 3744 1202 3811 di-

39 3844 125 3918 vinae
147 3853 299 3922 virtutis
316 3859 354 3921 et
369 3853 575 3948 efficientias
599 3855 668 3922 ism
686 3855 794 3940 faeta,
815 3855 884 3921 iam
901 3859 1019 3922 creata
1035 3856 1121 3918 sunt
1137 3850 1199 3938 (2),

40 3955 106 4040 quit
126 3981 245 4028 eorum
268 3961 493 4052 praeparatio
515 3961 588 4031 Deo
617 3967 673 4032 est
705 3967 900 4030 coaeterna.
934 3959 1034 4027 Unde
1058 3961 1088 4045 c)
1113 3957 1201 4026 obie-

93 4151 129 4225 (1)
146 4158 188 4211 De
209 4158 263 4211 hac
283 4158 415 4224 Gregorii
435 4158 582 4212 sententia
602 4157 728 4212 inferius
750 4157 887 4213 dicemus.

93 4241 129 4316 (2)
143 4267 155 4294 a
168 4247 313 4310 Quomodo
326 4263 393 4314 ergo
415 4248 598 4315 factasunt,
620 4263 692 4315 quae
714 4249 813 4301 futura
833 4249 912 4314 sunt,
935 4245 994 4299 nisi
1016 4247 1085 4314 qula
1107 4261 1201 4312 opera-

44 4329 105 4383 2⁰rit
124 4338 213 4390 cirrus
232 4346 258 4390 ct
281 4339 402 4390 scicntia
423 4337 639 4406 comprehendit
666 4353 815 4391 numerum
843 4335 965 4390 omnium
995 4337 1197 4390 saeculorum„

45 4415 151 4482 moros.
165 4425 200 4480 ds
210 4425 277 4480 rid.
296 4425 332 4482 ad
351 4428 483 4484 Gratias.
497 4429 520 4482 1.
531 4429 567 4484 V.
582 4443 606 4481 c.
619 4426 664 4481 16.
679 4428 756 4482 al.‘l.
